{"jsonrpc": "2.0", "method": "subscription", "params": {"channel": "book.ETH-18APR25.none.20.100ms", "data": {"timestamp": 1743989363810, "change_id": 64652171931, "instrument_name": "ETH-18APR25", "bids": [[1609.5, 1047.0], [1609.25, 6586.0], [1609.0, 10000.0], [1608.75, 227.0], [1608.5, 1000.0], [1605.25, 1326.0], [1605.0, 2730.0], [1604.25, 6893.0], [1604.0, 41346.0], [1602.25, 6300.0], [1602.0, 1344.0], [1601.25, 1346.0], [1600.75, 2691.0], [1600.25, 42396.0], [1600.0, 38154.0], [1599.75, 37848.0], [1599.0, 1377.0], [1598.25, 41344.0], [1597.5, 40000.0], [1596.25, 1321.0]], "asks": [[1610.25, 3643.0], [1610.5, 17101.0], [1610.75, 7733.0], [1611.0, 16109.0], [1613.25, 227.0], [1613.5, 1363.0], [1615.25, 1344.0], [1615.5, 41341.0], [1616.0, 1350.0], [1618.25, 1327.0], [1618.75, 7576.0], [1619.0, 41377.0], [1619.25, 36586.0], [1620.0, 1344.0], [1620.25, 20249.0], [1620.5, 38515.0], [1621.0, 1354.0], [1621.5, 40000.0], [1625.25, 1359.0], [1625.5, 6908.0]]}}}
{"jsonrpc": "2.0", "method": "subscription", "params": {"channel": "book.ETH-11APR25.none.20.100ms", "data": {"timestamp": 1743989364124, "change_id": 64652172753, "instrument_name": "ETH-11APR25", "bids": [[1609.25, 8590.0], [1609.0, 16729.0], [1608.75, 10597.0], [1608.5, 12081.0], [1608.25, 19084.0], [1606.5, 651.0], [1606.25, 3189.0], [1606.0, 31233.0], [1605.75, 92190.0], [1604.5, 455.0], [1603.75, 40000.0], [1603.5, 2150.0], [1603.25, 7748.0], [1602.25, 24806.0], [1602.0, 180000.0], [1601.75, 2102.0], [1601.5, 25477.0], [1601.0, 2128.0], [1600.5, 2168.0], [1600.25, 27836.0]], "asks": [[1609.75, 1664.0], [1610.0, 10177.0], [1610.25, 13905.0], [1610.5, 7878.0], [1610.75, 8208.0], [1611.0, 8092.0], [1611.25, 7046.0], [1611.5, 2632.0], [1611.75, 2109.0], [1612.75, 2128.0], [1613.0, 90000.0], [1613.75, 415.0], [1615.25, 2193.0], [1615.5, 40000.0], [1615.75, 2181.0], [1617.25, 415.0], [1617.5, 15011.0], [1617.75, 2146.0], [1618.0, 205227.0], [1618.25, 2128.0]]}}}
{"jsonrpc": "2.0", "method": "subscription", "params": {"channel": "book.ETH-18APR25.none.20.100ms", "data": {"timestamp": 1743989364126, "change_id": 64652172704, "instrument_name": "ETH-18APR25", "bids": [[1609.75, 3742.0], [1609.5, 3127.0], [1609.0, 13586.0], [1607.75, 1000.0], [1605.25, 1553.0], [1605.0, 2730.0], [1604.25, 6893.0], [1604.0, 41346.0], [1602.0, 1344.0], [1601.75, 6300.0], [1601.25, 1346.0], [1600.75, 2691.0], [1600.25, 42396.0], [1600.0, 38154.0], [1599.75, 37848.0], [1599.0, 1377.0], [1598.25, 41344.0], [1597.5, 40000.0], [1596.25, 1321.0], [1594.0, 37778.0]], "asks": [[1610.25, 13586.0], [1610.5, 2900.0], [1610.75, 2900.0], [1613.25, 227.0], [1613.5, 1363.0], [1615.25, 1344.0], [1615.5, 41341.0], [1616.0, 1350.0], [1618.25, 1327.0], [1618.75, 7576.0], [1619.0, 41377.0], [1619.25, 36586.0], [1620.0, 1344.0], [1620.25, 20249.0], [1620.5, 38515.0], [1621.0, 1354.0], [1621.5, 40000.0], [1625.25, 1359.0], [1625.5, 6908.0], [1625.75, 38433.0]]}}}
{"jsonrpc": "2.0", "method": "subscription", "params": {"channel": "book.ETH-11APR25.none.20.100ms", "data": {"timestamp": 1743989364525, "change_id": 64652173256, "instrument_name": "ETH-11APR25", "bids": [[1609.0, 12429.0], [1608.75, 11997.0], [1608.5, 12081.0], [1608.25, 19084.0], [1606.5, 651.0], [1606.25, 2597.0], [1606.0, 29847.0], [1605.75, 92190.0], [1604.5, 455.0], [1603.75, 40000.0], [1603.5, 2150.0], [1603.25, 7748.0], [1602.5, 3488.0], [1602.25, 24806.0], [1602.0, 180000.0], [1601.75, 2102.0], [1601.5, 25477.0], [1601.0, 2128.0], [1600.5, 2168.0], [1600.25, 27836.0]], "asks": [[1609.75, 1664.0], [1610.0, 10177.0], [1610.25, 13905.0], [1610.5, 7878.0], [1610.75, 8208.0], [1611.0, 8092.0], [1611.25, 7046.0], [1611.5, 2632.0], [1611.75, 2109.0], [1612.75, 2128.0], [1613.0, 90000.0], [1613.75, 415.0], [1615.25, 2193.0], [1615.5, 40000.0], [1615.75, 2181.0], [1617.25, 415.0], [1617.5, 15011.0], [1617.75, 2146.0], [1618.0, 205227.0], [1618.25, 2128.0]]}}}
{"jsonrpc": "2.0", "method": "subscription", "params": {"channel": "book.ETH-18APR25.none.20.100ms", "data": {"timestamp": 1743989364462, "change_id": 64652173230, "instrument_name": "ETH-18APR25", "bids": [[1609.75, 842.0], [1609.5, 3742.0], [1609.25, 6976.0], [1609.0, 13586.0], [1608.0, 227.0], [1607.75, 1000.0], [1605.25, 1553.0], [1605.0, 2730.0], [1604.25, 6893.0], [1604.0, 41346.0], [1602.0, 1344.0], [1601.75, 6300.0], [1601.25, 1346.0], [1600.75, 2691.0], [1600.25, 42396.0], [1600.0, 38154.0], [1599.75, 37848.0], [1599.0, 1377.0], [1598.25, 41344.0], [1597.5, 40000.0]], "asks": [[1610.25, 17335.0], [1610.5, 12497.0], [1613.25, 227.0], [1613.5, 1363.0], [1615.25, 1344.0], [1615.5, 41341.0], [1616.0, 1350.0], [1618.25, 1327.0], [1618.75, 7576.0], [1619.0, 41377.0], [1619.25, 36586.0], [1620.0, 1344.0], [1620.25, 20249.0], [1620.5, 38515.0], [1621.0, 1354.0], [1621.5, 40000.0], [1625.25, 1359.0], [1625.5, 6908.0], [1625.75, 38433.0], [1628.25, 1358.0]]}}}
{"jsonrpc": "2.0", "method": "subscription", "params": {"channel": "book.ETH-11APR25.none.20.100ms", "data": {"timestamp": 1743989364793, "change_id": 64652174273, "instrument_name": "ETH-11APR25", "bids": [[1609.0, 4931.0], [1608.75, 7726.0], [1608.5, 25361.0], [1608.25, 19084.0], [1606.5, 427.0], [1606.25, 2597.0], [1606.0, 29847.0], [1605.75, 92190.0], [1604.5, 455.0], [1603.75, 40000.0], [1603.5, 2150.0], [1603.25, 7748.0], [1602.5, 3488.0], [1602.25, 24806.0], [1602.0, 180000.0], [1601.75, 2102.0], [1601.25, 25477.0], [1601.0, 2128.0], [1600.5, 2168.0], [1600.25, 27836.0]], "asks": [[1609.5, 5867.0], [1609.75, 24386.0], [1610.0, 12102.0], [1610.25, 2102.0], [1610.5, 6436.0], [1610.75, 6409.0], [1611.0, 6412.0], [1611.25, 6412.0], [1611.5, 2112.0], [1611.75, 2109.0], [1612.75, 2128.0], [1613.0, 90000.0], [1613.75, 415.0], [1615.25, 2193.0], [1615.5, 40000.0], [1615.75, 2181.0], [1617.25, 415.0], [1617.5, 15011.0], [1617.75, 2146.0], [1618.0, 205227.0]]}}}
{"jsonrpc": "2.0", "method": "subscription", "params": {"channel": "book.ETH-18APR25.none.20.100ms", "data": {"timestamp": 1743989364652, "change_id": 64652173886, "instrument_name": "ETH-18APR25", "bids": [[1609.5, 3742.0], [1609.25, 2900.0], [1609.0, 1076.0], [1608.75, 3813.0], [1608.5, 10000.0], [1607.75, 1000.0], [1605.25, 1326.0], [1605.0, 2730.0], [1604.25, 6893.0], [1604.0, 41346.0], [1602.0, 7644.0], [1601.25, 1346.0], [1600.75, 2691.0], [1600.25, 42396.0], [1600.0, 38154.0], [1599.75, 37848.0], [1599.0, 1377.0], [1598.25, 41344.0], [1597.5, 40000.0], [1596.25, 1321.0]], "asks": [[1610.0, 12900.0], [1610.25, 3586.0], [1610.5, 12497.0], [1613.5, 1363.0], [1615.25, 1344.0], [1615.5, 41341.0], [1616.0, 1350.0], [1618.25, 1327.0], [1618.75, 7576.0], [1619.0, 41377.0], [1619.25, 36586.0], [1620.0, 1344.0], [1620.25, 20249.0], [1620.5, 38515.0], [1621.0, 1354.0], [1621.5, 40000.0], [1625.25, 1359.0], [1625.5, 6908.0], [1625.75, 38433.0], [1628.25, 1358.0]]}}}
{"jsonrpc": "2.0", "method": "subscription", "params": {"channel": "book.ETH-11APR25.none.20.100ms", "data": {"timestamp": 1743989365082, "change_id": 64652174806, "instrument_name": "ETH-11APR25", "bids": [[1609.0, 631.0], [1608.75, 7726.0], [1608.5, 25361.0], [1608.25, 19084.0], [1606.5, 427.0], [1606.25, 2597.0], [1606.0, 29847.0], [1605.75, 92190.0], [1604.5, 455.0], [1603.75, 40000.0], [1603.5, 2150.0], [1603.25, 7748.0], [1602.5, 3488.0], [1602.25, 24806.0], [1602.0, 180000.0], [1601.75, 2102.0], [1601.25, 25477.0], [1601.0, 2128.0], [1600.5, 2168.0], [1600.25, 27836.0]], "asks": [[1609.5, 5867.0], [1609.75, 24386.0], [1610.0, 12733.0], [1610.25, 3905.0], [1610.5, 7878.0], [1610.75, 8333.0], [1611.0, 8336.0], [1611.25, 7046.0], [1611.5, 2539.0], [1611.75, 2109.0], [1612.75, 2128.0], [1613.0, 90000.0], [1613.75, 415.0], [1615.25, 2193.0], [1615.5, 40000.0], [1615.75, 2181.0], [1617.25, 415.0], [1617.5, 15011.0], [1617.75, 2146.0], [1618.0, 205227.0]]}}}
{"jsonrpc": "2.0", "method": "subscription", "params": {"channel": "book.ETH-18APR25.none.20.100ms", "data": {"timestamp": 1743989364982, "change_id": 64652174578, "instrument_name": "ETH-18APR25", "bids": [[1609.5, 3742.0], [1609.25, 2900.0], [1609.0, 1076.0], [1608.75, 6558.0], [1608.5, 10000.0], [1608.0, 227.0], [1607.75, 1000.0], [1605.25, 1326.0], [1605.0, 2730.0], [1604.25, 6893.0], [1604.0, 41346.0], [1602.0, 7644.0], [1601.25, 1346.0], [1600.75, 2691.0], [1600.25, 42396.0], [1600.0, 38154.0], [1599.75, 37848.0], [1599.0, 1377.0], [1598.25, 41344.0], [1597.5, 40000.0]], "asks": [[1610.0, 13976.0], [1610.25, 7335.0], [1610.5, 12497.0], [1613.25, 227.0], [1613.5, 1363.0], [1615.25, 1344.0], [1615.5, 41341.0], [1616.0, 1350.0], [1618.25, 1327.0], [1618.75, 7576.0], [1619.0, 41377.0], [1619.25, 36586.0], [1620.0, 1344.0], [1620.25, 20249.0], [1620.5, 38515.0], [1621.0, 1354.0], [1621.5, 40000.0], [1625.25, 1359.0], [1625.5, 6908.0], [1625.75, 38433.0]]}}}
{"jsonrpc": "2.0", "method": "subscription", "params": {"channel": "book.ETH-18APR25.none.20.100ms", "data": {"timestamp": 1743989365420, "change_id": 64652175258, "instrument_name": "ETH-18APR25", "bids": [[1609.5, 842.0], [1609.25, 2900.0], [1609.0, 1076.0], [1608.75, 6558.0], [1608.5, 10000.0], [1608.0, 227.0], [1607.75, 1000.0], [1605.25, 1326.0], [1605.0, 2730.0], [1604.25, 6893.0], [1604.0, 41346.0], [1602.0, 7644.0], [1600.75, 2691.0], [1600.25, 42396.0], [1600.0, 38154.0], [1599.75, 37848.0], [1599.0, 1377.0], [1598.25, 41344.0], [1597.5, 40000.0], [1596.25, 1321.0]], "asks": [[1610.0, 13976.0], [1610.25, 7335.0], [1610.5, 12497.0], [1612.0, 870.0], [1612.25, 2900.0], [1612.5, 227.0], [1612.75, 1363.0], [1615.25, 1344.0], [1615.5, 41341.0], [1616.0, 1350.0], [1618.25, 1327.0], [1618.75, 7576.0], [1619.0, 41377.0], [1619.25, 36586.0], [1620.0, 1344.0], [1620.25, 20249.0], [1620.5, 38515.0], [1621.0, 1354.0], [1621.5, 40000.0], [1625.25, 1359.0]]}}}
{"jsonrpc": "2.0", "method": "subscription", "params": {"channel": "book.ETH-11APR25.none.20.100ms", "data": {"timestamp": 1743989366065, "change_id": 64652176322, "instrument_name": "ETH-11APR25", "bids": [[1609.0, 4931.0], [1608.75, 7726.0], [1608.5, 25361.0], [1608.25, 19084.0], [1606.5, 427.0], [1606.25, 2597.0], [1606.0, 29847.0], [1605.75, 92190.0], [1604.5, 455.0], [1603.75, 40000.0], [1603.5, 2150.0], [1603.25, 7748.0], [1602.5, 3488.0], [1602.25, 24806.0], [1602.0, 180000.0], [1601.75, 2102.0], [1601.0, 27605.0], [1600.5, 2168.0], [1600.25, 27836.0], [1600.0, 2190.0]], "asks": [[1609.5, 5867.0], [1609.75, 24386.0], [1610.0, 13733.0], [1610.25, 3905.0], [1610.5, 6878.0], [1610.75, 8333.0], [1611.0, 8336.0], [1611.25, 7046.0], [1611.5, 2112.0], [1612.75, 2128.0], [1613.0, 90000.0], [1613.75, 415.0], [1615.25, 2193.0], [1615.5, 40000.0], [1615.75, 2181.0], [1617.25, 415.0], [1617.5, 15011.0], [1617.75, 2146.0], [1618.0, 205227.0], [1618.25, 2128.0]]}}}
{"jsonrpc": "2.0", "method": "subscription", "params": {"channel": "book.ETH-18APR25.none.20.100ms", "data": {"timestamp": 1743989365986, "change_id": 64652176410, "instrument_name": "ETH-18APR25", "bids": [[1609.5, 842.0], [1609.25, 2900.0], [1609.0, 1076.0], [1608.75, 6558.0], [1608.5, 10000.0], [1608.0, 227.0], [1607.75, 1000.0], [1605.25, 1326.0], [1605.0, 2730.0], [1604.25, 6893.0], [1604.0, 41346.0], [1602.0, 1344.0], [1601.75, 6300.0], [1600.75, 2691.0], [1600.25, 42396.0], [1600.0, 38154.0], [1599.75, 37848.0], [1599.0, 1377.0], [1598.25, 41344.0], [1597.5, 40000.0]], "asks": [[1610.0, 16486.0], [1612.0, 870.0], [1612.25, 2900.0], [1612.5, 227.0], [1612.75, 1363.0], [1615.25, 1344.0], [1615.5, 41341.0], [1616.0, 1350.0], [1618.25, 1327.0], [1618.75, 7576.0], [1619.0, 60300.0], [1619.25, 36586.0], [1620.0, 1344.0], [1620.25, 1326.0], [1620.5, 38515.0], [1621.0, 1354.0], [1621.5, 40000.0], [1625.25, 1359.0], [1625.5, 6908.0], [1625.75, 38433.0]]}}}
{"jsonrpc": "2.0", "method": "subscription", "params": {"channel": "book.ETH-11APR25.none.20.100ms", "data": {"timestamp": 1743989366373, "change_id": 64652176679, "instrument_name": "ETH-11APR25", "bids": [[1609.0, 1602.0], [1608.75, 11226.0], [1608.5, 25361.0], [1608.25, 19084.0], [1606.5, 427.0], [1606.25, 2597.0], [1606.0, 29847.0], [1605.75, 92190.0], [1604.5, 455.0], [1603.75, 40000.0], [1603.5, 2150.0], [1603.25, 7748.0], [1602.5, 3488.0], [1602.25, 24806.0], [1602.0, 180000.0], [1601.75, 2102.0], [1601.0, 27605.0], [1600.5, 2168.0], [1600.25, 27836.0], [1600.0, 2190.0]], "asks": [[1609.5, 5867.0], [1609.75, 24386.0], [1610.0, 13733.0], [1610.25, 3905.0], [1610.5, 6878.0], [1610.75, 8333.0], [1611.0, 8336.0], [1611.25, 7046.0], [1611.5, 2112.0], [1612.75, 2128.0], [1613.0, 90000.0], [1613.75, 415.0], [1615.25, 2193.0], [1615.5, 40000.0], [1615.75, 2181.0], [1617.25, 415.0], [1617.5, 15011.0], [1617.75, 2146.0], [1618.0, 205227.0], [1618.25, 2128.0]]}}}
{"jsonrpc": "2.0", "method": "subscription", "params": {"channel": "book.ETH-18APR25.none.20.100ms", "data": {"timestamp": 1743989366406, "change_id": 64652176689, "instrument_name": "ETH-18APR25", "bids": [[1609.5, 842.0], [1609.25, 2900.0], [1609.0, 1076.0], [1608.75, 6558.0], [1608.5, 10000.0], [1608.0, 227.0], [1607.75, 1000.0], [1605.25, 1326.0], [1605.0, 2730.0], [1604.25, 6893.0], [1604.0, 41346.0], [1602.0, 1344.0], [1601.75, 6300.0], [1600.75, 2691.0], [1600.25, 42396.0], [1600.0, 38154.0], [1599.75, 37848.0], [1599.0, 1377.0], [1598.25, 41344.0], [1597.5, 40000.0]], "asks": [[1610.0, 13586.0], [1612.0, 870.0], [1612.25, 2900.0], [1612.5, 227.0], [1612.75, 1363.0], [1615.25, 1344.0], [1615.5, 41341.0], [1616.0, 1350.0], [1618.25, 1327.0], [1618.75, 7576.0], [1619.0, 60300.0], [1619.25, 36586.0], [1620.0, 1344.0], [1620.25, 1326.0], [1620.5, 38515.0], [1621.0, 1354.0], [1621.5, 40000.0], [1625.25, 1359.0], [1625.5, 6908.0], [1625.75, 38433.0]]}}}
{"jsonrpc": "2.0", "method": "subscription", "params": {"channel": "book.ETH-11APR25.none.20.100ms", "data": {"timestamp": 1743989366561, "change_id": 64652176741, "instrument_name": "ETH-11APR25", "bids": [[1609.0, 1602.0], [1608.75, 11226.0], [1608.5, 25361.0], [1608.25, 19084.0], [1606.5, 427.0], [1606.25, 2597.0], [1606.0, 29847.0], [1605.75, 92190.0], [1604.5, 455.0], [1603.75, 40000.0], [1603.5, 2150.0], [1603.25, 7748.0], [1602.5, 3488.0], [1602.25, 24806.0], [1602.0, 180000.0], [1601.75, 2102.0], [1601.0, 27605.0], [1600.5, 2168.0], [1600.25, 27836.0], [1600.0, 2190.0]], "asks": [[1609.5, 5867.0], [1609.75, 24386.0], [1610.0, 13733.0], [1610.25, 3905.0], [1610.5, 6878.0], [1610.75, 8333.0], [1611.0, 10916.0], [1611.25, 7046.0], [1611.5, 2112.0], [1612.75, 2128.0], [1613.0, 90000.0], [1613.75, 415.0], [1615.25, 2193.0], [1615.5, 40000.0], [1615.75, 2181.0], [1617.25, 415.0], [1617.5, 15011.0], [1617.75, 2146.0], [1618.0, 205227.0], [1618.25, 2128.0]]}}}
{"jsonrpc": "2.0", "method": "subscription", "params": {"channel": "book.ETH-18APR25.none.20.100ms", "data": {"timestamp": 1743989366634, "change_id": 64652176889, "instrument_name": "ETH-18APR25", "bids": [[1609.5, 842.0], [1609.25, 2900.0], [1609.0, 1076.0], [1608.75, 6558.0], [1608.5, 10000.0], [1608.0, 227.0], [1607.75, 1000.0], [1605.25, 1326.0], [1605.0, 2730.0], [1604.25, 6893.0], [1604.0, 41346.0], [1602.0, 1344.0], [1601.75, 6300.0], [1600.75, 2691.0], [1600.25, 42396.0], [1600.0, 38154.0], [1599.75, 37848.0], [1599.0, 1377.0], [1598.25, 41344.0], [1597.5, 40000.0]], "asks": [[1610.0, 14867.0], [1610.25, 4269.0], [1612.0, 870.0], [1612.25, 2900.0], [1612.5, 227.0], [1612.75, 1363.0], [1615.25, 1344.0], [1615.5, 41341.0], [1616.0, 1350.0], [1618.25, 1327.0], [1618.75, 7576.0], [1619.0, 60300.0], [1619.25, 36586.0], [1620.0, 1344.0], [1620.25, 1326.0], [1620.5, 38515.0], [1621.0, 1354.0], [1621.5, 40000.0], [1625.25, 1359.0], [1625.5, 6908.0]]}}}
{"jsonrpc": "2.0", "method": "subscription", "params": {"channel": "book.ETH-11APR25.none.20.100ms", "data": {"timestamp": 1743989367107, "change_id": 64652177630, "instrument_name": "ETH-11APR25", "bids": [[1608.75, 9124.0], [1608.5, 25361.0], [1608.25, 19084.0], [1606.5, 427.0], [1606.25, 2597.0], [1606.0, 29847.0], [1605.75, 92190.0], [1604.5, 455.0], [1603.75, 40000.0], [1603.5, 2150.0], [1603.25, 7748.0], [1602.5, 3488.0], [1602.25, 24806.0], [1602.0, 180000.0], [1601.75, 2102.0], [1601.0, 27605.0], [1600.5, 2168.0], [1600.25, 27836.0], [1600.0, 2190.0], [1599.5, 52189.0]], "asks": [[1609.5, 8509.0], [1609.75, 31686.0], [1610.0, 3733.0], [1610.25, 3905.0], [1610.5, 6878.0], [1610.75, 8333.0], [1611.0, 10916.0], [1611.25, 7046.0], [1611.5, 2112.0], [1612.75, 2128.0], [1613.0, 90000.0], [1613.75, 415.0], [1615.25, 2193.0], [1615.5, 40000.0], [1615.75, 2181.0], [1617.25, 415.0], [1617.5, 15011.0], [1617.75, 2146.0], [1618.0, 205227.0], [1618.25, 2128.0]]}}}
{"jsonrpc": "2.0", "method": "subscription", "params": {"channel": "book.ETH-18APR25.none.20.100ms", "data": {"timestamp": 1743989367109, "change_id": 64652177642, "instrument_name": "ETH-18APR25", "bids": [[1609.25, 2900.0], [1609.0, 1076.0], [1608.75, 6558.0], [1608.5, 10000.0], [1608.0, 227.0], [1607.75, 1000.0], [1605.25, 1326.0], [1605.0, 2730.0], [1604.25, 6893.0], [1604.0, 41346.0], [1602.0, 1344.0], [1601.75, 6300.0], [1600.75, 2691.0], [1600.25, 42396.0], [1600.0, 38154.0], [1599.75, 37848.0], [1599.0, 1377.0], [1598.25, 41344.0], [1597.5, 40000.0], [1596.25, 1321.0]], "asks": [[1609.75, 12900.0], [1610.0, 4867.0], [1610.25, 4269.0], [1612.0, 870.0], [1612.25, 2900.0], [1612.5, 227.0], [1612.75, 1363.0], [1615.25, 1344.0], [1615.5, 41341.0], [1616.0, 1350.0], [1618.25, 1327.0], [1618.75, 7576.0], [1619.0, 60300.0], [1619.25, 36586.0], [1620.0, 1344.0], [1620.25, 1326.0], [1620.5, 38515.0], [1621.0, 1354.0], [1621.5, 40000.0], [1625.25, 1359.0]]}}}
{"jsonrpc": "2.0", "method": "subscription", "params": {"channel": "book.ETH-11APR25.none.20.100ms", "data": {"timestamp": 1743989367360, "change_id": 64652178075, "instrument_name": "ETH-11APR25", "bids": [[1608.75, 9924.0], [1608.5, 25361.0], [1608.25, 19084.0], [1606.5, 427.0], [1606.25, 2597.0], [1606.0, 29847.0], [1605.75, 92190.0], [1604.5, 455.0], [1603.75, 40000.0], [1603.5, 2150.0], [1603.25, 7748.0], [1602.5, 3488.0], [1602.25, 24806.0], [1602.0, 180000.0], [1601.75, 2102.0], [1601.0, 27605.0], [1600.5, 2168.0], [1600.25, 27836.0], [1600.0, 2190.0], [1599.5, 52189.0]], "asks": [[1609.5, 8509.0], [1609.75, 31686.0], [1610.0, 3733.0], [1610.25, 3905.0], [1610.5, 6878.0], [1610.75, 8333.0], [1611.0, 10916.0], [1611.25, 7046.0], [1611.5, 2112.0], [1612.75, 2128.0], [1613.0, 90000.0], [1613.75, 415.0], [1615.25, 2193.0], [1615.5, 40000.0], [1615.75, 2181.0], [1617.25, 415.0], [1617.5, 15011.0], [1617.75, 2146.0], [1618.0, 205227.0], [1618.25, 2128.0]]}}}
{"jsonrpc": "2.0", "method": "subscription", "params": {"channel": "book.ETH-11APR25.none.20.100ms", "data": {"timestamp": 1743989367822, "change_id": 64652178880, "instrument_name": "ETH-11APR25", "bids": [[1609.0, 9942.0], [1608.75, 22988.0], [1608.5, 11774.0], [1608.25, 19084.0], [1606.5, 427.0], [1606.25, 2597.0], [1606.0, 29847.0], [1605.75, 92190.0], [1604.5, 455.0], [1603.75, 40000.0], [1603.5, 2150.0], [1603.25, 7748.0], [1602.5, 3488.0], [1602.25, 24806.0], [1602.0, 180000.0], [1601.75, 2102.0], [1601.0, 27605.0], [1600.5, 2168.0], [1600.25, 27836.0], [1600.0, 2190.0]], "asks": [[1609.75, 2017.0], [1610.0, 10241.0], [1610.25, 13905.0], [1610.5, 6878.0], [1610.75, 8333.0], [1611.0, 8336.0], [1611.25, 7046.0], [1611.5, 2112.0], [1612.75, 2128.0], [1613.0, 90000.0], [1613.75, 415.0], [1615.25, 2193.0], [1615.5, 40000.0], [1615.75, 2181.0], [1617.25, 415.0], [1617.5, 15011.0], [1617.75, 2146.0], [1618.0, 205227.0], [1618.25, 2128.0], [1619.0, 42112.0]]}}}
{"jsonrpc": "2.0", "method": "subscription", "params": {"channel": "book.ETH-18APR25.none.20.100ms", "data": {"timestamp": 1743989367798, "change_id": 64652178884, "instrument_name": "ETH-18APR25", "bids": [[1609.5, 3770.0], [1609.25, 3976.0], [1609.0, 6586.0], [1608.75, 10227.0], [1608.0, 227.0], [1607.75, 1000.0], [1605.25, 1326.0], [1605.0, 2730.0], [1604.25, 6893.0], [1604.0, 41346.0], [1602.0, 1344.0], [1601.75, 6300.0], [1600.75, 2691.0], [1600.25, 42396.0], [1600.0, 38154.0], [1599.75, 37848.0], [1599.0, 1377.0], [1598.25, 41344.0], [1597.5, 40000.0], [1596.25, 1321.0]], "asks": [[1610.0, 6948.0], [1610.25, 15345.0], [1610.5, 3586.0], [1612.0, 870.0], [1612.25, 2900.0], [1615.25, 1344.0], [1615.5, 41341.0], [1616.0, 1350.0], [1618.25, 1327.0], [1618.75, 7576.0], [1619.0, 60300.0], [1619.25, 36586.0], [1620.0, 1344.0], [1620.25, 1326.0], [1620.5, 38515.0], [1621.0, 1354.0], [1621.5, 40000.0], [1625.25, 1359.0], [1625.5, 6908.0], [1625.75, 38433.0]]}}}
{"jsonrpc": "2.0", "method": "subscription", "params": {"channel": "book.ETH-11APR25.none.20.100ms", "data": {"timestamp": 1743989368027, "change_id": 64652179342, "instrument_name": "ETH-11APR25", "bids": [[1609.0, 9942.0], [1608.75, 22988.0], [1608.5, 11774.0], [1608.25, 19084.0], [1606.5, 427.0], [1606.25, 2597.0], [1606.0, 29847.0], [1605.75, 92190.0], [1604.5, 455.0], [1603.75, 40000.0], [1603.5, 2150.0], [1603.25, 7748.0], [1602.5, 3488.0], [1602.25, 24806.0], [1602.0, 180000.0], [1601.75, 2102.0], [1601.0, 27605.0], [1600.5, 2168.0], [1600.25, 27836.0], [1600.0, 2190.0]], "asks": [[1609.75, 4890.0], [1610.0, 17320.0], [1610.25, 3905.0], [1610.5, 6878.0], [1610.75, 8333.0], [1611.0, 8336.0], [1611.25, 7046.0], [1611.5, 2112.0], [1612.75, 2128.0], [1613.0, 90000.0], [1613.75, 415.0], [1615.25, 2193.0], [1615.5, 40000.0], [1615.75, 2181.0], [1617.25, 415.0], [1617.5, 15011.0], [1617.75, 2146.0], [1618.0, 205227.0], [1618.25, 2128.0], [1619.0, 42112.0]]}}}
{"jsonrpc": "2.0", "method": "subscription", "params": {"channel": "book.ETH-18APR25.none.20.100ms", "data": {"timestamp": 1743989368119, "change_id": 64652179383, "instrument_name": "ETH-18APR25", "bids": [[1609.5, 3770.0], [1609.25, 3976.0], [1609.0, 6586.0], [1608.75, 10227.0], [1608.0, 227.0], [1607.75, 1000.0], [1605.25, 1326.0], [1605.0, 2730.0], [1604.25, 6893.0], [1604.0, 41346.0], [1602.0, 1344.0], [1601.75, 6300.0], [1600.75, 2691.0], [1600.25, 42396.0], [1600.0, 38154.0], [1599.75, 37848.0], [1599.0, 1377.0], [1598.25, 41344.0], [1597.5, 40000.0], [1596.25, 1321.0]], "asks": [[1610.0, 12900.0], [1610.25, 1076.0], [1610.5, 3586.0], [1612.0, 870.0], [1612.25, 2900.0], [1615.25, 1344.0], [1615.5, 41341.0], [1616.0, 1350.0], [1618.25, 1327.0], [1618.75, 7576.0], [1619.0, 60300.0], [1619.25, 36586.0], [1620.0, 1344.0], [1620.25, 1326.0], [1620.5, 38515.0], [1621.0, 1354.0], [1621.5, 40000.0], [1625.25, 1359.0], [1625.5, 6908.0], [1625.75, 38433.0]]}}}
{"jsonrpc": "2.0", "method": "subscription", "params": {"channel": "book.ETH-11APR25.none.20.100ms", "data": {"timestamp": 1743989368410, "change_id": 64652179693, "instrument_name": "ETH-11APR25", "bids": [[1609.0, 9942.0], [1608.75, 22988.0], [1608.5, 11774.0], [1608.25, 19084.0], [1606.5, 427.0], [1606.25, 2597.0], [1606.0, 29847.0], [1605.75, 92190.0], [1604.5, 455.0], [1603.75, 40000.0], [1603.5, 2150.0], [1603.25, 7748.0], [1602.5, 3488.0], [1602.25, 24806.0], [1602.0, 180000.0], [1601.75, 2102.0], [1601.0, 27605.0], [1600.5, 2168.0], [1600.25, 27836.0], [1600.0, 2190.0]], "asks": [[1609.75, 4890.0], [1610.0, 17320.0], [1610.25, 3905.0], [1610.5, 6878.0], [1610.75, 8333.0], [1611.0, 8336.0], [1611.25, 6412.0], [1612.5, 638.0], [1612.75, 29128.0], [1613.0, 90000.0], [1613.75, 415.0], [1615.25, 2193.0], [1615.5, 40000.0], [1615.75, 2181.0], [1617.25, 415.0], [1617.5, 15011.0], [1617.75, 2146.0], [1618.0, 205227.0], [1618.25, 2128.0], [1619.0, 42112.0]]}}}
{"jsonrpc": "2.0", "method": "subscription", "params": {"channel": "book.ETH-18APR25.none.20.100ms", "data": {"timestamp": 1743989368386, "change_id": 64652179671, "instrument_name": "ETH-18APR25", "bids": [[1609.5, 3770.0], [1609.25, 3976.0], [1609.0, 6586.0], [1608.75, 10227.0], [1608.0, 227.0], [1607.75, 1000.0], [1605.25, 1326.0], [1605.0, 2730.0], [1604.25, 6893.0], [1604.0, 41346.0], [1602.0, 1344.0], [1601.75, 6300.0], [1600.75, 2691.0], [1600.25, 42396.0], [1600.0, 38154.0], [1599.75, 37848.0], [1599.0, 1377.0], [1598.25, 41344.0], [1597.5, 40000.0], [1596.25, 1321.0]], "asks": [[1610.0, 12900.0], [1610.25, 1076.0], [1610.5, 3586.0], [1615.25, 1344.0], [1615.5, 41341.0], [1616.0, 1350.0], [1618.25, 1327.0], [1618.75, 7576.0], [1619.0, 60300.0], [1619.25, 36586.0], [1620.0, 1344.0], [1620.25, 1326.0], [1620.5, 38515.0], [1621.0, 1354.0], [1621.5, 40000.0], [1625.25, 1359.0], [1625.5, 6908.0], [1625.75, 38433.0], [1628.25, 1358.0], [1629.0, 39264.0]]}}}
{"jsonrpc": "2.0", "method": "subscription", "params": {"channel": "book.ETH-11APR25.none.20.100ms", "data": {"timestamp": 1743989368816, "change_id": 64652180200, "instrument_name": "ETH-11APR25", "bids": [[1609.0, 5642.0], [1608.75, 19401.0], [1608.5, 15361.0], [1608.25, 19084.0], [1606.5, 427.0], [1606.25, 2597.0], [1606.0, 29847.0], [1605.75, 92190.0], [1604.5, 455.0], [1603.75, 40000.0], [1603.5, 2150.0], [1603.25, 7748.0], [1602.5, 3488.0], [1602.25, 24806.0], [1602.0, 180000.0], [1601.75, 2102.0], [1601.0, 27605.0], [1600.5, 2168.0], [1600.25, 27836.0], [1600.0, 2190.0]], "asks": [[1609.75, 4890.0], [1610.0, 17320.0], [1610.25, 3905.0], [1610.5, 6878.0], [1610.75, 8333.0], [1611.0, 8336.0], [1611.25, 6412.0], [1612.5, 638.0], [1612.75, 29128.0], [1613.0, 90000.0], [1613.75, 415.0], [1615.25, 2193.0], [1615.5, 40000.0], [1615.75, 2181.0], [1617.25, 415.0], [1617.5, 15011.0], [1617.75, 2146.0], [1618.0, 205227.0], [1618.25, 2128.0], [1619.0, 42112.0]]}}}
{"jsonrpc": "2.0", "method": "subscription", "params": {"channel": "book.ETH-18APR25.none.20.100ms", "data": {"timestamp": 1743989368819, "change_id": 64652180210, "instrument_name": "ETH-18APR25", "bids": [[1609.5, 870.0], [1609.25, 2900.0], [1609.0, 3000.0], [1608.75, 13813.0], [1608.0, 227.0], [1607.75, 1000.0], [1605.25, 1326.0], [1605.0, 2730.0], [1604.25, 6893.0], [1604.0, 41346.0], [1602.0, 1344.0], [1601.75, 6300.0], [1600.75, 2691.0], [1600.25, 42396.0], [1600.0, 38154.0], [1599.75, 37848.0], [1599.0, 1377.0], [1598.25, 41344.0], [1597.5, 40000.0], [1596.25, 1321.0]], "asks": [[1610.0, 13976.0], [1610.25, 3586.0], [1615.25, 1344.0], [1615.5, 41341.0], [1616.0, 1350.0], [1618.25, 1327.0], [1618.75, 7576.0], [1619.0, 60300.0], [1619.25, 36586.0], [1620.0, 1344.0], [1620.25, 1326.0], [1620.5, 38515.0], [1621.0, 1354.0], [1621.5, 40000.0], [1625.25, 1359.0], [1625.5, 6908.0], [1625.75, 38433.0], [1628.25, 1358.0], [1629.0, 39264.0], [1632.25, 25373.0]]}}}
{"jsonrpc": "2.0", "method": "subscription", "params": {"channel": "book.ETH-11APR25.none.20.100ms", "data": {"timestamp": 1743989369103, "change_id": 64652181841, "instrument_name": "ETH-11APR25", "bids": [[1608.5, 5245.0], [1608.25, 23416.0], [1608.0, 15809.0], [1606.5, 427.0], [1606.25, 2597.0], [1606.0, 29847.0], [1605.75, 92190.0], [1604.5, 455.0], [1603.75, 40000.0], [1603.5, 2150.0], [1603.25, 7748.0], [1602.5, 3488.0], [1602.25, 24806.0], [1602.0, 180000.0], [1601.75, 2102.0], [1601.0, 2128.0], [1600.75, 25477.0], [1600.5, 2168.0], [1600.25, 2134.0], [1600.0, 2190.0]], "asks": [[1609.25, 4352.0], [1609.5, 16351.0], [1609.75, 6992.0], [1610.0, 13733.0], [1610.25, 3905.0], [1610.5, 6878.0], [1610.75, 8333.0], [1611.0, 8336.0], [1611.25, 6412.0], [1612.75, 29128.0], [1613.0, 90000.0], [1613.75, 415.0], [1615.25, 2193.0], [1615.5, 40000.0], [1615.75, 2181.0], [1617.25, 415.0], [1617.5, 15011.0], [1617.75, 2146.0], [1618.0, 205227.0], [1618.25, 2128.0]]}}}
{"jsonrpc": "2.0", "method": "subscription", "params": {"channel": "book.ETH-18APR25.none.20.100ms", "data": {"timestamp": 1743989369110, "change_id": 64652181859, "instrument_name": "ETH-18APR25", "bids": [[1608.25, 17900.0], [1608.0, 12900.0], [1607.75, 1000.0], [1606.25, 1363.0], [1605.25, 1326.0], [1605.0, 1344.0], [1604.25, 8279.0], [1604.0, 1346.0], [1603.25, 40000.0], [1602.0, 1344.0], [1601.25, 6300.0], [1600.75, 2691.0], [1600.25, 23516.0], [1600.0, 38154.0], [1599.75, 37848.0], [1599.0, 1377.0], [1598.75, 18880.0], [1598.25, 1344.0], [1597.5, 41363.0], [1596.75, 40000.0]], "asks": [[1609.75, 6486.0], [1610.0, 10000.0], [1612.75, 1363.0], [1615.25, 1344.0], [1615.5, 41341.0], [1616.0, 1350.0], [1618.25, 1327.0], [1618.75, 7576.0], [1619.0, 60300.0], [1619.25, 36586.0], [1620.0, 1344.0], [1620.25, 1326.0], [1620.5, 38515.0], [1621.0, 1354.0], [1621.5, 40000.0], [1625.25, 1359.0], [1625.5, 6908.0], [1625.75, 38433.0], [1628.25, 1358.0], [1629.0, 39264.0]]}}}
{"jsonrpc": "2.0", "method": "subscription", "params": {"channel": "book.ETH-11APR25.none.20.100ms", "data": {"timestamp": 1743989369467, "change_id": 64652182594, "instrument_name": "ETH-11APR25", "bids": [[1608.5, 7436.0], [1608.25, 33098.0], [1608.0, 2222.0], [1606.5, 427.0], [1606.25, 2597.0], [1606.0, 29847.0], [1605.75, 92190.0], [1604.5, 455.0], [1603.75, 40000.0], [1603.5, 2150.0], [1603.25, 7748.0], [1602.5, 3488.0], [1602.25, 24806.0], [1602.0, 180000.0], [1601.75, 2102.0], [1601.0, 2128.0], [1600.75, 25477.0], [1600.5, 2168.0], [1600.25, 2134.0], [1600.0, 2190.0]], "asks": [[1609.25, 1950.0], [1609.5, 9392.0], [1609.75, 13999.0], [1610.0, 3733.0], [1610.25, 3905.0], [1610.5, 6878.0], [1610.75, 8333.0], [1611.0, 6839.0], [1611.25, 2112.0], [1612.75, 29128.0], [1613.0, 90000.0], [1613.75, 415.0], [1615.25, 2193.0], [1615.5, 40000.0], [1615.75, 2181.0], [1617.25, 415.0], [1617.5, 15011.0], [1617.75, 2146.0], [1618.0, 205227.0], [1618.25, 2128.0]]}}}
{"jsonrpc": "2.0", "method": "subscription", "params": {"channel": "book.ETH-18APR25.none.20.100ms", "data": {"timestamp": 1743989369203, "change_id": 64652182525, "instrument_name": "ETH-18APR25", "bids": [[1608.5, 3586.0], [1608.25, 27900.0], [1608.0, 2900.0], [1607.75, 1000.0], [1606.25, 1363.0], [1605.25, 1326.0], [1605.0, 1344.0], [1604.25, 8279.0], [1604.0, 1346.0], [1603.25, 40000.0], [1602.0, 1344.0], [1601.25, 6300.0], [1600.75, 2691.0], [1600.25, 23516.0], [1600.0, 38154.0], [1599.75, 37848.0], [1599.0, 1377.0], [1598.75, 18880.0], [1598.25, 1344.0], [1597.5, 41363.0]], "asks": [[1609.75, 16486.0], [1610.0, 2900.0], [1610.25, 7755.0], [1612.75, 1363.0], [1615.25, 1344.0], [1615.5, 41341.0], [1616.0, 1350.0], [1618.25, 1327.0], [1618.75, 7576.0], [1619.0, 60300.0], [1619.25, 36586.0], [1620.0, 1344.0], [1620.25, 1326.0], [1620.5, 38515.0], [1621.0, 1354.0], [1621.5, 40000.0], [1625.25, 1359.0], [1625.5, 6908.0], [1625.75, 38433.0], [1628.25, 1358.0]]}}}
{"jsonrpc": "2.0", "method": "subscription", "params": {"channel": "book.ETH-11APR25.none.20.100ms", "data": {"timestamp": 1743989369582, "change_id": 64652182687, "instrument_name": "ETH-11APR25", "bids": [[1608.5, 7436.0], [1608.25, 33098.0], [1608.0, 2222.0], [1606.5, 427.0], [1606.25, 2597.0], [1606.0, 29847.0], [1605.75, 92190.0], [1604.5, 455.0], [1603.75, 40000.0], [1603.5, 2150.0], [1603.25, 7748.0], [1602.5, 3488.0], [1602.25, 24806.0], [1602.0, 180000.0], [1601.75, 2102.0], [1601.0, 2128.0], [1600.75, 25477.0], [1600.5, 2168.0], [1600.25, 2134.0], [1600.0, 2190.0]], "asks": [[1609.25, 4499.0], [1609.5, 16476.0], [1609.75, 2979.0], [1610.0, 3733.0], [1610.25, 3905.0], [1610.5, 6878.0], [1610.75, 8333.0], [1611.0, 6839.0], [1611.25, 2112.0], [1612.75, 29128.0], [1613.0, 90000.0], [1613.75, 415.0], [1615.25, 2193.0], [1615.5, 40000.0], [1615.75, 2181.0], [1617.25, 415.0], [1617.5, 15011.0], [1617.75, 2146.0], [1618.0, 205227.0], [1618.25, 2128.0]]}}}
{"jsonrpc": "2.0", "method": "subscription", "params": {"channel": "book.ETH-18APR25.none.20.100ms", "data": {"timestamp": 1743989369815, "change_id": 64652183079, "instrument_name": "ETH-18APR25", "bids": [[1608.75, 1076.0], [1608.5, 11956.0], [1608.25, 28770.0], [1608.0, 3127.0], [1607.75, 1000.0], [1606.5, 227.0], [1606.25, 1363.0], [1605.5, 227.0], [1605.25, 1553.0], [1605.0, 1344.0], [1604.25, 8279.0], [1604.0, 1346.0], [1603.25, 40000.0], [1602.0, 1344.0], [1601.0, 6300.0], [1600.75, 2691.0], [1600.25, 23516.0], [1600.0, 38154.0], [1599.75, 37848.0], [1599.0, 1377.0]], "asks": [[1609.5, 11946.0], [1609.75, 7356.0], [1610.0, 2900.0], [1615.0, 227.0], [1615.25, 1344.0], [1615.5, 41341.0], [1616.0, 1350.0], [1618.25, 1327.0], [1618.75, 7576.0], [1619.0, 60300.0], [1619.25, 36586.0], [1620.0, 1344.0], [1620.25, 1326.0], [1620.5, 38515.0], [1621.0, 1354.0], [1621.5, 40000.0], [1625.25, 1359.0], [1625.5, 6908.0], [1625.75, 38433.0], [1628.25, 1358.0]]}}}
{"jsonrpc": "2.0", "method": "subscription", "params": {"channel": "book.ETH-11APR25.none.20.100ms", "data": {"timestamp": 1743989370091, "change_id": 64652183623, "instrument_name": "ETH-11APR25", "bids": [[1608.25, 28583.0], [1608.0, 5809.0], [1606.5, 427.0], [1606.25, 2597.0], [1606.0, 29847.0], [1605.75, 92190.0], [1604.5, 455.0], [1603.75, 40000.0], [1603.5, 2150.0], [1603.25, 7748.0], [1602.5, 3488.0], [1602.25, 24806.0], [1602.0, 180000.0], [1601.75, 2102.0], [1601.0, 2128.0], [1600.75, 25477.0], [1600.5, 2168.0], [1600.25, 2134.0], [1600.0, 2190.0], [1599.5, 52189.0]], "asks": [[1609.0, 4967.0], [1609.25, 6721.0], [1609.5, 16356.0], [1609.75, 2979.0], [1610.0, 3733.0], [1610.25, 3905.0], [1610.5, 6878.0], [1610.75, 9974.0], [1611.0, 6839.0], [1611.25, 2112.0], [1612.75, 29128.0], [1613.0, 90000.0], [1613.75, 415.0], [1615.25, 2193.0], [1615.5, 40000.0], [1615.75, 2181.0], [1617.25, 415.0], [1617.5, 15011.0], [1617.75, 2146.0], [1618.0, 205227.0]]}}}
{"jsonrpc": "2.0", "method": "subscription", "params": {"channel": "book.ETH-18APR25.none.20.100ms", "data": {"timestamp": 1743989370120, "change_id": 64652183705, "instrument_name": "ETH-18APR25", "bids": [[1608.5, 3842.0], [1608.25, 13770.0], [1608.0, 2900.0], [1607.25, 227.0], [1607.0, 1000.0], [1606.5, 227.0], [1606.25, 1363.0], [1605.5, 227.0], [1605.25, 1553.0], [1605.0, 1344.0], [1604.25, 8279.0], [1604.0, 1346.0], [1603.25, 40000.0], [1602.0, 1344.0], [1601.25, 6300.0], [1600.75, 2691.0], [1600.25, 23516.0], [1600.0, 38154.0], [1599.75, 37848.0], [1599.0, 1377.0]], "asks": [[1609.25, 3000.0], [1609.5, 11946.0], [1609.75, 7356.0], [1610.0, 2900.0], [1615.25, 1344.0], [1615.5, 41341.0], [1616.0, 1350.0], [1618.25, 1327.0], [1618.75, 7576.0], [1619.0, 60300.0], [1619.25, 36586.0], [1620.0, 1344.0], [1620.25, 1326.0], [1620.5, 38515.0], [1621.0, 1354.0], [1621.5, 40000.0], [1625.25, 1359.0], [1625.5, 6908.0], [1625.75, 38433.0], [1628.25, 1358.0]]}}}
{"jsonrpc": "2.0", "method": "subscription", "params": {"channel": "book.ETH-11APR25.none.20.100ms", "data": {"timestamp": 1743989370480, "change_id": 64652184528, "instrument_name": "ETH-11APR25", "bids": [[1608.0, 12222.0], [1607.75, 2102.0], [1606.75, 2529.0], [1606.5, 19503.0], [1606.25, 3637.0], [1606.0, 6490.0], [1605.75, 2190.0], [1604.5, 882.0], [1604.25, 2102.0], [1604.0, 2102.0], [1603.75, 40000.0], [1603.5, 2150.0], [1603.25, 7748.0], [1602.5, 3488.0], [1602.25, 24806.0], [1602.0, 180000.0], [1601.75, 2102.0], [1601.0, 2128.0], [1600.5, 27645.0], [1600.25, 2134.0]], "asks": [[1609.0, 7394.0], [1609.25, 17407.0], [1609.5, 7595.0], [1609.75, 2529.0], [1610.0, 2733.0], [1610.25, 3905.0], [1610.5, 6878.0], [1610.75, 9975.0], [1611.0, 6839.0], [1611.25, 2112.0], [1612.75, 29128.0], [1613.0, 90000.0], [1613.75, 415.0], [1615.25, 2193.0], [1615.5, 40000.0], [1615.75, 2181.0], [1617.25, 415.0], [1617.5, 15011.0], [1617.75, 2146.0], [1618.0, 205227.0]]}}}
{"jsonrpc": "2.0", "method": "subscription", "params": {"channel": "book.ETH-18APR25.none.20.100ms", "data": {"timestamp": 1743989370344, "change_id": 64652184192, "instrument_name": "ETH-18APR25", "bids": [[1608.5, 1690.0], [1608.25, 10247.0], [1608.0, 10000.0], [1607.25, 227.0], [1607.0, 1000.0], [1606.5, 227.0], [1606.25, 1363.0], [1605.5, 227.0], [1605.25, 1553.0], [1605.0, 1344.0], [1604.25, 8279.0], [1604.0, 1346.0], [1603.25, 40000.0], [1602.0, 1344.0], [1601.0, 6300.0], [1600.75, 2691.0], [1600.25, 23516.0], [1600.0, 38154.0], [1599.75, 37848.0], [1599.0, 1377.0]], "asks": [[1609.5, 13586.0], [1609.75, 16943.0], [1612.25, 1363.0], [1615.25, 13746.0], [1615.5, 41341.0], [1616.0, 1350.0], [1618.25, 1327.0], [1618.75, 7576.0], [1619.0, 60300.0], [1619.25, 36586.0], [1620.0, 1344.0], [1620.25, 1326.0], [1620.5, 38515.0], [1621.0, 1354.0], [1621.5, 40000.0], [1625.25, 1359.0], [1625.5, 6908.0], [1625.75, 38433.0], [1628.25, 1358.0], [1629.0, 39264.0]]}}}
{"jsonrpc": "2.0", "method": "subscription", "params": {"channel": "book.ETH-11APR25.none.20.100ms", "data": {"timestamp": 1743989370752, "change_id": 64652184996, "instrument_name": "ETH-11APR25", "bids": [[1608.25, 7931.0], [1608.0, 13755.0], [1607.75, 5809.0], [1606.75, 7771.0], [1606.5, 19727.0], [1606.25, 2170.0], [1606.0, 6720.0], [1605.75, 2190.0], [1604.5, 455.0], [1604.0, 2102.0], [1603.5, 2150.0], [1603.25, 7748.0], [1603.0, 42102.0], [1602.5, 3488.0], [1602.25, 24806.0], [1602.0, 180000.0], [1601.75, 2102.0], [1601.0, 2128.0], [1600.5, 27645.0], [1600.25, 2134.0]], "asks": [[1608.75, 2949.0], [1609.0, 13740.0], [1609.25, 12102.0], [1609.5, 7595.0], [1610.0, 2102.0], [1610.25, 2102.0], [1610.5, 5009.0], [1610.75, 6409.0], [1611.0, 6412.0], [1611.25, 2112.0], [1612.75, 29128.0], [1613.0, 90000.0], [1613.75, 415.0], [1615.25, 2193.0], [1615.5, 40000.0], [1615.75, 2181.0], [1617.25, 415.0], [1617.5, 15011.0], [1617.75, 2146.0], [1618.0, 205227.0]]}}}
{"jsonrpc": "2.0", "method": "subscription", "params": {"channel": "book.ETH-18APR25.none.20.100ms", "data": {"timestamp": 1743989370672, "change_id": 64652184884, "instrument_name": "ETH-18APR25", "bids": [[1608.75, 870.0], [1608.5, 3770.0], [1608.25, 6434.0], [1608.0, 13586.0], [1607.25, 227.0], [1607.0, 1000.0], [1605.5, 227.0], [1605.25, 1553.0], [1605.0, 1344.0], [1604.25, 8279.0], [1604.0, 1346.0], [1603.25, 40000.0], [1602.0, 1344.0], [1601.0, 6300.0], [1600.75, 2691.0], [1600.25, 23516.0], [1600.0, 38154.0], [1599.75, 37848.0], [1599.0, 1377.0], [1598.75, 18880.0]], "asks": [[1609.25, 12900.0], [1609.5, 3586.0], [1609.75, 2900.0], [1612.25, 1363.0], [1615.25, 1344.0], [1615.5, 41341.0], [1616.0, 1350.0], [1618.25, 1327.0], [1618.75, 7576.0], [1619.0, 60300.0], [1619.25, 36586.0], [1620.0, 1344.0], [1620.25, 1326.0], [1620.5, 38515.0], [1621.0, 1354.0], [1621.5, 40000.0], [1625.25, 1359.0], [1625.5, 6908.0], [1625.75, 38433.0], [1628.25, 1358.0]]}}}
{"jsonrpc": "2.0", "method": "subscription", "params": {"channel": "book.ETH-11APR25.none.20.100ms", "data": {"timestamp": 1743989371064, "change_id": 64652185732, "instrument_name": "ETH-11APR25", "bids": [[1608.25, 7877.0], [1608.0, 13755.0], [1607.75, 5809.0], [1607.0, 631.0], [1606.75, 7771.0], [1606.5, 19727.0], [1606.25, 4064.0], [1606.0, 7118.0], [1605.75, 2190.0], [1604.5, 455.0], [1604.0, 2102.0], [1603.75, 90000.0], [1603.5, 2150.0], [1603.25, 7748.0], [1603.0, 42102.0], [1602.5, 3488.0], [1602.25, 24806.0], [1602.0, 180000.0], [1601.75, 2102.0], [1601.0, 2128.0]], "asks": [[1608.75, 2949.0], [1609.0, 13740.0], [1609.25, 14327.0], [1609.5, 7595.0], [1609.75, 631.0], [1610.0, 2733.0], [1610.25, 3605.0], [1610.5, 6932.0], [1610.75, 8333.0], [1611.0, 7046.0], [1611.25, 2112.0], [1612.75, 29128.0], [1613.0, 90000.0], [1613.75, 415.0], [1615.25, 2193.0], [1615.5, 40000.0], [1615.75, 2181.0], [1617.25, 415.0], [1617.5, 15011.0], [1617.75, 2146.0]]}}}
{"jsonrpc": "2.0", "method": "subscription", "params": {"channel": "book.ETH-18APR25.none.20.100ms", "data": {"timestamp": 1743989371021, "change_id": 64652185747, "instrument_name": "ETH-18APR25", "bids": [[1608.75, 870.0], [1608.5, 3770.0], [1608.25, 6434.0], [1608.0, 13586.0], [1607.25, 227.0], [1607.0, 1000.0], [1605.5, 227.0], [1605.25, 1553.0], [1605.0, 1344.0], [1604.25, 8279.0], [1604.0, 1346.0], [1603.25, 40000.0], [1602.0, 1344.0], [1601.0, 6300.0], [1600.75, 2691.0], [1600.25, 23516.0], [1600.0, 38154.0], [1599.75, 37848.0], [1599.0, 1377.0], [1598.75, 18880.0]], "asks": [[1609.25, 12900.0], [1609.5, 13354.0], [1609.75, 2900.0], [1612.25, 1363.0], [1615.25, 1344.0], [1615.5, 41341.0], [1616.0, 1350.0], [1618.25, 1327.0], [1618.75, 7576.0], [1619.0, 60300.0], [1619.25, 36586.0], [1620.0, 1344.0], [1620.25, 1326.0], [1620.5, 38515.0], [1621.0, 1354.0], [1621.5, 40000.0], [1625.25, 1359.0], [1625.5, 6908.0], [1625.75, 38433.0], [1628.25, 1358.0]]}}}
{"jsonrpc": "2.0", "method": "subscription", "params": {"channel": "book.ETH-11APR25.none.20.100ms", "data": {"timestamp": 1743989371318, "change_id": 64652186280, "instrument_name": "ETH-11APR25", "bids": [[1608.25, 7877.0], [1608.0, 13755.0], [1607.75, 5809.0], [1607.25, 1290.0], [1607.0, 7033.0], [1606.75, 7771.0], [1606.5, 19727.0], [1606.25, 4064.0], [1606.0, 7118.0], [1605.75, 2190.0], [1604.5, 455.0], [1604.0, 2102.0], [1603.75, 90000.0], [1603.5, 2150.0], [1603.25, 7748.0], [1603.0, 42102.0], [1602.5, 3488.0], [1602.25, 2616.0], [1602.0, 180000.0], [1601.75, 2102.0]], "asks": [[1608.75, 2949.0], [1609.0, 13740.0], [1609.25, 14327.0], [1609.5, 7595.0], [1609.75, 631.0], [1610.0, 2733.0], [1610.25, 3605.0], [1610.5, 6932.0], [1610.75, 8333.0], [1611.0, 7046.0], [1611.25, 2112.0], [1612.75, 29128.0], [1613.0, 90000.0], [1613.75, 415.0], [1615.25, 2193.0], [1615.5, 40000.0], [1615.75, 2181.0], [1617.25, 415.0], [1617.5, 15011.0], [1617.75, 2146.0]]}}}
{"jsonrpc": "2.0", "method": "subscription", "params": {"channel": "book.ETH-18APR25.none.20.100ms", "data": {"timestamp": 1743989371355, "change_id": 64652186380, "instrument_name": "ETH-18APR25", "bids": [[1608.75, 870.0], [1608.5, 3770.0], [1608.25, 6434.0], [1608.0, 13586.0], [1607.25, 227.0], [1607.0, 1000.0], [1605.5, 227.0], [1605.25, 1553.0], [1605.0, 1344.0], [1604.25, 8279.0], [1604.0, 1346.0], [1603.25, 40000.0], [1602.0, 1344.0], [1601.0, 6300.0], [1600.75, 2691.0], [1600.25, 23516.0], [1600.0, 38154.0], [1599.75, 37848.0], [1599.0, 1377.0], [1598.75, 18880.0]], "asks": [[1609.25, 16906.0], [1609.5, 13354.0], [1612.0, 227.0], [1612.25, 1363.0], [1615.25, 1344.0], [1615.5, 41341.0], [1616.0, 1350.0], [1618.25, 1327.0], [1618.75, 7576.0], [1619.0, 60300.0], [1619.25, 36586.0], [1620.0, 1344.0], [1620.25, 1326.0], [1620.5, 38515.0], [1621.0, 1354.0], [1621.5, 40000.0], [1625.25, 1359.0], [1625.5, 6908.0], [1625.75, 38433.0], [1628.25, 1358.0]]}}}
{"jsonrpc": "2.0", "method": "subscription", "params": {"channel": "book.ETH-11APR25.none.20.100ms", "data": {"timestamp": 1743989371657, "change_id": 64652186791, "instrument_name": "ETH-11APR25", "bids": [[1608.25, 7877.0], [1608.0, 13755.0], [1607.75, 5809.0], [1607.25, 1290.0], [1607.0, 7033.0], [1606.75, 7771.0], [1606.5, 19727.0], [1606.25, 4064.0], [1606.0, 7118.0], [1605.75, 2190.0], [1604.5, 455.0], [1604.0, 2102.0], [1603.75, 90000.0], [1603.5, 2150.0], [1603.25, 7748.0], [1603.0, 42102.0], [1602.5, 3488.0], [1602.25, 2616.0], [1602.0, 180000.0], [1601.75, 2102.0]], "asks": [[1609.0, 11638.0], [1609.25, 14327.0], [1609.5, 7595.0], [1609.75, 631.0], [1610.0, 2733.0], [1610.25, 3605.0], [1610.5, 6932.0], [1610.75, 8333.0], [1611.0, 7046.0], [1611.25, 2112.0], [1612.75, 29128.0], [1613.0, 90000.0], [1613.75, 415.0], [1615.25, 2193.0], [1615.5, 40000.0], [1615.75, 2181.0], [1617.25, 415.0], [1617.5, 15011.0], [1617.75, 2146.0], [1618.0, 205227.0]]}}}
{"jsonrpc": "2.0", "method": "subscription", "params": {"channel": "book.ETH-18APR25.none.20.100ms", "data": {"timestamp": 1743989371679, "change_id": 64652186812, "instrument_name": "ETH-18APR25", "bids": [[1608.75, 870.0], [1608.5, 3770.0], [1608.25, 6434.0], [1608.0, 13586.0], [1607.25, 227.0], [1607.0, 1000.0], [1605.5, 227.0], [1605.25, 1553.0], [1605.0, 1344.0], [1604.25, 8279.0], [1604.0, 1346.0], [1603.25, 40000.0], [1602.0, 1344.0], [1601.0, 6300.0], [1600.75, 2691.0], [1600.25, 23516.0], [1600.0, 38154.0], [1599.75, 37848.0], [1599.0, 1377.0], [1598.75, 18880.0]], "asks": [[1609.25, 10000.0], [1609.5, 13354.0], [1612.0, 227.0], [1612.25, 1363.0], [1615.25, 1344.0], [1615.5, 41341.0], [1616.0, 1350.0], [1618.25, 1327.0], [1618.75, 7576.0], [1619.0, 60300.0], [1619.25, 36586.0], [1620.0, 1344.0], [1620.25, 1326.0], [1620.5, 38515.0], [1621.0, 1354.0], [1621.5, 40000.0], [1625.25, 1359.0], [1625.5, 6908.0], [1625.75, 38433.0], [1628.25, 1358.0]]}}}
{"jsonrpc": "2.0", "method": "subscription", "params": {"channel": "book.ETH-18APR25.none.20.100ms", "data": {"timestamp": 1743989372108, "change_id": 64652187504, "instrument_name": "ETH-18APR25", "bids": [[1608.75, 870.0], [1608.5, 3770.0], [1608.25, 6434.0], [1608.0, 13586.0], [1607.25, 227.0], [1607.0, 1000.0], [1605.5, 227.0], [1605.25, 1553.0], [1605.0, 1344.0], [1604.25, 8279.0], [1604.0, 1346.0], [1603.25, 40000.0], [1602.0, 1344.0], [1601.0, 6300.0], [1600.75, 2691.0], [1600.25, 23516.0], [1600.0, 38154.0], [1599.75, 37848.0], [1599.0, 1377.0], [1598.75, 18880.0]], "asks": [[1609.25, 10000.0], [1609.5, 3586.0], [1612.0, 227.0], [1612.25, 1363.0], [1615.25, 1344.0], [1615.5, 41341.0], [1616.0, 1350.0], [1618.25, 1327.0], [1618.75, 7576.0], [1619.0, 60300.0], [1619.25, 36586.0], [1620.0, 1344.0], [1620.25, 1326.0], [1620.5, 38515.0], [1621.0, 1354.0], [1621.5, 40000.0], [1625.25, 1359.0], [1625.5, 6908.0], [1625.75, 38433.0], [1628.25, 1358.0]]}}}
{"jsonrpc": "2.0", "method": "subscription", "params": {"channel": "book.ETH-11APR25.none.20.100ms", "data": {"timestamp": 1743989372437, "change_id": 64652188208, "instrument_name": "ETH-11APR25", "bids": [[1608.5, 7659.0], [1608.25, 18055.0], [1608.0, 6236.0], [1607.75, 2102.0], [1607.25, 1290.0], [1607.0, 7033.0], [1606.75, 7771.0], [1606.5, 19727.0], [1606.25, 4064.0], [1606.0, 7118.0], [1605.75, 2190.0], [1604.5, 455.0], [1604.0, 2102.0], [1603.75, 90000.0], [1603.5, 2150.0], [1603.25, 7748.0], [1603.0, 42102.0], [1602.5, 3488.0], [1602.25, 2616.0], [1602.0, 180000.0]], "asks": [[1609.25, 6525.0], [1609.5, 10715.0], [1609.75, 10631.0], [1610.0, 2733.0], [1610.25, 3605.0], [1610.5, 6932.0], [1610.75, 8333.0], [1611.0, 7046.0], [1611.25, 2112.0], [1612.75, 29128.0], [1613.0, 90000.0], [1613.75, 415.0], [1615.25, 2193.0], [1615.5, 40000.0], [1615.75, 2181.0], [1617.25, 415.0], [1617.5, 15011.0], [1617.75, 2146.0], [1618.0, 205227.0], [1618.25, 2128.0]]}}}
{"jsonrpc": "2.0", "method": "subscription", "params": {"channel": "book.ETH-18APR25.none.20.100ms", "data": {"timestamp": 1743989372351, "change_id": 64652188102, "instrument_name": "ETH-18APR25", "bids": [[1608.75, 870.0], [1608.5, 7616.0], [1608.25, 13586.0], [1607.75, 227.0], [1607.5, 1000.0], [1605.5, 227.0], [1605.25, 1553.0], [1605.0, 1344.0], [1604.25, 8279.0], [1604.0, 1346.0], [1603.25, 40000.0], [1602.0, 1344.0], [1600.75, 2691.0], [1600.25, 23516.0], [1600.0, 38154.0], [1599.75, 37848.0], [1599.0, 1377.0], [1598.75, 18880.0], [1598.25, 1344.0], [1597.5, 41363.0]], "asks": [[1609.75, 12900.0], [1611.5, 227.0], [1611.75, 4477.0], [1612.0, 227.0], [1612.25, 1363.0], [1615.25, 1344.0], [1615.5, 41341.0], [1616.0, 1350.0], [1618.25, 1327.0], [1618.75, 7576.0], [1619.0, 41377.0], [1620.0, 1344.0], [1620.25, 1326.0], [1620.5, 38515.0], [1621.0, 1354.0], [1621.25, 1363.0], [1621.5, 40000.0], [1625.25, 1359.0], [1625.5, 6908.0], [1625.75, 38433.0]]}}}
{"jsonrpc": "2.0", "method": "subscription", "params": {"channel": "book.ETH-11APR25.none.20.100ms", "data": {"timestamp": 1743989372791, "change_id": 64652188760, "instrument_name": "ETH-11APR25", "bids": [[1608.5, 6683.0], [1608.25, 18091.0], [1608.0, 6236.0], [1607.75, 2102.0], [1607.25, 1290.0], [1607.0, 7033.0], [1606.75, 7771.0], [1606.5, 19727.0], [1606.25, 4064.0], [1606.0, 7118.0], [1605.75, 2190.0], [1604.5, 455.0], [1604.0, 2102.0], [1603.75, 90000.0], [1603.5, 2150.0], [1603.25, 7748.0], [1603.0, 42102.0], [1602.5, 3488.0], [1602.25, 2616.0], [1602.0, 180000.0]], "asks": [[1609.0, 2835.0], [1609.25, 10902.0], [1609.5, 6222.0], [1609.75, 10631.0], [1610.0, 2733.0], [1610.25, 3605.0], [1610.5, 8107.0], [1610.75, 8333.0], [1611.0, 7046.0], [1611.25, 2112.0], [1612.75, 29128.0], [1613.0, 90000.0], [1613.75, 415.0], [1615.25, 2193.0], [1615.5, 40000.0], [1615.75, 2181.0], [1617.25, 415.0], [1617.5, 15011.0], [1617.75, 2146.0], [1618.0, 205227.0]]}}}
{"jsonrpc": "2.0", "method": "subscription", "params": {"channel": "book.ETH-18APR25.none.20.100ms", "data": {"timestamp": 1743989372789, "change_id": 64652188758, "instrument_name": "ETH-18APR25", "bids": [[1608.75, 870.0], [1608.5, 5670.0], [1608.25, 13586.0], [1607.75, 227.0], [1607.5, 1000.0], [1605.5, 227.0], [1605.25, 1553.0], [1605.0, 1344.0], [1604.25, 8279.0], [1604.0, 1346.0], [1603.25, 40000.0], [1602.0, 1344.0], [1600.75, 2691.0], [1600.25, 23516.0], [1600.0, 38154.0], [1599.75, 37848.0], [1599.0, 1377.0], [1598.75, 18880.0], [1598.25, 1344.0], [1597.5, 41363.0]], "asks": [[1609.75, 16486.0], [1610.0, 5725.0], [1611.5, 227.0], [1611.75, 4477.0], [1612.0, 227.0], [1612.25, 1363.0], [1615.25, 1344.0], [1615.5, 41341.0], [1616.0, 1350.0], [1618.25, 1327.0], [1618.75, 7576.0], [1619.0, 41377.0], [1620.0, 1344.0], [1620.25, 1326.0], [1620.5, 38515.0], [1621.0, 1354.0], [1621.25, 1363.0], [1621.5, 40000.0], [1625.25, 1359.0], [1625.5, 6908.0]]}}}
{"jsonrpc": "2.0", "method": "subscription", "params": {"channel": "book.ETH-11APR25.none.20.100ms", "data": {"timestamp": 1743989373121, "change_id": 64652189302, "instrument_name": "ETH-11APR25", "bids": [[1608.25, 14727.0], [1608.0, 2649.0], [1607.75, 2102.0], [1607.5, 631.0], [1607.25, 3392.0], [1607.0, 7033.0], [1606.75, 7771.0], [1606.5, 19727.0], [1606.25, 4064.0], [1606.0, 7118.0], [1605.75, 2190.0], [1604.5, 455.0], [1604.0, 2102.0], [1603.75, 90000.0], [1603.5, 2150.0], [1603.25, 7748.0], [1603.0, 42102.0], [1602.5, 3488.0], [1602.25, 2616.0], [1602.0, 180000.0]], "asks": [[1609.0, 4732.0], [1609.25, 17435.0], [1609.5, 3102.0], [1609.75, 631.0], [1610.0, 2733.0], [1610.25, 3605.0], [1610.5, 9107.0], [1610.75, 8333.0], [1611.0, 7046.0], [1611.25, 2112.0], [1612.75, 29128.0], [1613.0, 90000.0], [1613.75, 415.0], [1615.25, 2193.0], [1615.5, 40000.0], [1615.75, 2181.0], [1617.25, 415.0], [1617.5, 15011.0], [1617.75, 2146.0], [1618.0, 205227.0]]}}}
{"jsonrpc": "2.0", "method": "subscription", "params": {"channel": "book.ETH-18APR25.none.20.100ms", "data": {"timestamp": 1743989372945, "change_id": 64652189311, "instrument_name": "ETH-18APR25", "bids": [[1608.75, 870.0], [1608.5, 5670.0], [1608.25, 11076.0], [1608.0, 3586.0], [1607.75, 227.0], [1607.5, 1000.0], [1605.5, 227.0], [1605.25, 1553.0], [1605.0, 1344.0], [1604.25, 8279.0], [1604.0, 1346.0], [1603.25, 40000.0], [1602.0, 1344.0], [1600.75, 2691.0], [1600.25, 23516.0], [1600.0, 38154.0], [1599.75, 37848.0], [1599.0, 1377.0], [1598.75, 18880.0], [1598.25, 1344.0]], "asks": [[1609.5, 13586.0], [1609.75, 2900.0], [1611.5, 227.0], [1611.75, 4477.0], [1612.0, 227.0], [1612.25, 1363.0], [1615.25, 1344.0], [1615.5, 41341.0], [1616.0, 1350.0], [1618.25, 1327.0], [1618.75, 7576.0], [1619.0, 41377.0], [1620.0, 1344.0], [1620.25, 1326.0], [1620.5, 38515.0], [1621.0, 1354.0], [1621.25, 1363.0], [1621.5, 40000.0], [1625.25, 1359.0], [1625.5, 6908.0]]}}}
{"jsonrpc": "2.0", "method": "subscription", "params": {"channel": "book.ETH-11APR25.none.20.100ms", "data": {"timestamp": 1743989373359, "change_id": 64652190222, "instrument_name": "ETH-11APR25", "bids": [[1608.0, 4500.0], [1607.75, 12769.0], [1607.5, 3646.0], [1607.25, 6292.0], [1607.0, 7033.0], [1606.75, 7771.0], [1606.5, 19727.0], [1606.25, 4064.0], [1606.0, 7118.0], [1605.75, 2190.0], [1604.5, 455.0], [1604.0, 2102.0], [1603.75, 90000.0], [1603.5, 2150.0], [1603.25, 7748.0], [1603.0, 42102.0], [1602.5, 3488.0], [1602.25, 2616.0], [1602.0, 180000.0], [1601.0, 2128.0]], "asks": [[1608.5, 631.0], [1608.75, 6646.0], [1609.0, 17604.0], [1609.25, 7315.0], [1609.5, 3102.0], [1609.75, 631.0], [1610.0, 2733.0], [1610.25, 3605.0], [1610.5, 6932.0], [1610.75, 8333.0], [1611.0, 7046.0], [1611.25, 2112.0], [1612.75, 29128.0], [1613.0, 92104.0], [1613.75, 40415.0], [1615.25, 2193.0], [1615.5, 40000.0], [1615.75, 2181.0], [1617.25, 415.0], [1617.5, 15011.0]]}}}
{"jsonrpc": "2.0", "method": "subscription", "params": {"channel": "book.ETH-18APR25.none.20.100ms", "data": {"timestamp": 1743989373317, "change_id": 64652190230, "instrument_name": "ETH-18APR25", "bids": [[1608.5, 3770.0], [1608.25, 3127.0], [1608.0, 3000.0], [1607.75, 10227.0], [1605.5, 227.0], [1605.25, 1553.0], [1605.0, 1344.0], [1604.75, 227.0], [1604.5, 3837.0], [1604.25, 8506.0], [1604.0, 1346.0], [1603.25, 40000.0], [1602.0, 1344.0], [1600.75, 2691.0], [1600.5, 7653.0], [1600.25, 23516.0], [1600.0, 38154.0], [1599.75, 37848.0], [1599.0, 1377.0], [1598.75, 18880.0]], "asks": [[1609.0, 3000.0], [1609.25, 11076.0], [1609.5, 4829.0], [1609.75, 16095.0], [1611.5, 1247.0], [1611.75, 4477.0], [1612.0, 227.0], [1612.25, 1363.0], [1613.75, 40000.0], [1615.25, 1344.0], [1615.5, 41341.0], [1616.0, 1350.0], [1618.25, 38498.0], [1618.75, 7576.0], [1619.0, 96886.0], [1620.0, 1344.0], [1620.25, 1326.0], [1620.5, 1344.0], [1621.0, 1354.0], [1621.25, 1363.0]]}}}
{"jsonrpc": "2.0", "method": "subscription", "params": {"channel": "book.ETH-11APR25.none.20.100ms", "data": {"timestamp": 1743989373775, "change_id": 64652190838, "instrument_name": "ETH-11APR25", "bids": [[1607.75, 13762.0], [1607.5, 7233.0], [1607.25, 6292.0], [1607.0, 7033.0], [1606.75, 7771.0], [1606.5, 19727.0], [1606.25, 4064.0], [1606.0, 7118.0], [1605.75, 2190.0], [1604.5, 455.0], [1604.25, 631.0], [1604.0, 29102.0], [1603.75, 90000.0], [1603.5, 2150.0], [1603.25, 7748.0], [1603.0, 42102.0], [1602.5, 3488.0], [1602.25, 2616.0], [1602.0, 180000.0], [1601.0, 2128.0]], "asks": [[1608.5, 1628.0], [1608.75, 10353.0], [1609.0, 13897.0], [1609.25, 7315.0], [1609.5, 3102.0], [1609.75, 631.0], [1610.0, 2733.0], [1610.25, 3605.0], [1610.5, 6932.0], [1610.75, 8333.0], [1611.0, 7046.0], [1611.25, 2112.0], [1612.0, 455.0], [1612.25, 2104.0], [1612.75, 29128.0], [1613.0, 92104.0], [1613.75, 40415.0], [1615.25, 2193.0], [1615.5, 40000.0], [1615.75, 2181.0]]}}}
{"jsonrpc": "2.0", "method": "subscription", "params": {"channel": "book.ETH-18APR25.none.20.100ms", "data": {"timestamp": 1743989373590, "change_id": 64652190748, "instrument_name": "ETH-18APR25", "bids": [[1608.5, 870.0], [1608.25, 3127.0], [1608.0, 3000.0], [1607.75, 13813.0], [1605.5, 227.0], [1605.25, 1553.0], [1605.0, 1344.0], [1604.75, 227.0], [1604.5, 3837.0], [1604.25, 8506.0], [1604.0, 1346.0], [1603.25, 40000.0], [1602.0, 1344.0], [1600.75, 8991.0], [1600.5, 1353.0], [1600.25, 23516.0], [1600.0, 38154.0], [1599.75, 37848.0], [1599.0, 1377.0], [1598.75, 18880.0]], "asks": [[1609.0, 11047.0], [1609.25, 3586.0], [1611.5, 1247.0], [1611.75, 4477.0], [1612.0, 227.0], [1612.25, 1363.0], [1613.75, 40000.0], [1615.25, 1344.0], [1615.5, 41341.0], [1616.0, 1350.0], [1618.25, 38498.0], [1618.75, 7576.0], [1619.0, 96886.0], [1620.0, 1344.0], [1620.25, 1326.0], [1620.5, 1344.0], [1621.0, 1354.0], [1621.25, 1363.0], [1625.25, 1359.0], [1625.5, 6908.0]]}}}
{"jsonrpc": "2.0", "method": "subscription", "params": {"channel": "book.ETH-11APR25.none.20.100ms", "data": {"timestamp": 1743989373968, "change_id": 64652191215, "instrument_name": "ETH-11APR25", "bids": [[1608.0, 7931.0], [1607.75, 13762.0], [1607.5, 7233.0], [1607.25, 6292.0], [1607.0, 7033.0], [1606.75, 7771.0], [1606.5, 19727.0], [1606.25, 4064.0], [1606.0, 7118.0], [1605.75, 2190.0], [1604.5, 455.0], [1604.25, 631.0], [1604.0, 29102.0], [1603.75, 90000.0], [1603.5, 2150.0], [1603.25, 7748.0], [1603.0, 42102.0], [1602.5, 3488.0], [1602.25, 2616.0], [1602.0, 180000.0]], "asks": [[1608.75, 8249.0], [1609.0, 13897.0], [1609.25, 7315.0], [1609.5, 3102.0], [1609.75, 631.0], [1610.0, 2733.0], [1610.25, 3605.0], [1610.5, 6932.0], [1610.75, 8333.0], [1611.0, 7046.0], [1611.25, 2112.0], [1612.0, 455.0], [1612.25, 2104.0], [1612.75, 29128.0], [1613.0, 92104.0], [1613.75, 40415.0], [1615.25, 2193.0], [1615.5, 40000.0], [1615.75, 2181.0], [1617.25, 415.0]]}}}
{"jsonrpc": "2.0", "method": "subscription", "params": {"channel": "book.ETH-18APR25.none.20.100ms", "data": {"timestamp": 1743989374101, "change_id": 64652191484, "instrument_name": "ETH-18APR25", "bids": [[1608.5, 870.0], [1608.25, 3127.0], [1608.0, 3000.0], [1607.75, 13813.0], [1605.5, 227.0], [1605.25, 1553.0], [1605.0, 1344.0], [1604.75, 227.0], [1604.5, 3837.0], [1604.25, 8506.0], [1604.0, 1346.0], [1603.25, 40000.0], [1602.0, 1344.0], [1600.75, 8991.0], [1600.5, 1353.0], [1600.25, 23516.0], [1600.0, 38154.0], [1599.75, 37848.0], [1599.0, 1377.0], [1598.75, 18880.0]], "asks": [[1609.0, 11047.0], [1609.25, 3586.0], [1611.25, 227.0], [1611.5, 2600.0], [1611.75, 4477.0], [1612.0, 227.0], [1612.25, 1363.0], [1613.75, 40000.0], [1615.25, 1344.0], [1615.5, 41341.0], [1616.0, 1350.0], [1618.25, 38498.0], [1618.75, 7576.0], [1619.0, 96886.0], [1620.0, 1344.0], [1620.25, 1326.0], [1620.5, 1344.0], [1621.0, 1354.0], [1621.25, 1363.0], [1625.25, 1359.0]]}}}
{"jsonrpc": "2.0", "method": "subscription", "params": {"channel": "book.ETH-11APR25.none.20.100ms", "data": {"timestamp": 1743989374332, "change_id": 64652191748, "instrument_name": "ETH-11APR25", "bids": [[1608.0, 7931.0], [1607.75, 13762.0], [1607.5, 7233.0], [1607.25, 6292.0], [1607.0, 7033.0], [1606.75, 7771.0], [1606.5, 19727.0], [1606.25, 4064.0], [1606.0, 7118.0], [1605.75, 2190.0], [1604.5, 455.0], [1604.25, 968.0], [1604.0, 30488.0], [1603.75, 90000.0], [1603.5, 2150.0], [1603.25, 7748.0], [1603.0, 42102.0], [1602.5, 2102.0], [1602.25, 2616.0], [1602.0, 180000.0]], "asks": [[1608.5, 1112.0], [1608.75, 8249.0], [1609.0, 13897.0], [1609.25, 7315.0], [1609.5, 3102.0], [1609.75, 631.0], [1610.0, 2733.0], [1610.25, 3605.0], [1610.5, 6932.0], [1610.75, 8333.0], [1611.0, 7046.0], [1611.25, 2112.0], [1612.0, 455.0], [1612.25, 2104.0], [1612.75, 29128.0], [1613.0, 92104.0], [1613.75, 40415.0], [1615.25, 2193.0], [1615.5, 40000.0], [1615.75, 2181.0]]}}}
{"jsonrpc": "2.0", "method": "subscription", "params": {"channel": "book.ETH-18APR25.none.20.100ms", "data": {"timestamp": 1743989374352, "change_id": 64652191829, "instrument_name": "ETH-18APR25", "bids": [[1608.5, 3770.0], [1608.25, 3127.0], [1608.0, 3000.0], [1607.75, 13813.0], [1605.5, 227.0], [1605.25, 1553.0], [1605.0, 1344.0], [1604.75, 227.0], [1604.5, 3837.0], [1604.25, 8506.0], [1604.0, 1346.0], [1603.25, 40000.0], [1602.0, 1344.0], [1600.75, 8991.0], [1600.5, 1353.0], [1600.25, 23516.0], [1600.0, 38154.0], [1599.75, 37848.0], [1599.0, 1377.0], [1598.75, 18880.0]], "asks": [[1609.0, 18673.0], [1609.25, 19678.0], [1611.25, 227.0], [1611.5, 2600.0], [1611.75, 4477.0], [1612.0, 227.0], [1612.25, 1363.0], [1613.75, 40000.0], [1615.25, 1344.0], [1615.5, 41341.0], [1616.0, 1350.0], [1618.25, 38498.0], [1618.75, 7576.0], [1619.0, 96886.0], [1620.25, 1326.0], [1620.5, 1344.0], [1621.0, 1354.0], [1621.25, 1363.0], [1625.25, 1359.0], [1625.5, 6908.0]]}}}
{"jsonrpc": "2.0", "method": "subscription", "params": {"channel": "book.ETH-11APR25.none.20.100ms", "data": {"timestamp": 1743989374767, "change_id": 64652192456, "instrument_name": "ETH-11APR25", "bids": [[1608.0, 3631.0], [1607.75, 16476.0], [1607.5, 3526.0], [1607.25, 6292.0], [1607.0, 7033.0], [1606.75, 7771.0], [1606.5, 19727.0], [1606.25, 4064.0], [1606.0, 7118.0], [1605.75, 2190.0], [1604.5, 455.0], [1604.25, 968.0], [1604.0, 30488.0], [1603.75, 90000.0], [1603.5, 2150.0], [1603.25, 7748.0], [1603.0, 42102.0], [1602.5, 2102.0], [1602.25, 2616.0], [1602.0, 180000.0]], "asks": [[1608.75, 3751.0], [1609.0, 17484.0], [1609.25, 7315.0], [1609.5, 3102.0], [1609.75, 631.0], [1610.0, 2733.0], [1610.25, 3605.0], [1610.5, 6932.0], [1610.75, 8333.0], [1611.0, 7046.0], [1611.25, 2112.0], [1612.0, 455.0], [1612.25, 2104.0], [1612.75, 29128.0], [1613.0, 92104.0], [1613.75, 40415.0], [1615.25, 2193.0], [1615.5, 40000.0], [1615.75, 2181.0], [1617.25, 415.0]]}}}
{"jsonrpc": "2.0", "method": "subscription", "params": {"channel": "book.ETH-18APR25.none.20.100ms", "data": {"timestamp": 1743989374608, "change_id": 64652192285, "instrument_name": "ETH-18APR25", "bids": [[1608.5, 870.0], [1608.25, 3947.0], [1608.0, 6586.0], [1607.75, 10227.0], [1605.5, 227.0], [1605.25, 1553.0], [1605.0, 1344.0], [1604.75, 227.0], [1604.5, 3837.0], [1604.25, 8506.0], [1604.0, 1346.0], [1603.25, 40000.0], [1602.0, 1344.0], [1600.75, 8991.0], [1600.5, 1353.0], [1600.25, 23516.0], [1600.0, 38154.0], [1599.75, 37848.0], [1599.0, 1377.0], [1598.75, 18880.0]], "asks": [[1609.0, 10000.0], [1609.25, 1076.0], [1609.5, 3586.0], [1611.25, 227.0], [1611.5, 2600.0], [1611.75, 4477.0], [1612.0, 227.0], [1612.25, 1363.0], [1613.75, 40000.0], [1615.25, 1344.0], [1615.5, 41341.0], [1616.0, 1350.0], [1618.25, 38498.0], [1618.75, 7576.0], [1619.0, 96886.0], [1620.25, 1326.0], [1620.5, 1344.0], [1621.0, 1354.0], [1621.25, 1363.0], [1625.25, 1359.0]]}}}
{"jsonrpc": "2.0", "method": "subscription", "params": {"channel": "book.ETH-11APR25.none.20.100ms", "data": {"timestamp": 1743989375094, "change_id": 64652193027, "instrument_name": "ETH-11APR25", "bids": [[1608.0, 3386.0], [1607.75, 13734.0], [1607.5, 7113.0], [1607.25, 6412.0], [1607.0, 7033.0], [1606.75, 7771.0], [1606.5, 19503.0], [1606.25, 4064.0], [1606.0, 7118.0], [1605.75, 2190.0], [1604.5, 455.0], [1604.0, 30061.0], [1603.75, 90000.0], [1603.5, 2150.0], [1603.25, 7748.0], [1603.0, 42102.0], [1602.5, 2102.0], [1602.25, 2616.0], [1602.0, 180000.0], [1601.0, 2128.0]], "asks": [[1608.5, 1660.0], [1608.75, 9442.0], [1609.0, 13897.0], [1609.25, 7315.0], [1609.5, 3102.0], [1609.75, 631.0], [1610.0, 2733.0], [1610.25, 3605.0], [1610.5, 6932.0], [1610.75, 8333.0], [1611.0, 7046.0], [1611.25, 2112.0], [1612.0, 455.0], [1612.25, 2104.0], [1612.75, 29128.0], [1613.0, 92104.0], [1613.75, 40415.0], [1615.25, 2193.0], [1615.5, 40000.0], [1615.75, 2181.0]]}}}
{"jsonrpc": "2.0", "method": "subscription", "params": {"channel": "book.ETH-18APR25.none.20.100ms", "data": {"timestamp": 1743989375056, "change_id": 64652193014, "instrument_name": "ETH-18APR25", "bids": [[1608.5, 756.0], [1608.25, 2900.0], [1608.0, 3000.0], [1607.75, 13813.0], [1607.0, 227.0], [1606.75, 1000.0], [1605.5, 227.0], [1605.25, 1553.0], [1605.0, 1344.0], [1604.75, 227.0], [1604.5, 3837.0], [1604.25, 8279.0], [1604.0, 1346.0], [1603.25, 40000.0], [1602.0, 1344.0], [1600.75, 2691.0], [1600.5, 7653.0], [1600.25, 23516.0], [1600.0, 38154.0], [1599.75, 37848.0]], "asks": [[1609.0, 11076.0], [1609.25, 3586.0], [1611.25, 227.0], [1611.5, 2373.0], [1611.75, 4477.0], [1612.0, 227.0], [1612.25, 1363.0], [1613.75, 40000.0], [1615.25, 1344.0], [1615.5, 41341.0], [1616.0, 1350.0], [1618.25, 38498.0], [1618.75, 7576.0], [1619.0, 96886.0], [1620.25, 1326.0], [1620.5, 1344.0], [1621.0, 1354.0], [1621.25, 1363.0], [1625.25, 1359.0], [1625.5, 6908.0]]}}}
{"jsonrpc": "2.0", "method": "subscription", "params": {"channel": "book.ETH-11APR25.none.20.100ms", "data": {"timestamp": 1743989375418, "change_id": 64652193423, "instrument_name": "ETH-11APR25", "bids": [[1608.0, 3386.0], [1607.75, 13734.0], [1607.5, 7113.0], [1607.25, 6412.0], [1607.0, 7033.0], [1606.75, 7771.0], [1606.5, 19503.0], [1606.25, 4064.0], [1606.0, 7118.0], [1605.75, 2190.0], [1604.5, 1086.0], [1604.25, 3150.0], [1604.0, 30061.0], [1603.75, 90000.0], [1603.5, 2150.0], [1603.25, 7748.0], [1603.0, 42102.0], [1602.5, 2102.0], [1602.25, 2616.0], [1602.0, 180000.0]], "asks": [[1608.5, 1660.0], [1608.75, 9442.0], [1609.0, 13897.0], [1609.25, 7315.0], [1609.5, 3102.0], [1609.75, 631.0], [1610.0, 2733.0], [1610.25, 3605.0], [1610.5, 6932.0], [1610.75, 6836.0], [1611.0, 2746.0], [1611.25, 2112.0], [1612.0, 455.0], [1612.25, 2104.0], [1612.75, 29128.0], [1613.0, 92104.0], [1613.75, 40415.0], [1615.25, 2193.0], [1615.5, 40000.0], [1615.75, 2181.0]]}}}
{"jsonrpc": "2.0", "method": "subscription", "params": {"channel": "book.ETH-18APR25.none.20.100ms", "data": {"timestamp": 1743989375371, "change_id": 64652193391, "instrument_name": "ETH-18APR25", "bids": [[1608.5, 756.0], [1608.25, 3770.0], [1608.0, 5900.0], [1607.75, 13813.0], [1607.0, 227.0], [1606.75, 1000.0], [1605.5, 227.0], [1605.25, 1553.0], [1605.0, 1344.0], [1604.75, 227.0], [1604.5, 3837.0], [1604.25, 8279.0], [1604.0, 1346.0], [1603.25, 40000.0], [1602.0, 1344.0], [1600.75, 2691.0], [1600.5, 7653.0], [1600.25, 23516.0], [1600.0, 38154.0], [1599.75, 37848.0]], "asks": [[1609.0, 18669.0], [1609.25, 19678.0], [1611.25, 227.0], [1611.5, 2373.0], [1611.75, 4477.0], [1612.0, 227.0], [1612.25, 1363.0], [1613.75, 40000.0], [1615.25, 1344.0], [1615.5, 41341.0], [1616.0, 1350.0], [1618.25, 38498.0], [1618.75, 7576.0], [1619.0, 96886.0], [1620.25, 1326.0], [1620.5, 1344.0], [1621.0, 1354.0], [1621.25, 1363.0], [1625.25, 1359.0], [1625.5, 6908.0]]}}}
{"jsonrpc": "2.0", "method": "subscription", "params": {"channel": "book.ETH-11APR25.none.20.100ms", "data": {"timestamp": 1743989375675, "change_id": 64652194524, "instrument_name": "ETH-11APR25", "bids": [[1607.75, 6304.0], [1607.5, 15691.0], [1607.25, 5122.0], [1607.0, 6402.0], [1606.75, 2102.0], [1606.5, 19076.0], [1606.25, 2170.0], [1606.0, 6490.0], [1605.75, 2190.0], [1604.5, 2104.0], [1604.25, 2104.0], [1604.0, 3943.0], [1603.75, 90000.0], [1603.5, 2150.0], [1603.25, 7748.0], [1603.0, 42102.0], [1602.5, 2102.0], [1602.25, 2616.0], [1602.0, 180000.0], [1600.5, 2168.0]], "asks": [[1608.75, 15811.0], [1609.0, 3102.0], [1609.25, 6402.0], [1609.5, 2102.0], [1609.75, 2104.0], [1610.0, 4705.0], [1610.25, 2102.0], [1610.5, 5009.0], [1610.75, 6409.0], [1611.0, 2112.0], [1611.25, 2112.0], [1612.0, 455.0], [1612.25, 2104.0], [1612.75, 2128.0], [1613.0, 92104.0], [1613.75, 40415.0], [1615.25, 2193.0], [1615.5, 40000.0], [1615.75, 2181.0], [1617.25, 415.0]]}}}
{"jsonrpc": "2.0", "method": "subscription", "params": {"channel": "book.ETH-18APR25.none.20.100ms", "data": {"timestamp": 1743989375677, "change_id": 64652194529, "instrument_name": "ETH-18APR25", "bids": [[1608.25, 3742.0], [1608.0, 3947.0], [1607.75, 3813.0], [1607.5, 10227.0], [1607.0, 227.0], [1606.75, 1000.0], [1605.25, 1326.0], [1605.0, 1344.0], [1604.5, 1353.0], [1604.25, 8279.0], [1604.0, 1346.0], [1603.25, 40000.0], [1602.0, 1344.0], [1600.75, 2691.0], [1600.5, 1353.0], [1600.25, 23516.0], [1600.0, 1377.0], [1599.75, 37848.0], [1599.0, 1377.0], [1598.75, 55657.0]], "asks": [[1608.75, 10000.0], [1609.0, 2900.0], [1609.25, 3586.0], [1611.5, 1353.0], [1611.75, 4250.0], [1612.25, 1363.0], [1613.75, 40000.0], [1615.25, 1344.0], [1615.5, 41341.0], [1616.0, 1350.0], [1618.25, 38498.0], [1618.75, 7576.0], [1619.0, 96886.0], [1620.25, 1326.0], [1620.5, 1344.0], [1621.0, 1354.0], [1621.25, 1363.0], [1625.25, 1359.0], [1625.5, 6908.0], [1625.75, 38433.0]]}}}
{"jsonrpc": "2.0", "method": "subscription", "params": {"channel": "book.ETH-11APR25.none.20.100ms", "data": {"timestamp": 1743989376061, "change_id": 64652195157, "instrument_name": "ETH-11APR25", "bids": [[1607.75, 11011.0], [1607.5, 17228.0], [1607.25, 7043.0], [1607.0, 7033.0], [1606.75, 7825.0], [1606.5, 19727.0], [1606.25, 4117.0], [1606.0, 6917.0], [1605.75, 2190.0], [1604.75, 631.0], [1604.5, 2735.0], [1604.25, 3287.0], [1604.0, 30943.0], [1603.75, 90000.0], [1603.5, 2150.0], [1603.25, 7748.0], [1603.0, 42102.0], [1602.5, 2102.0], [1602.25, 2616.0], [1602.0, 180000.0]], "asks": [[1608.5, 8943.0], [1608.75, 17942.0], [1609.0, 9024.0], [1609.25, 7033.0], [1609.5, 2733.0], [1609.75, 3516.0], [1610.0, 5336.0], [1610.25, 3605.0], [1610.5, 6932.0], [1610.75, 7043.0], [1611.0, 2746.0], [1611.25, 2112.0], [1612.0, 455.0], [1612.25, 2104.0], [1612.75, 2128.0], [1613.0, 92104.0], [1613.75, 40415.0], [1615.25, 2193.0], [1615.5, 40000.0], [1615.75, 2181.0]]}}}
{"jsonrpc": "2.0", "method": "subscription", "params": {"channel": "book.ETH-18APR25.none.20.100ms", "data": {"timestamp": 1743989376098, "change_id": 64652195177, "instrument_name": "ETH-18APR25", "bids": [[1608.25, 3742.0], [1608.0, 3947.0], [1607.75, 6558.0], [1607.5, 10227.0], [1607.0, 227.0], [1606.75, 1000.0], [1605.5, 227.0], [1605.25, 1553.0], [1605.0, 1344.0], [1604.5, 1353.0], [1604.25, 2732.0], [1604.0, 1346.0], [1603.5, 6900.0], [1603.25, 40000.0], [1602.0, 1344.0], [1600.75, 2691.0], [1600.5, 1353.0], [1600.25, 23516.0], [1600.0, 1377.0], [1599.75, 37848.0]], "asks": [[1608.75, 10000.0], [1609.0, 3976.0], [1609.25, 3586.0], [1611.5, 1353.0], [1611.75, 4250.0], [1612.25, 1363.0], [1613.75, 40000.0], [1615.25, 1344.0], [1615.5, 41341.0], [1616.0, 1350.0], [1618.25, 38498.0], [1618.75, 7576.0], [1619.0, 96886.0], [1620.25, 1326.0], [1620.5, 1344.0], [1621.0, 1354.0], [1621.25, 1363.0], [1625.25, 1359.0], [1625.5, 6908.0], [1625.75, 38433.0]]}}}
{"jsonrpc": "2.0", "method": "subscription", "params": {"channel": "book.ETH-18APR25.none.20.100ms", "data": {"timestamp": 1743989376310, "change_id": 64652195421, "instrument_name": "ETH-18APR25", "bids": [[1608.25, 3742.0], [1608.0, 3947.0], [1607.75, 6558.0], [1607.5, 10227.0], [1607.0, 227.0], [1606.75, 1000.0], [1605.5, 227.0], [1605.25, 1553.0], [1605.0, 1344.0], [1604.75, 227.0], [1604.5, 2173.0], [1604.25, 2732.0], [1604.0, 1346.0], [1603.5, 6900.0], [1603.25, 40000.0], [1602.0, 1344.0], [1600.75, 2691.0], [1600.5, 1353.0], [1600.25, 23516.0], [1600.0, 1377.0]], "asks": [[1608.75, 10000.0], [1609.0, 3976.0], [1609.25, 3586.0], [1611.25, 227.0], [1611.5, 1580.0], [1611.75, 1350.0], [1612.25, 1363.0], [1613.75, 40000.0], [1615.25, 1344.0], [1615.5, 41341.0], [1616.0, 1350.0], [1618.25, 38498.0], [1618.75, 7576.0], [1619.0, 96886.0], [1620.25, 1326.0], [1620.5, 1344.0], [1621.0, 1354.0], [1621.25, 1363.0], [1625.25, 1359.0], [1625.5, 6908.0]]}}}
{"jsonrpc": "2.0", "method": "subscription", "params": {"channel": "book.ETH-18APR25.none.20.100ms", "data": {"timestamp": 1743989376741, "change_id": 64652195891, "instrument_name": "ETH-18APR25", "bids": [[1608.25, 3742.0], [1608.0, 3947.0], [1607.75, 6558.0], [1607.5, 10227.0], [1607.0, 227.0], [1606.75, 1000.0], [1605.5, 227.0], [1605.25, 1553.0], [1605.0, 1344.0], [1604.75, 227.0], [1604.5, 2173.0], [1604.25, 2732.0], [1604.0, 1346.0], [1603.5, 6900.0], [1603.25, 40000.0], [1600.75, 2691.0], [1600.5, 1353.0], [1600.25, 23516.0], [1600.0, 1377.0], [1599.75, 37848.0]], "asks": [[1608.75, 10000.0], [1609.0, 6486.0], [1611.25, 227.0], [1611.5, 1580.0], [1611.75, 1350.0], [1612.25, 1363.0], [1613.75, 40000.0], [1615.25, 1344.0], [1615.5, 41341.0], [1616.0, 1350.0], [1618.25, 38498.0], [1618.75, 7576.0], [1619.0, 96886.0], [1620.5, 1344.0], [1621.0, 1354.0], [1621.25, 1363.0], [1625.25, 1359.0], [1625.5, 6908.0], [1625.75, 38433.0], [1628.25, 1358.0]]}}}
{"jsonrpc": "2.0", "method": "subscription", "params": {"channel": "book.ETH-11APR25.none.20.100ms", "data": {"timestamp": 1743989377031, "change_id": 64652196400, "instrument_name": "ETH-11APR25", "bids": [[1607.75, 11011.0], [1607.5, 17348.0], [1607.25, 6923.0], [1607.0, 7033.0], [1606.75, 7825.0], [1606.5, 19727.0], [1606.25, 4117.0], [1606.0, 6917.0], [1605.75, 2190.0], [1604.75, 631.0], [1604.5, 2735.0], [1604.25, 3287.0], [1604.0, 30943.0], [1603.75, 90000.0], [1603.5, 2150.0], [1603.25, 7748.0], [1603.0, 42102.0], [1602.5, 2102.0], [1602.25, 2616.0], [1602.0, 180000.0]], "asks": [[1608.5, 8943.0], [1608.75, 15838.0], [1609.0, 9024.0], [1609.25, 7033.0], [1609.5, 2733.0], [1609.75, 3516.0], [1610.0, 5336.0], [1610.25, 3605.0], [1610.5, 6932.0], [1610.75, 7043.0], [1611.0, 2746.0], [1611.25, 2112.0], [1612.0, 455.0], [1612.25, 2104.0], [1612.75, 2128.0], [1613.0, 92104.0], [1613.75, 40415.0], [1615.25, 2193.0], [1615.5, 40000.0], [1615.75, 2181.0]]}}}
{"jsonrpc": "2.0", "method": "subscription", "params": {"channel": "book.ETH-18APR25.none.20.100ms", "data": {"timestamp": 1743989377005, "change_id": 64652196250, "instrument_name": "ETH-18APR25", "bids": [[1608.25, 3742.0], [1608.0, 3947.0], [1607.75, 6558.0], [1607.5, 10227.0], [1607.0, 227.0], [1606.75, 1000.0], [1605.5, 227.0], [1605.25, 1553.0], [1605.0, 1344.0], [1604.75, 227.0], [1604.5, 2173.0], [1604.25, 2732.0], [1604.0, 1346.0], [1603.5, 6900.0], [1603.25, 40000.0], [1600.75, 2691.0], [1600.5, 1353.0], [1600.25, 23516.0], [1600.0, 1377.0], [1599.75, 37848.0]], "asks": [[1608.75, 10000.0], [1609.0, 3976.0], [1609.25, 3586.0], [1611.25, 227.0], [1611.5, 1580.0], [1611.75, 1350.0], [1612.25, 1363.0], [1613.75, 40000.0], [1615.25, 1344.0], [1615.5, 41341.0], [1616.0, 1350.0], [1618.25, 38498.0], [1618.75, 7576.0], [1619.0, 96886.0], [1620.5, 1344.0], [1621.0, 1354.0], [1621.25, 1363.0], [1625.25, 1359.0], [1625.5, 6908.0], [1625.75, 38433.0]]}}}
{"jsonrpc": "2.0", "method": "subscription", "params": {"channel": "book.ETH-11APR25.none.20.100ms", "data": {"timestamp": 1743989377373, "change_id": 64652197159, "instrument_name": "ETH-11APR25", "bids": [[1608.0, 3995.0], [1607.75, 11011.0], [1607.5, 17348.0], [1607.25, 6923.0], [1607.0, 7033.0], [1606.75, 7825.0], [1606.5, 19727.0], [1606.25, 4117.0], [1606.0, 6917.0], [1605.75, 2190.0], [1604.75, 631.0], [1604.5, 2735.0], [1604.25, 3287.0], [1604.0, 30943.0], [1603.75, 90000.0], [1603.5, 2150.0], [1603.25, 7748.0], [1603.0, 42102.0], [1602.5, 2102.0], [1602.25, 2616.0]], "asks": [[1608.5, 4112.0], [1608.75, 15838.0], [1609.0, 9024.0], [1609.25, 7033.0], [1609.5, 2733.0], [1609.75, 3616.0], [1610.0, 5336.0], [1610.25, 3605.0], [1610.5, 6932.0], [1610.75, 7043.0], [1611.0, 2746.0], [1611.25, 2112.0], [1612.0, 455.0], [1612.25, 2104.0], [1612.75, 2128.0], [1613.0, 92104.0], [1613.75, 40415.0], [1615.25, 2193.0], [1615.5, 40000.0], [1615.75, 2181.0]]}}}
{"jsonrpc": "2.0", "method": "subscription", "params": {"channel": "book.ETH-18APR25.none.20.100ms", "data": {"timestamp": 1743989377289, "change_id": 64652197022, "instrument_name": "ETH-18APR25", "bids": [[1608.25, 3742.0], [1608.0, 3947.0], [1607.75, 6558.0], [1607.5, 10227.0], [1607.0, 227.0], [1606.75, 1000.0], [1605.5, 227.0], [1605.25, 1553.0], [1605.0, 1344.0], [1604.75, 227.0], [1604.5, 2173.0], [1604.25, 2732.0], [1604.0, 1346.0], [1603.5, 6900.0], [1603.25, 40000.0], [1600.75, 2691.0], [1600.5, 1353.0], [1600.25, 23516.0], [1600.0, 1377.0], [1599.75, 37848.0]], "asks": [[1608.75, 10000.0], [1609.0, 3976.0], [1609.25, 3586.0], [1610.75, 870.0], [1611.0, 2900.0], [1611.25, 227.0], [1611.5, 1580.0], [1611.75, 1350.0], [1612.25, 1363.0], [1613.75, 40000.0], [1615.25, 1344.0], [1615.5, 41341.0], [1616.0, 1350.0], [1618.25, 38498.0], [1618.75, 7576.0], [1619.0, 96886.0], [1620.5, 1344.0], [1621.0, 1354.0], [1621.25, 1363.0], [1625.25, 1359.0]]}}}
{"jsonrpc": "2.0", "method": "subscription", "params": {"channel": "book.ETH-11APR25.none.20.100ms", "data": {"timestamp": 1743989377729, "change_id": 64652197989, "instrument_name": "ETH-11APR25", "bids": [[1608.25, 427.0], [1608.0, 7634.0], [1607.75, 20011.0], [1607.5, 2104.0], [1607.25, 5002.0], [1607.0, 6402.0], [1606.75, 2102.0], [1606.5, 19076.0], [1606.25, 2170.0], [1606.0, 6490.0], [1604.5, 2104.0], [1604.25, 2104.0], [1604.0, 3943.0], [1603.75, 90000.0], [1603.5, 2150.0], [1603.25, 7748.0], [1603.0, 42102.0], [1602.5, 2102.0], [1602.25, 2616.0], [1602.0, 180000.0]], "asks": [[1609.25, 35109.0], [1609.5, 2102.0], [1609.75, 3204.0], [1610.0, 2102.0], [1610.25, 2547.0], [1610.5, 5009.0], [1610.75, 6409.0], [1611.25, 2112.0], [1612.0, 455.0], [1612.25, 2104.0], [1612.75, 2128.0], [1613.0, 92104.0], [1613.75, 40415.0], [1615.25, 2193.0], [1615.5, 40000.0], [1615.75, 2181.0], [1617.25, 415.0], [1617.5, 17115.0], [1617.75, 51038.0], [1618.0, 205227.0]]}}}
{"jsonrpc": "2.0", "method": "subscription", "params": {"channel": "book.ETH-18APR25.none.20.100ms", "data": {"timestamp": 1743989377732, "change_id": 64652198007, "instrument_name": "ETH-18APR25", "bids": [[1608.5, 799.0], [1608.25, 4721.0], [1608.0, 9418.0], [1607.75, 10000.0], [1607.5, 227.0], [1607.25, 1000.0], [1605.5, 227.0], [1605.25, 1553.0], [1605.0, 1344.0], [1604.5, 1353.0], [1604.25, 2732.0], [1604.0, 1346.0], [1603.5, 6900.0], [1603.25, 41353.0], [1601.0, 6300.0], [1600.75, 2691.0], [1600.5, 1353.0], [1600.25, 23516.0], [1600.0, 1377.0], [1599.75, 37848.0]], "asks": [[1609.5, 16486.0], [1610.75, 643.0], [1611.0, 2900.0], [1611.5, 227.0], [1611.75, 1350.0], [1612.0, 227.0], [1612.25, 1363.0], [1613.5, 13353.0], [1613.75, 40000.0], [1615.25, 1344.0], [1615.5, 41341.0], [1616.0, 1350.0], [1618.25, 1327.0], [1618.75, 7576.0], [1619.0, 41377.0], [1620.25, 73757.0], [1620.5, 1344.0], [1621.0, 1354.0], [1621.25, 1363.0], [1625.25, 1359.0]]}}}
{"jsonrpc": "2.0", "method": "subscription", "params": {"channel": "book.ETH-11APR25.none.20.100ms", "data": {"timestamp": 1743989378083, "change_id": 64652198591, "instrument_name": "ETH-11APR25", "bids": [[1608.5, 632.0], [1608.25, 2531.0], [1608.0, 17634.0], [1607.75, 10642.0], [1607.5, 3605.0], [1607.25, 6923.0], [1607.0, 6829.0], [1606.75, 7825.0], [1606.5, 19503.0], [1606.25, 2170.0], [1606.0, 6490.0], [1604.5, 2104.0], [1604.25, 2104.0], [1604.0, 3943.0], [1603.75, 90000.0], [1603.5, 2150.0], [1603.25, 7748.0], [1603.0, 42102.0], [1602.5, 2102.0], [1602.25, 2616.0]], "asks": [[1609.0, 10179.0], [1609.25, 20109.0], [1609.5, 2102.0], [1609.75, 3204.0], [1610.0, 2102.0], [1610.25, 2547.0], [1610.5, 5009.0], [1610.75, 6409.0], [1611.25, 2112.0], [1612.25, 2104.0], [1612.75, 2128.0], [1613.0, 92104.0], [1613.75, 40415.0], [1615.25, 2193.0], [1615.5, 40000.0], [1615.75, 2181.0], [1617.25, 415.0], [1617.5, 17115.0], [1617.75, 51038.0], [1618.0, 205227.0]]}}}
{"jsonrpc": "2.0", "method": "subscription", "params": {"channel": "book.ETH-11APR25.none.20.100ms", "data": {"timestamp": 1743989378339, "change_id": 64652198977, "instrument_name": "ETH-11APR25", "bids": [[1608.5, 632.0], [1608.25, 5682.0], [1608.0, 17738.0], [1607.75, 6935.0], [1607.5, 3605.0], [1607.25, 6923.0], [1607.0, 6829.0], [1606.75, 7825.0], [1606.5, 19503.0], [1606.25, 2827.0], [1606.0, 2190.0], [1604.5, 2104.0], [1604.25, 2104.0], [1604.0, 3943.0], [1603.75, 90000.0], [1603.5, 2150.0], [1603.25, 7748.0], [1603.0, 42102.0], [1602.5, 2102.0], [1602.25, 2616.0]], "asks": [[1609.0, 5979.0], [1609.25, 20740.0], [1609.5, 3063.0], [1609.75, 3835.0], [1610.0, 2733.0], [1610.25, 3549.0], [1610.5, 5642.0], [1610.75, 2109.0], [1611.0, 634.0], [1611.25, 2112.0], [1612.0, 631.0], [1612.25, 2104.0], [1612.75, 2128.0], [1613.0, 92104.0], [1613.75, 40415.0], [1615.25, 2193.0], [1615.5, 40000.0], [1615.75, 2181.0], [1617.25, 415.0], [1617.5, 17115.0]]}}}
{"jsonrpc": "2.0", "method": "subscription", "params": {"channel": "book.ETH-18APR25.none.20.100ms", "data": {"timestamp": 1743989378343, "change_id": 64652198982, "instrument_name": "ETH-18APR25", "bids": [[1608.5, 799.0], [1608.25, 7618.0], [1608.0, 13586.0], [1607.5, 227.0], [1607.25, 1000.0], [1605.5, 227.0], [1605.25, 1553.0], [1605.0, 1344.0], [1604.5, 1353.0], [1604.25, 2732.0], [1604.0, 1346.0], [1603.5, 6900.0], [1603.25, 41353.0], [1601.25, 6300.0], [1600.75, 2691.0], [1600.5, 1353.0], [1600.25, 23516.0], [1600.0, 1377.0], [1599.75, 37848.0], [1599.0, 1377.0]], "asks": [[1609.5, 16486.0], [1611.5, 227.0], [1611.75, 1350.0], [1612.0, 227.0], [1612.25, 1363.0], [1613.5, 13353.0], [1613.75, 40000.0], [1615.25, 1344.0], [1615.5, 41341.0], [1616.0, 1350.0], [1618.25, 1327.0], [1618.75, 7576.0], [1619.0, 60300.0], [1620.25, 73757.0], [1620.5, 1344.0], [1621.0, 1354.0], [1621.25, 1363.0], [1625.25, 1359.0], [1625.5, 6908.0], [1625.75, 38433.0]]}}}
{"jsonrpc": "2.0", "method": "subscription", "params": {"channel": "book.ETH-11APR25.none.20.100ms", "data": {"timestamp": 1743989378718, "change_id": 64652199781, "instrument_name": "ETH-11APR25", "bids": [[1607.25, 17222.0], [1607.0, 6402.0], [1606.75, 2102.0], [1606.5, 19076.0], [1606.25, 2170.0], [1606.0, 2190.0], [1604.5, 2104.0], [1604.25, 2104.0], [1604.0, 3943.0], [1603.75, 90000.0], [1603.5, 2150.0], [1603.25, 7748.0], [1603.0, 42102.0], [1602.5, 2102.0], [1602.25, 2616.0], [1602.0, 180000.0], [1601.75, 2104.0], [1600.5, 2168.0], [1600.25, 2134.0], [1600.0, 27667.0]], "asks": [[1608.5, 2104.0], [1608.75, 16299.0], [1609.0, 6424.0], [1609.25, 16402.0], [1609.5, 2102.0], [1609.75, 2204.0], [1610.0, 2102.0], [1610.25, 2102.0], [1610.5, 5009.0], [1610.75, 2109.0], [1611.25, 2112.0], [1612.25, 2104.0], [1612.75, 2128.0], [1613.0, 92104.0], [1613.75, 40415.0], [1615.25, 2193.0], [1615.5, 40000.0], [1615.75, 2181.0], [1617.25, 415.0], [1617.5, 17115.0]]}}}
{"jsonrpc": "2.0", "method": "subscription", "params": {"channel": "book.ETH-18APR25.none.20.100ms", "data": {"timestamp": 1743989378734, "change_id": 64652199792, "instrument_name": "ETH-18APR25", "bids": [[1608.0, 15000.0], [1605.25, 1553.0], [1605.0, 1344.0], [1604.75, 227.0], [1604.5, 2173.0], [1604.25, 2732.0], [1604.0, 1346.0], [1603.75, 2042.0], [1603.5, 6900.0], [1603.25, 1353.0], [1602.5, 40000.0], [1600.75, 2691.0], [1600.5, 1353.0], [1600.25, 23516.0], [1600.0, 1377.0], [1599.75, 1377.0], [1599.0, 1377.0], [1598.25, 1344.0], [1597.5, 1363.0], [1596.75, 40000.0]], "asks": [[1609.25, 13770.0], [1609.5, 2900.0], [1611.75, 1350.0], [1612.25, 1363.0], [1613.5, 13353.0], [1613.75, 40000.0], [1615.25, 1344.0], [1615.5, 41341.0], [1616.0, 1350.0], [1618.25, 1327.0], [1618.5, 36586.0], [1618.75, 7576.0], [1619.0, 60300.0], [1620.25, 37171.0], [1620.5, 1344.0], [1621.0, 1354.0], [1621.25, 1363.0], [1625.25, 1359.0], [1625.5, 6908.0], [1625.75, 38433.0]]}}}
{"jsonrpc": "2.0", "method": "subscription", "params": {"channel": "book.ETH-11APR25.none.20.100ms", "data": {"timestamp": 1743989379073, "change_id": 64652201077, "instrument_name": "ETH-11APR25", "bids": [[1607.5, 6304.0], [1607.25, 15689.0], [1607.0, 6402.0], [1606.75, 2222.0], [1606.5, 19076.0], [1606.25, 2170.0], [1606.0, 2190.0], [1604.5, 2104.0], [1604.25, 2104.0], [1604.0, 3943.0], [1603.75, 90000.0], [1603.5, 2150.0], [1603.25, 7748.0], [1603.0, 42102.0], [1602.5, 2102.0], [1602.25, 2616.0], [1602.0, 180000.0], [1601.75, 2104.0], [1600.5, 2168.0], [1600.25, 2134.0]], "asks": [[1608.5, 5811.0], [1608.75, 32391.0], [1609.0, 6304.0], [1609.25, 6402.0], [1609.5, 2102.0], [1609.75, 2204.0], [1610.0, 2102.0], [1610.25, 2102.0], [1610.5, 5009.0], [1610.75, 2109.0], [1611.25, 2112.0], [1612.0, 455.0], [1612.25, 2104.0], [1612.75, 2128.0], [1613.0, 92104.0], [1613.75, 40415.0], [1615.25, 2193.0], [1615.5, 40000.0], [1615.75, 2181.0], [1617.25, 415.0]]}}}
{"jsonrpc": "2.0", "method": "subscription", "params": {"channel": "book.ETH-18APR25.none.20.100ms", "data": {"timestamp": 1743989379054, "change_id": 64652200940, "instrument_name": "ETH-18APR25", "bids": [[1608.25, 2900.0], [1608.0, 2900.0], [1607.5, 3586.0], [1607.25, 10000.0], [1606.5, 1000.0], [1605.75, 1350.0], [1605.25, 1326.0], [1605.0, 1344.0], [1604.5, 1353.0], [1604.25, 2732.0], [1604.0, 1346.0], [1603.75, 1353.0], [1603.5, 6900.0], [1603.25, 1353.0], [1602.5, 40000.0], [1600.75, 1350.0], [1600.5, 1353.0], [1600.25, 23516.0], [1600.0, 7677.0], [1599.75, 1377.0]], "asks": [[1608.75, 13586.0], [1609.25, 2900.0], [1609.5, 2900.0], [1611.75, 1350.0], [1613.5, 1353.0], [1613.75, 40000.0], [1615.25, 1344.0], [1615.5, 41341.0], [1616.0, 1350.0], [1618.25, 1327.0], [1618.5, 37939.0], [1618.75, 7576.0], [1619.0, 60300.0], [1620.25, 37171.0], [1620.5, 1344.0], [1621.0, 1354.0], [1621.25, 1363.0], [1625.25, 1359.0], [1625.5, 6908.0], [1625.75, 38433.0]]}}}
{"jsonrpc": "2.0", "method": "subscription", "params": {"channel": "book.ETH-11APR25.none.20.100ms", "data": {"timestamp": 1743989379271, "change_id": 64652201439, "instrument_name": "ETH-11APR25", "bids": [[1607.75, 1891.0], [1607.5, 11011.0], [1607.25, 15689.0], [1607.0, 6522.0], [1606.75, 10871.0], [1606.5, 19076.0], [1606.25, 2170.0], [1606.0, 2190.0], [1604.5, 2104.0], [1604.25, 2104.0], [1604.0, 3943.0], [1603.75, 90000.0], [1603.5, 2150.0], [1603.25, 2201.0], [1603.0, 42102.0], [1602.5, 2102.0], [1602.25, 8163.0], [1602.0, 180000.0], [1601.75, 2104.0], [1600.5, 2168.0]], "asks": [[1608.25, 1690.0], [1608.5, 5811.0], [1608.75, 16304.0], [1609.0, 6304.0], [1609.25, 6402.0], [1609.5, 2102.0], [1609.75, 2204.0], [1610.0, 2102.0], [1610.25, 2102.0], [1610.5, 5009.0], [1610.75, 2109.0], [1611.25, 2112.0], [1612.0, 455.0], [1612.25, 2104.0], [1612.75, 2128.0], [1613.0, 92104.0], [1613.75, 40415.0], [1615.25, 2193.0], [1615.5, 40000.0], [1615.75, 2181.0]]}}}
{"jsonrpc": "2.0", "method": "subscription", "params": {"channel": "book.ETH-18APR25.none.20.100ms", "data": {"timestamp": 1743989379263, "change_id": 64652201444, "instrument_name": "ETH-18APR25", "bids": [[1608.25, 2900.0], [1607.5, 6586.0], [1607.25, 10000.0], [1606.5, 1000.0], [1605.75, 1350.0], [1605.25, 1326.0], [1605.0, 1344.0], [1604.5, 1353.0], [1604.25, 2732.0], [1604.0, 1346.0], [1603.75, 1353.0], [1603.5, 6900.0], [1603.25, 1353.0], [1602.5, 40000.0], [1600.75, 1350.0], [1600.5, 1353.0], [1600.25, 29816.0], [1600.0, 1377.0], [1599.75, 1377.0], [1599.0, 1377.0]], "asks": [[1608.75, 10227.0], [1609.0, 3586.0], [1611.75, 1350.0], [1613.5, 1353.0], [1613.75, 40000.0], [1615.25, 1344.0], [1615.5, 41341.0], [1616.0, 1350.0], [1618.25, 1327.0], [1618.5, 37939.0], [1618.75, 7576.0], [1619.0, 60300.0], [1620.25, 37171.0], [1620.5, 1344.0], [1621.0, 1354.0], [1621.25, 1363.0], [1625.25, 1359.0], [1625.5, 6908.0], [1625.75, 38433.0], [1628.25, 1358.0]]}}}
{"jsonrpc": "2.0", "method": "subscription", "params": {"channel": "book.ETH-11APR25.none.20.100ms", "data": {"timestamp": 1743989379457, "change_id": 64652201723, "instrument_name": "ETH-11APR25", "bids": [[1607.75, 1891.0], [1607.5, 11011.0], [1607.25, 17730.0], [1607.0, 7963.0], [1606.75, 10871.0], [1606.5, 19503.0], [1606.25, 2597.0], [1606.0, 2190.0], [1604.5, 2104.0], [1604.25, 2104.0], [1604.0, 3943.0], [1603.75, 90000.0], [1603.5, 2150.0], [1603.25, 2201.0], [1603.0, 42102.0], [1602.5, 2102.0], [1602.25, 8163.0], [1602.0, 180000.0], [1601.75, 2104.0], [1600.5, 2168.0]], "asks": [[1608.25, 1690.0], [1608.5, 10702.0], [1608.75, 16304.0], [1609.0, 6731.0], [1609.25, 6402.0], [1609.5, 2102.0], [1609.75, 2204.0], [1610.0, 2102.0], [1610.25, 2102.0], [1610.5, 5009.0], [1610.75, 2109.0], [1611.25, 2112.0], [1612.0, 455.0], [1612.25, 2104.0], [1612.75, 2128.0], [1613.0, 92104.0], [1613.75, 40415.0], [1615.25, 2193.0], [1615.5, 40000.0], [1615.75, 2181.0]]}}}
{"jsonrpc": "2.0", "method": "subscription", "params": {"channel": "book.ETH-18APR25.none.20.100ms", "data": {"timestamp": 1743989379661, "change_id": 64652201933, "instrument_name": "ETH-18APR25", "bids": [[1607.75, 1076.0], [1607.5, 6586.0], [1607.25, 10000.0], [1606.75, 227.0], [1606.5, 1000.0], [1606.0, 227.0], [1605.75, 1350.0], [1605.5, 227.0], [1605.25, 1553.0], [1605.0, 1344.0], [1604.75, 227.0], [1604.5, 2173.0], [1604.25, 2959.0], [1604.0, 1346.0], [1603.75, 1353.0], [1603.5, 6900.0], [1603.25, 1353.0], [1602.5, 40000.0], [1600.75, 1350.0], [1600.5, 1353.0]], "asks": [[1608.75, 12517.0], [1609.0, 8483.0], [1611.5, 227.0], [1611.75, 1350.0], [1613.5, 1353.0], [1613.75, 40000.0], [1615.25, 1344.0], [1615.5, 41341.0], [1616.0, 1350.0], [1618.25, 1327.0], [1618.5, 37939.0], [1618.75, 7576.0], [1619.0, 60300.0], [1620.25, 37171.0], [1620.5, 1344.0], [1621.0, 1354.0], [1621.25, 1363.0], [1625.25, 1359.0], [1625.5, 6908.0], [1625.75, 38433.0]]}}}
{"jsonrpc": "2.0", "method": "subscription", "params": {"channel": "book.ETH-11APR25.none.20.100ms", "data": {"timestamp": 1743989379885, "change_id": 64652202804, "instrument_name": "ETH-11APR25", "bids": [[1607.5, 4707.0], [1607.25, 14979.0], [1607.0, 11550.0], [1606.75, 10871.0], [1606.5, 19503.0], [1606.25, 2597.0], [1606.0, 2190.0], [1604.75, 631.0], [1604.5, 2735.0], [1604.25, 3287.0], [1604.0, 30943.0], [1603.75, 90000.0], [1603.25, 2201.0], [1603.0, 42102.0], [1602.5, 2102.0], [1602.25, 8163.0], [1602.0, 180000.0], [1601.75, 2104.0], [1600.5, 2168.0], [1600.25, 2134.0]], "asks": [[1608.25, 1690.0], [1608.5, 20702.0], [1608.75, 9195.0], [1609.0, 8171.0], [1609.25, 7033.0], [1609.5, 3178.0], [1609.75, 4494.0], [1610.0, 2733.0], [1610.25, 3605.0], [1610.5, 5642.0], [1610.75, 2109.0], [1611.0, 634.0], [1611.25, 2112.0], [1612.0, 455.0], [1612.75, 2128.0], [1613.0, 92104.0], [1613.75, 40415.0], [1615.25, 2193.0], [1615.5, 40000.0], [1615.75, 2181.0]]}}}
{"jsonrpc": "2.0", "method": "subscription", "params": {"channel": "book.ETH-18APR25.none.20.100ms", "data": {"timestamp": 1743989380066, "change_id": 64652202806, "instrument_name": "ETH-18APR25", "bids": [[1608.0, 3127.0], [1607.75, 2900.0], [1607.5, 3000.0], [1607.25, 13586.0], [1606.75, 227.0], [1606.5, 1000.0], [1606.0, 227.0], [1605.75, 1350.0], [1605.5, 227.0], [1605.25, 1553.0], [1605.0, 1344.0], [1604.75, 227.0], [1604.5, 2173.0], [1604.25, 2959.0], [1604.0, 1346.0], [1603.75, 1353.0], [1603.5, 6900.0], [1603.25, 1353.0], [1602.5, 40000.0], [1600.75, 1350.0]], "asks": [[1608.5, 15900.0], [1608.75, 5027.0], [1609.0, 4897.0], [1611.5, 227.0], [1611.75, 1350.0], [1613.5, 1353.0], [1613.75, 40000.0], [1615.25, 1344.0], [1615.5, 41341.0], [1616.0, 1350.0], [1618.25, 1327.0], [1618.5, 37939.0], [1618.75, 7576.0], [1619.0, 60300.0], [1620.25, 37171.0], [1620.5, 1344.0], [1621.0, 1354.0], [1621.25, 1363.0], [1625.25, 1359.0], [1625.5, 6908.0]]}}}
{"jsonrpc": "2.0", "method": "subscription", "params": {"channel": "book.ETH-11APR25.none.20.100ms", "data": {"timestamp": 1743989380394, "change_id": 64652203262, "instrument_name": "ETH-11APR25", "bids": [[1607.5, 4707.0], [1607.25, 14979.0], [1607.0, 11550.0], [1606.75, 11971.0], [1606.5, 19727.0], [1606.25, 2597.0], [1606.0, 2190.0], [1604.75, 631.0], [1604.5, 2735.0], [1604.25, 3287.0], [1604.0, 4370.0], [1603.75, 90000.0], [1603.25, 2201.0], [1603.0, 42102.0], [1602.5, 2102.0], [1602.25, 8163.0], [1602.0, 180000.0], [1601.75, 2104.0], [1600.5, 2168.0], [1600.25, 2134.0]], "asks": [[1608.5, 32949.0], [1608.75, 9195.0], [1609.0, 8171.0], [1609.25, 7033.0], [1609.5, 3178.0], [1609.75, 5494.0], [1610.0, 2733.0], [1610.25, 3605.0], [1610.5, 5642.0], [1610.75, 2109.0], [1611.0, 634.0], [1611.25, 2112.0], [1612.0, 455.0], [1612.75, 2128.0], [1613.0, 92104.0], [1613.75, 40415.0], [1615.25, 2193.0], [1615.5, 40000.0], [1615.75, 2181.0], [1617.25, 415.0]]}}}
{"jsonrpc": "2.0", "method": "subscription", "params": {"channel": "book.ETH-18APR25.none.20.100ms", "data": {"timestamp": 1743989380282, "change_id": 64652203072, "instrument_name": "ETH-18APR25", "bids": [[1608.0, 3742.0], [1607.75, 2900.0], [1607.5, 3000.0], [1607.25, 13586.0], [1606.75, 227.0], [1606.5, 1000.0], [1606.0, 227.0], [1605.75, 1350.0], [1605.5, 227.0], [1605.25, 1553.0], [1605.0, 1344.0], [1604.75, 227.0], [1604.5, 2173.0], [1604.25, 2959.0], [1604.0, 1346.0], [1603.75, 1353.0], [1603.5, 6900.0], [1603.25, 1353.0], [1602.5, 40000.0], [1600.75, 1350.0]], "asks": [[1608.5, 12900.0], [1608.75, 3586.0], [1611.5, 227.0], [1611.75, 1350.0], [1613.5, 1353.0], [1613.75, 40000.0], [1615.25, 1344.0], [1615.5, 41341.0], [1616.0, 1350.0], [1618.25, 1327.0], [1618.5, 37939.0], [1618.75, 7576.0], [1619.0, 60300.0], [1620.25, 37171.0], [1620.5, 1344.0], [1621.0, 1354.0], [1621.25, 1363.0], [1625.25, 1359.0], [1625.5, 6908.0], [1625.75, 38433.0]]}}}
{"jsonrpc": "2.0", "method": "subscription", "params": {"channel": "book.ETH-11APR25.none.20.100ms", "data": {"timestamp": 1743989380559, "change_id": 64652203704, "instrument_name": "ETH-11APR25", "bids": [[1607.25, 12222.0], [1607.0, 9989.0], [1606.75, 6302.0], [1606.5, 19076.0], [1606.25, 2170.0], [1606.0, 2190.0], [1604.5, 2104.0], [1604.25, 2104.0], [1604.0, 3943.0], [1603.75, 90000.0], [1603.25, 2201.0], [1603.0, 2102.0], [1602.5, 2102.0], [1602.25, 48163.0], [1602.0, 180000.0], [1601.75, 2104.0], [1600.5, 2168.0], [1600.25, 2134.0], [1600.0, 2190.0], [1599.75, 24292.0]], "asks": [[1608.25, 2224.0], [1608.5, 15691.0], [1608.75, 7304.0], [1609.0, 6304.0], [1609.25, 6402.0], [1609.5, 2102.0], [1609.75, 2204.0], [1610.0, 2102.0], [1610.25, 2102.0], [1610.5, 5009.0], [1610.75, 2109.0], [1611.25, 2112.0], [1612.0, 455.0], [1612.75, 2128.0], [1613.0, 92104.0], [1613.75, 40415.0], [1615.25, 2193.0], [1615.5, 40000.0], [1615.75, 2181.0], [1617.25, 415.0]]}}}
{"jsonrpc": "2.0", "method": "subscription", "params": {"channel": "book.ETH-18APR25.none.20.100ms", "data": {"timestamp": 1743989380528, "change_id": 64652203625, "instrument_name": "ETH-18APR25", "bids": [[1607.75, 2900.0], [1607.5, 3000.0], [1607.25, 13586.0], [1606.75, 227.0], [1606.5, 1000.0], [1606.0, 227.0], [1605.75, 1350.0], [1605.5, 227.0], [1605.25, 1553.0], [1605.0, 1344.0], [1604.75, 227.0], [1604.5, 2173.0], [1604.25, 2959.0], [1604.0, 1346.0], [1603.75, 1353.0], [1603.5, 6900.0], [1603.25, 1353.0], [1602.5, 40000.0], [1600.75, 1350.0], [1600.5, 1353.0]], "asks": [[1608.5, 13976.0], [1608.75, 3586.0], [1611.5, 227.0], [1611.75, 1350.0], [1613.5, 1353.0], [1613.75, 40000.0], [1615.25, 1344.0], [1615.5, 41341.0], [1616.0, 1350.0], [1618.0, 6232.0], [1618.25, 1327.0], [1618.5, 37939.0], [1618.75, 1344.0], [1619.0, 60300.0], [1620.25, 37171.0], [1620.5, 1344.0], [1621.0, 1354.0], [1621.25, 1363.0], [1625.25, 1359.0], [1625.5, 6908.0]]}}}
{"jsonrpc": "2.0", "method": "subscription", "params": {"channel": "book.ETH-11APR25.none.20.100ms", "data": {"timestamp": 1743989381028, "change_id": 64652204738, "instrument_name": "ETH-11APR25", "bids": [[1607.5, 9971.0], [1607.25, 15219.0], [1607.0, 11880.0], [1606.75, 12025.0], [1606.5, 19727.0], [1606.25, 2827.0], [1606.0, 2190.0], [1604.75, 631.0], [1604.5, 2735.0], [1604.25, 3287.0], [1604.0, 30943.0], [1603.75, 90000.0], [1603.25, 2201.0], [1603.0, 2102.0], [1602.5, 2102.0], [1602.25, 48163.0], [1602.0, 180000.0], [1601.75, 2104.0], [1600.5, 2168.0], [1600.25, 2134.0]], "asks": [[1608.25, 4827.0], [1608.5, 17882.0], [1608.75, 9195.0], [1609.0, 8225.0], [1609.25, 7033.0], [1609.5, 2763.0], [1609.75, 2835.0], [1610.0, 2733.0], [1610.25, 3605.0], [1610.5, 5642.0], [1610.75, 2109.0], [1611.25, 2112.0], [1612.0, 455.0], [1612.75, 2128.0], [1613.0, 92104.0], [1613.75, 40415.0], [1615.25, 2193.0], [1615.5, 40000.0], [1615.75, 2181.0], [1617.25, 415.0]]}}}
{"jsonrpc": "2.0", "method": "subscription", "params": {"channel": "book.ETH-18APR25.none.20.100ms", "data": {"timestamp": 1743989381037, "change_id": 64652204759, "instrument_name": "ETH-18APR25", "bids": [[1608.0, 3770.0], [1607.75, 2900.0], [1607.5, 3000.0], [1607.25, 13586.0], [1606.75, 227.0], [1606.5, 1000.0], [1606.0, 227.0], [1605.75, 1350.0], [1605.5, 227.0], [1605.25, 1553.0], [1605.0, 1344.0], [1604.75, 227.0], [1604.5, 2173.0], [1604.25, 2959.0], [1604.0, 1346.0], [1603.75, 1353.0], [1603.5, 6900.0], [1603.25, 1353.0], [1602.5, 40000.0], [1600.75, 1350.0]], "asks": [[1608.5, 10000.0], [1608.75, 3586.0], [1611.5, 227.0], [1611.75, 1350.0], [1613.5, 1353.0], [1613.75, 40000.0], [1615.25, 1344.0], [1615.5, 41341.0], [1616.0, 1350.0], [1618.0, 6232.0], [1618.25, 1327.0], [1618.5, 37939.0], [1618.75, 1344.0], [1619.0, 60300.0], [1620.25, 37171.0], [1620.5, 1344.0], [1621.0, 1354.0], [1621.25, 1363.0], [1625.25, 1359.0], [1625.5, 6908.0]]}}}
{"jsonrpc": "2.0", "method": "subscription", "params": {"channel": "book.ETH-11APR25.none.20.100ms", "data": {"timestamp": 1743989381351, "change_id": 64652205387, "instrument_name": "ETH-11APR25", "bids": [[1607.75, 4991.0], [1607.5, 9971.0], [1607.25, 22317.0], [1607.0, 24363.0], [1606.75, 12025.0], [1606.5, 19727.0], [1606.25, 2827.0], [1606.0, 2190.0], [1604.75, 631.0], [1604.5, 2735.0], [1604.25, 3287.0], [1604.0, 30943.0], [1603.75, 90000.0], [1603.25, 2201.0], [1603.0, 2102.0], [1602.5, 2102.0], [1602.25, 48163.0], [1602.0, 180000.0], [1601.75, 2104.0], [1600.5, 2168.0]], "asks": [[1608.25, 4827.0], [1608.5, 17882.0], [1608.75, 9195.0], [1609.0, 8225.0], [1609.25, 7033.0], [1609.5, 2763.0], [1609.75, 2835.0], [1610.0, 2733.0], [1610.25, 3605.0], [1610.5, 5642.0], [1610.75, 2109.0], [1611.25, 2112.0], [1612.0, 455.0], [1612.75, 2128.0], [1613.0, 92104.0], [1613.75, 40415.0], [1615.25, 2193.0], [1615.5, 40000.0], [1615.75, 2181.0], [1617.25, 415.0]]}}}
{"jsonrpc": "2.0", "method": "subscription", "params": {"channel": "book.ETH-18APR25.none.20.100ms", "data": {"timestamp": 1743989381279, "change_id": 64652205239, "instrument_name": "ETH-18APR25", "bids": [[1608.0, 3770.0], [1607.75, 3976.0], [1607.5, 6586.0], [1607.25, 10000.0], [1606.75, 227.0], [1606.5, 1000.0], [1606.0, 227.0], [1605.75, 1350.0], [1605.5, 227.0], [1605.25, 1553.0], [1605.0, 1344.0], [1604.75, 227.0], [1604.5, 2173.0], [1604.25, 2732.0], [1603.75, 1353.0], [1603.5, 6900.0], [1603.25, 1353.0], [1602.5, 40000.0], [1600.75, 1350.0], [1600.5, 1353.0]], "asks": [[1608.5, 10000.0], [1608.75, 3586.0], [1611.25, 227.0], [1611.5, 1580.0], [1611.75, 1350.0], [1613.5, 1353.0], [1613.75, 40000.0], [1615.25, 1344.0], [1615.5, 41341.0], [1616.0, 1350.0], [1618.0, 6232.0], [1618.25, 1327.0], [1618.5, 37939.0], [1618.75, 1344.0], [1619.0, 60300.0], [1620.25, 37171.0], [1621.0, 1354.0], [1621.25, 1363.0], [1625.25, 1359.0], [1625.5, 6908.0]]}}}
{"jsonrpc": "2.0", "method": "subscription", "params": {"channel": "book.ETH-11APR25.none.20.100ms", "data": {"timestamp": 1743989381649, "change_id": 64652206305, "instrument_name": "ETH-11APR25", "bids": [[1608.25, 631.0], [1608.0, 6470.0], [1607.75, 17095.0], [1607.5, 6851.0], [1607.25, 8610.0], [1607.0, 24363.0], [1606.75, 12025.0], [1606.5, 19727.0], [1606.25, 2827.0], [1606.0, 2190.0], [1604.75, 631.0], [1604.5, 2735.0], [1604.25, 3287.0], [1604.0, 30943.0], [1603.75, 90000.0], [1603.25, 2201.0], [1603.0, 2102.0], [1602.5, 2102.0], [1602.25, 48163.0], [1602.0, 180000.0]], "asks": [[1608.75, 8975.0], [1609.0, 18225.0], [1609.25, 7033.0], [1609.5, 3763.0], [1609.75, 2835.0], [1610.0, 2733.0], [1610.25, 3605.0], [1610.5, 5642.0], [1610.75, 2109.0], [1611.0, 634.0], [1611.25, 2112.0], [1612.0, 455.0], [1612.75, 2128.0], [1613.0, 92104.0], [1613.75, 40415.0], [1615.25, 2193.0], [1615.5, 40000.0], [1615.75, 2181.0], [1617.25, 415.0], [1617.5, 17115.0]]}}}
{"jsonrpc": "2.0", "method": "subscription", "params": {"channel": "book.ETH-18APR25.none.20.100ms", "data": {"timestamp": 1743989381632, "change_id": 64652206162, "instrument_name": "ETH-18APR25", "bids": [[1608.25, 870.0], [1608.0, 3770.0], [1607.75, 2900.0], [1607.5, 3000.0], [1607.25, 10227.0], [1607.0, 1000.0], [1606.0, 227.0], [1605.75, 1350.0], [1605.5, 227.0], [1605.25, 1553.0], [1605.0, 1344.0], [1604.75, 227.0], [1604.5, 2173.0], [1604.25, 2732.0], [1603.75, 1353.0], [1603.5, 6900.0], [1603.25, 1353.0], [1602.5, 41353.0], [1600.75, 1350.0], [1600.5, 7653.0]], "asks": [[1609.0, 10000.0], [1611.0, 227.0], [1611.25, 1577.0], [1611.5, 1580.0], [1611.75, 1350.0], [1613.25, 227.0], [1613.5, 13353.0], [1613.75, 40000.0], [1615.25, 1344.0], [1615.5, 41341.0], [1618.0, 6232.0], [1618.25, 1327.0], [1618.5, 1353.0], [1618.75, 56853.0], [1619.0, 41377.0], [1620.25, 37171.0], [1621.0, 1354.0], [1621.25, 1363.0], [1625.25, 1359.0], [1625.5, 6908.0]]}}}
{"jsonrpc": "2.0", "method": "subscription", "params": {"channel": "book.ETH-11APR25.none.20.100ms", "data": {"timestamp": 1743989382028, "change_id": 64652207397, "instrument_name": "ETH-11APR25", "bids": [[1608.25, 5656.0], [1608.0, 14582.0], [1607.75, 10802.0], [1607.5, 6731.0], [1607.25, 3969.0], [1607.0, 8293.0], [1606.75, 12025.0], [1606.5, 19727.0], [1606.25, 2827.0], [1606.0, 2190.0], [1604.75, 631.0], [1604.5, 2735.0], [1604.25, 2860.0], [1604.0, 30943.0], [1603.75, 90000.0], [1603.25, 2201.0], [1603.0, 2102.0], [1602.5, 2102.0], [1602.25, 48163.0], [1602.0, 180000.0]], "asks": [[1609.0, 7233.0], [1609.25, 10986.0], [1609.5, 3529.0], [1609.75, 2631.0], [1610.0, 2529.0], [1610.25, 3551.0], [1610.5, 5642.0], [1610.75, 2109.0], [1611.0, 427.0], [1611.25, 2112.0], [1612.0, 455.0], [1612.75, 2128.0], [1613.0, 92104.0], [1613.75, 40415.0], [1615.25, 2193.0], [1615.5, 40000.0], [1615.75, 2181.0], [1617.25, 415.0], [1617.5, 17115.0], [1617.75, 51038.0]]}}}
{"jsonrpc": "2.0", "method": "subscription", "params": {"channel": "book.ETH-18APR25.none.20.100ms", "data": {"timestamp": 1743989382026, "change_id": 64652207405, "instrument_name": "ETH-18APR25", "bids": [[1608.5, 4500.0], [1608.25, 19716.0], [1608.0, 17356.0], [1607.75, 2900.0], [1607.25, 227.0], [1607.0, 1000.0], [1606.0, 227.0], [1605.75, 1350.0], [1605.5, 227.0], [1605.25, 1553.0], [1605.0, 1344.0], [1604.75, 227.0], [1604.5, 2173.0], [1604.25, 2732.0], [1603.75, 1353.0], [1603.5, 6900.0], [1603.25, 1353.0], [1602.5, 41353.0], [1600.75, 1350.0], [1600.5, 7653.0]], "asks": [[1609.25, 5011.0], [1609.5, 3586.0], [1611.0, 227.0], [1611.25, 1350.0], [1611.5, 227.0], [1611.75, 1577.0], [1612.0, 1353.0], [1613.5, 13126.0], [1613.75, 40000.0], [1615.25, 1344.0], [1615.5, 41341.0], [1618.0, 6232.0], [1618.25, 1327.0], [1618.5, 1353.0], [1618.75, 56853.0], [1619.0, 41377.0], [1620.25, 37171.0], [1621.0, 1354.0], [1621.25, 1363.0], [1625.25, 1359.0]]}}}
