{"jsonrpc": "2.0", "id": 1, "result": ["book.ETH-6FEB26.none.20.100ms"], "usIn": 1769752247999413, "usOut": 1769752247999589, "usDiff": 176, "testnet": false}
{"jsonrpc": "2.0", "method": "subscription", "params": {"channel": "book.ETH-6FEB26.none.20.100ms", "data": {"timestamp": 1769752247781, "change_id": 106646606180, "instrument_name": "ETH-6FEB26", "bids": [[2750.5, 2172.0], [2750.25, 2955.0], [2750.0, 1700.0], [2749.75, 2325.0], [2749.5, 1191.0], [2747.0, 7200.0], [2746.75, 22039.0], [2745.0, 11.0], [2744.75, 5264.0], [2743.75, 5064.0], [2743.5, 400.0], [2742.5, 19060.0], [2742.25, 40000.0], [2739.5, 14797.0], [2739.25, 30179.0], [2739.0, 40000.0], [2737.25, 29861.0], [2736.75, 228.0], [2734.25, 29261.0], [2734.0, 30555.0]], "asks": [[2751.0, 625.0], [2751.25, 4655.0], [2751.5, 72.0], [2752.0, 1700.0], [2752.25, 500.0], [2752.75, 1700.0], [2753.0, 7073.0], [2754.25, 1700.0], [2754.5, 1000.0], [2756.25, 4936.0], [2757.5, 21443.0], [2758.5, 40000.0], [2758.75, 11.0], [2759.0, 15153.0], [2759.5, 1000.0], [2759.75, 2.0], [2760.0, 30202.0], [2761.5, 29737.0], [2761.75, 29136.0], [2762.25, 1191.0]]}}}
{"jsonrpc": "2.0", "method": "subscription", "params": {"channel": "book.ETH-6FEB26.none.20.100ms", "data": {"timestamp": 1769752247781, "change_id": 106646606180, "instrument_name": "ETH-6FEB26", "bids": [[2750.5, 2172.0], [2750.25, 2955.0], [2750.0, 1700.0], [2749.75, 2325.0], [2749.5, 1191.0], [2747.0, 7200.0], [2746.75, 22039.0], [2745.0, 11.0], [2744.75, 5264.0], [2743.75, 5064.0], [2743.5, 400.0], [2742.5, 19060.0], [2742.25, 40000.0], [2739.5, 14797.0], [2739.25, 30179.0], [2739.0, 40000.0], [2737.25, 29861.0], [2736.75, 228.0], [2734.25, 29261.0], [2734.0, 30555.0]], "asks": [[2751.0, 625.0], [2751.25, 4655.0], [2751.5, 72.0], [2752.0, 1700.0], [2752.25, 500.0], [2752.75, 1700.0], [2753.0, 7073.0], [2754.25, 1700.0], [2754.5, 1000.0], [2756.25, 4936.0], [2757.5, 21443.0], [2758.5, 40000.0], [2758.75, 11.0], [2759.0, 15153.0], [2759.5, 1000.0], [2759.75, 2.0], [2760.0, 30202.0], [2761.5, 29737.0], [2761.75, 29136.0], [2762.25, 1191.0]]}}}
{"jsonrpc": "2.0", "method": "subscription", "params": {"channel": "book.ETH-6FEB26.none.20.100ms", "data": {"timestamp": 1769752248283, "change_id": 106646606912, "instrument_name": "ETH-6FEB26", "bids": [[2750.5, 5127.0], [2750.25, 1700.0], [2750.0, 625.0], [2749.75, 1700.0], [2749.5, 1191.0], [2747.0, 7200.0], [2746.75, 22039.0], [2745.0, 11.0], [2744.75, 5264.0], [2743.75, 5064.0], [2743.5, 400.0], [2742.5, 19060.0], [2742.25, 40000.0], [2739.5, 14797.0], [2739.25, 30179.0], [2739.0, 40000.0], [2737.25, 29861.0], [2736.75, 228.0], [2734.25, 29261.0], [2734.0, 30555.0]], "asks": [[2751.0, 2325.0], [2751.25, 4655.0], [2751.5, 72.0], [2752.0, 1700.0], [2752.25, 500.0], [2752.75, 1700.0], [2753.0, 7073.0], [2754.25, 1700.0], [2754.5, 1000.0], [2756.25, 4936.0], [2757.5, 21443.0], [2758.5, 40000.0], [2758.75, 11.0], [2759.0, 15153.0], [2759.5, 1000.0], [2759.75, 2.0], [2760.0, 30202.0], [2761.5, 29737.0], [2761.75, 29136.0], [2762.25, 1191.0]]}}}
{"jsonrpc": "2.0", "method": "subscription", "params": {"channel": "book.ETH-6FEB26.none.20.100ms", "data": {"timestamp": 1769752249087, "change_id": 106646608212, "instrument_name": "ETH-6FEB26", "bids": [[2751.0, 4655.0], [2750.75, 1700.0], [2750.5, 1700.0], [2750.25, 2325.0], [2750.0, 350.0], [2749.75, 1700.0], [2749.5, 1191.0], [2747.0, 7200.0], [2746.75, 22039.0], [2745.25, 4866.0], [2745.0, 11.0], [2744.75, 5264.0], [2743.75, 5064.0], [2743.5, 400.0], [2742.5, 19060.0], [2742.25, 40000.0], [2739.5, 14797.0], [2739.25, 30179.0], [2739.0, 40000.0], [2737.25, 29861.0]], "asks": [[2751.25, 1700.0], [2751.75, 2955.0], [2752.0, 1764.0], [2752.25, 500.0], [2752.75, 1700.0], [2754.25, 8742.0], [2754.5, 1000.0], [2756.25, 4936.0], [2757.5, 21443.0], [2758.5, 40000.0], [2758.75, 11.0], [2759.0, 15153.0], [2759.5, 1000.0], [2759.75, 2.0], [2760.0, 30202.0], [2761.5, 29737.0], [2761.75, 29136.0], [2762.25, 1191.0], [2763.5, 4764.0], [2765.5, 228.0]]}}}
{"jsonrpc": "2.0", "method": "subscription", "params": {"channel": "book.ETH-6FEB26.none.20.100ms", "data": {"timestamp": 1769752249390, "change_id": 106646608970, "instrument_name": "ETH-6FEB26", "bids": [[2750.5, 1700.0], [2750.25, 4655.0], [2750.0, 350.0], [2749.75, 1700.0], [2749.5, 1191.0], [2747.0, 7200.0], [2746.75, 22039.0], [2745.25, 4866.0], [2745.0, 11.0], [2744.75, 5264.0], [2743.75, 5064.0], [2743.5, 400.0], [2742.5, 19060.0], [2742.25, 40000.0], [2739.5, 14797.0], [2739.25, 30179.0], [2739.0, 40000.0], [2737.25, 29861.0], [2736.75, 228.0], [2734.25, 29261.0]], "asks": [[2750.75, 1700.0], [2751.0, 2955.0], [2751.25, 1700.0], [2751.5, 64.0], [2752.0, 1700.0], [2752.25, 500.0], [2752.75, 7101.0], [2754.25, 1700.0], [2754.5, 1000.0], [2756.25, 4936.0], [2757.5, 21443.0], [2758.5, 40000.0], [2758.75, 11.0], [2759.0, 15153.0], [2759.5, 1000.0], [2759.75, 2.0], [2760.0, 30202.0], [2761.5, 29737.0], [2761.75, 29136.0], [2762.25, 1191.0]]}}}
{"jsonrpc": "2.0", "method": "subscription", "params": {"channel": "book.ETH-6FEB26.none.20.100ms", "data": {"timestamp": 1769752249462, "change_id": 106646609001, "instrument_name": "ETH-6FEB26", "bids": [[2750.5, 1700.0], [2750.25, 4655.0], [2750.0, 350.0], [2749.75, 2325.0], [2749.5, 1191.0], [2747.0, 7200.0], [2746.75, 22039.0], [2745.25, 4866.0], [2745.0, 11.0], [2744.75, 5264.0], [2743.75, 5064.0], [2743.5, 400.0], [2742.5, 19060.0], [2742.25, 40000.0], [2739.5, 14797.0], [2739.25, 30179.0], [2739.0, 40000.0], [2737.25, 29861.0], [2736.75, 228.0], [2734.25, 29261.0]], "asks": [[2750.75, 1700.0], [2751.0, 3580.0], [2751.25, 1700.0], [2751.5, 64.0], [2752.0, 1700.0], [2752.25, 500.0], [2752.75, 7101.0], [2754.25, 1700.0], [2754.5, 1000.0], [2756.25, 4936.0], [2757.5, 21443.0], [2758.5, 40000.0], [2758.75, 11.0], [2759.0, 15153.0], [2759.5, 1000.0], [2759.75, 2.0], [2760.0, 30202.0], [2761.5, 29737.0], [2761.75, 29136.0], [2762.25, 1191.0]]}}}
{"jsonrpc": "2.0", "method": "subscription", "params": {"channel": "book.ETH-6FEB26.none.20.100ms", "data": {"timestamp": 1769752250260, "change_id": 106646610102, "instrument_name": "ETH-6FEB26", "bids": [[2750.5, 1700.0], [2750.25, 5005.0], [2750.0, 1700.0], [2749.75, 2325.0], [2749.5, 1191.0], [2747.0, 7200.0], [2746.75, 22039.0], [2745.25, 4866.0], [2745.0, 11.0], [2744.75, 5264.0], [2743.75, 5064.0], [2743.5, 400.0], [2742.5, 19060.0], [2742.25, 40000.0], [2739.5, 14797.0], [2739.25, 30179.0], [2739.0, 40000.0], [2737.25, 29861.0], [2736.75, 228.0], [2734.25, 29261.0]], "asks": [[2750.75, 1700.0], [2751.0, 3580.0], [2751.25, 1700.0], [2751.5, 64.0], [2752.0, 1700.0], [2752.25, 500.0], [2752.5, 1700.0], [2752.75, 7101.0], [2754.25, 1700.0], [2754.5, 1000.0], [2756.25, 4936.0], [2757.5, 21443.0], [2758.5, 40000.0], [2758.75, 11.0], [2759.0, 15153.0], [2759.5, 1000.0], [2759.75, 2.0], [2760.0, 30202.0], [2761.5, 29737.0], [2761.75, 29136.0]]}}}
{"jsonrpc": "2.0", "method": "subscription", "params": {"channel": "book.ETH-6FEB26.none.20.100ms", "data": {"timestamp": 1769752251278, "change_id": 106646611185, "instrument_name": "ETH-6FEB26", "bids": [[2750.5, 1700.0], [2750.25, 4655.0], [2750.0, 1700.0], [2749.75, 2325.0], [2747.5, 1191.0], [2747.0, 7200.0], [2746.75, 22039.0], [2745.25, 4866.0], [2745.0, 11.0], [2744.75, 5264.0], [2743.75, 5064.0], [2743.5, 400.0], [2742.5, 19060.0], [2742.25, 40000.0], [2739.5, 14797.0], [2739.25, 30179.0], [2739.0, 40000.0], [2737.25, 29861.0], [2736.75, 228.0], [2734.25, 29261.0]], "asks": [[2750.75, 1700.0], [2751.0, 3580.0], [2751.25, 1700.0], [2751.5, 64.0], [2752.0, 1700.0], [2752.25, 500.0], [2752.5, 1700.0], [2752.75, 7101.0], [2754.25, 1700.0], [2754.5, 1000.0], [2756.25, 4936.0], [2757.5, 21443.0], [2758.5, 40000.0], [2758.75, 11.0], [2759.0, 15153.0], [2759.5, 1000.0], [2759.75, 2.0], [2760.0, 30202.0], [2761.5, 29737.0], [2761.75, 29136.0]]}}}
{"jsonrpc": "2.0", "method": "subscription", "params": {"channel": "book.ETH-6FEB26.none.20.100ms", "data": {"timestamp": 1769752252067, "change_id": 106646612261, "instrument_name": "ETH-6FEB26", "bids": [[2750.75, 4655.0], [2750.5, 1700.0], [2750.25, 1700.0], [2750.0, 2325.0], [2749.75, 1700.0], [2747.5, 1191.0], [2747.0, 7200.0], [2746.75, 22039.0], [2745.25, 4866.0], [2745.0, 11.0], [2744.75, 5264.0], [2743.75, 5064.0], [2743.5, 400.0], [2742.5, 19060.0], [2742.25, 40000.0], [2739.5, 14797.0], [2739.25, 30179.0], [2739.0, 40000.0], [2737.25, 29861.0], [2736.75, 228.0]], "asks": [[2751.25, 1700.0], [2751.5, 64.0], [2751.75, 2955.0], [2752.0, 1700.0], [2752.25, 500.0], [2752.5, 1700.0], [2754.25, 1700.0], [2754.5, 1000.0], [2756.25, 4936.0], [2757.5, 21443.0], [2758.5, 40000.0], [2758.75, 11.0], [2759.0, 15153.0], [2759.5, 1000.0], [2759.75, 2.0], [2760.0, 30202.0], [2761.5, 29737.0], [2761.75, 29136.0], [2762.25, 1191.0], [2763.5, 4764.0]]}}}
{"jsonrpc": "2.0", "method": "subscription", "params": {"channel": "book.ETH-6FEB26.none.20.100ms", "data": {"timestamp": 1769752252292, "change_id": 106646613080, "instrument_name": "ETH-6FEB26", "bids": [[2751.25, 4655.0], [2751.0, 1700.0], [2750.25, 1700.0], [2750.0, 625.0], [2747.75, 4866.0], [2747.5, 1191.0], [2747.0, 7200.0], [2746.75, 22039.0], [2745.5, 5064.0], [2745.0, 11.0], [2744.75, 5264.0], [2743.5, 400.0], [2743.25, 14797.0], [2742.5, 19060.0], [2742.25, 40000.0], [2741.0, 29861.0], [2739.25, 30179.0], [2739.0, 40000.0], [2736.75, 228.0], [2734.25, 29261.0]], "asks": [[2752.0, 4655.0], [2752.25, 564.0], [2754.0, 6636.0], [2754.25, 8628.0], [2754.5, 1000.0], [2756.0, 15153.0], [2757.5, 21443.0], [2758.5, 40000.0], [2758.75, 11.0], [2759.5, 1000.0], [2759.75, 2.0], [2760.0, 30202.0], [2761.5, 29737.0], [2761.75, 29136.0], [2762.25, 1191.0], [2763.5, 4764.0], [2765.5, 228.0], [2765.75, 69254.0], [2768.5, 19057.0], [2769.75, 40000.0]]}}}
{"jsonrpc": "2.0", "method": "subscription", "params": {"channel": "book.ETH-6FEB26.none.20.100ms", "data": {"timestamp": 1769752252628, "change_id": 106646613515, "instrument_name": "ETH-6FEB26", "bids": [[2751.25, 4655.0], [2751.0, 1700.0], [2750.75, 625.0], [2750.25, 1700.0], [2747.75, 4866.0], [2747.5, 1191.0], [2747.0, 7200.0], [2746.75, 22039.0], [2745.5, 5064.0], [2745.0, 11.0], [2744.75, 5264.0], [2743.5, 400.0], [2743.25, 14797.0], [2742.5, 19060.0], [2742.25, 40000.0], [2741.0, 29861.0], [2739.25, 30179.0], [2739.0, 40000.0], [2736.75, 228.0], [2734.25, 29261.0]], "asks": [[2751.75, 5280.0], [2752.0, 1700.0], [2752.25, 564.0], [2754.0, 6636.0], [2754.25, 8628.0], [2754.5, 1000.0], [2756.0, 15153.0], [2757.5, 21443.0], [2758.5, 40000.0], [2758.75, 11.0], [2759.5, 1000.0], [2759.75, 2.0], [2760.0, 30202.0], [2761.5, 29737.0], [2761.75, 29136.0], [2762.25, 1191.0], [2763.5, 4764.0], [2765.5, 228.0], [2765.75, 69254.0], [2768.5, 19057.0]]}}}
{"jsonrpc": "2.0", "method": "subscription", "params": {"channel": "book.ETH-6FEB26.none.20.100ms", "data": {"timestamp": 1769752252750, "change_id": 106646613718, "instrument_name": "ETH-6FEB26", "bids": [[2751.25, 1700.0], [2751.0, 4655.0], [2750.75, 625.0], [2750.25, 1700.0], [2747.75, 4866.0], [2747.5, 1191.0], [2747.0, 7200.0], [2746.75, 22039.0], [2745.5, 5064.0], [2745.0, 11.0], [2744.75, 5264.0], [2743.5, 400.0], [2743.25, 14797.0], [2742.5, 19060.0], [2742.25, 40000.0], [2741.0, 29861.0], [2739.25, 30179.0], [2739.0, 40000.0], [2736.75, 228.0], [2734.25, 29261.0]], "asks": [[2751.75, 5280.0], [2752.0, 1700.0], [2752.25, 564.0], [2754.0, 6636.0], [2754.25, 8628.0], [2754.5, 1000.0], [2756.0, 15153.0], [2757.5, 21443.0], [2758.5, 40000.0], [2758.75, 11.0], [2759.5, 1000.0], [2759.75, 2.0], [2760.0, 30202.0], [2761.5, 29737.0], [2761.75, 29136.0], [2762.25, 1191.0], [2763.5, 4764.0], [2765.5, 228.0], [2765.75, 69254.0], [2768.5, 19057.0]]}}}
{"jsonrpc": "2.0", "method": "subscription", "params": {"channel": "book.ETH-6FEB26.none.20.100ms", "data": {"timestamp": 1769752253224, "change_id": 106646614435, "instrument_name": "ETH-6FEB26", "bids": [[2751.0, 4655.0], [2750.75, 625.0], [2747.75, 4866.0], [2747.5, 1191.0], [2747.0, 7200.0], [2746.75, 22039.0], [2745.5, 5064.0], [2745.0, 11.0], [2744.75, 5264.0], [2743.5, 400.0], [2743.25, 14797.0], [2742.5, 19060.0], [2742.25, 40000.0], [2741.0, 29861.0], [2739.25, 30179.0], [2739.0, 40000.0], [2736.75, 228.0], [2734.25, 29261.0], [2734.0, 30555.0], [2732.25, 40000.0]], "asks": [[2751.75, 5280.0], [2752.0, 1700.0], [2752.25, 564.0], [2753.75, 1700.0], [2754.0, 6636.0], [2754.25, 8628.0], [2754.5, 1000.0], [2756.0, 15153.0], [2757.5, 21443.0], [2758.5, 40000.0], [2758.75, 11.0], [2759.5, 1000.0], [2759.75, 2.0], [2760.0, 30202.0], [2761.5, 29737.0], [2761.75, 29136.0], [2762.25, 1191.0], [2763.5, 4764.0], [2765.5, 228.0], [2765.75, 69254.0]]}}}
{"jsonrpc": "2.0", "method": "subscription", "params": {"channel": "book.ETH-6FEB26.none.20.100ms", "data": {"timestamp": 1769752254213, "change_id": 106646615539, "instrument_name": "ETH-6FEB26", "bids": [[2751.0, 4655.0], [2750.75, 625.0], [2747.75, 4866.0], [2747.5, 1191.0], [2747.0, 7200.0], [2746.75, 22039.0], [2745.5, 5064.0], [2745.0, 11.0], [2744.75, 5264.0], [2743.5, 400.0], [2743.25, 14797.0], [2742.5, 19060.0], [2742.25, 40000.0], [2741.0, 29861.0], [2739.25, 30179.0], [2739.0, 40000.0], [2736.75, 228.0], [2734.25, 29261.0], [2734.0, 30555.0], [2732.25, 40000.0]], "asks": [[2751.75, 3580.0], [2752.0, 1700.0], [2752.25, 564.0], [2753.75, 1700.0], [2754.0, 6636.0], [2754.25, 8628.0], [2754.5, 1000.0], [2756.0, 15153.0], [2757.5, 21443.0], [2758.5, 40000.0], [2758.75, 11.0], [2759.5, 1000.0], [2759.75, 2.0], [2760.0, 30202.0], [2761.5, 29737.0], [2761.75, 29136.0], [2762.25, 1191.0], [2763.5, 4764.0], [2765.5, 228.0], [2765.75, 69254.0]]}}}
{"jsonrpc": "2.0", "method": "subscription", "params": {"channel": "book.ETH-6FEB26.none.20.100ms", "data": {"timestamp": 1769752255205, "change_id": 106646616694, "instrument_name": "ETH-6FEB26", "bids": [[2751.0, 4655.0], [2750.75, 625.0], [2747.75, 4866.0], [2747.5, 1191.0], [2747.0, 7200.0], [2746.75, 22039.0], [2745.5, 5064.0], [2745.0, 11.0], [2744.75, 5264.0], [2743.5, 400.0], [2743.25, 14797.0], [2742.5, 19060.0], [2742.25, 40000.0], [2741.0, 29861.0], [2739.25, 30179.0], [2739.0, 40000.0], [2736.75, 228.0], [2734.25, 29261.0], [2734.0, 30555.0], [2732.25, 40000.0]], "asks": [[2751.5, 2179.0], [2751.75, 5280.0], [2752.0, 1700.0], [2752.25, 564.0], [2753.75, 1700.0], [2754.0, 6636.0], [2754.25, 8628.0], [2754.5, 1000.0], [2756.0, 15153.0], [2757.5, 21443.0], [2758.5, 40000.0], [2758.75, 11.0], [2759.5, 1000.0], [2759.75, 2.0], [2760.0, 30202.0], [2761.5, 29737.0], [2761.75, 29136.0], [2762.25, 1191.0], [2763.5, 4764.0], [2765.5, 228.0]]}}}
{"jsonrpc": "2.0", "method": "subscription", "params": {"channel": "book.ETH-6FEB26.none.20.100ms", "data": {"timestamp": 1769752255592, "change_id": 106646617001, "instrument_name": "ETH-6FEB26", "bids": [[2751.0, 4655.0], [2750.75, 625.0], [2747.75, 4866.0], [2747.5, 1191.0], [2747.0, 7200.0], [2746.75, 22039.0], [2745.5, 5064.0], [2745.0, 11.0], [2744.75, 5264.0], [2743.5, 400.0], [2743.25, 14797.0], [2742.5, 19060.0], [2742.25, 40000.0], [2741.0, 29861.0], [2739.25, 30179.0], [2739.0, 40000.0], [2736.75, 228.0], [2734.25, 29261.0], [2734.0, 30555.0], [2732.25, 40000.0]], "asks": [[2751.5, 2179.0], [2751.75, 3580.0], [2752.0, 1700.0], [2752.25, 564.0], [2753.75, 1700.0], [2754.0, 6636.0], [2754.25, 8628.0], [2754.5, 1000.0], [2756.0, 15153.0], [2757.5, 21443.0], [2758.5, 40000.0], [2758.75, 11.0], [2759.5, 1000.0], [2759.75, 2.0], [2760.0, 30202.0], [2761.5, 29737.0], [2761.75, 29136.0], [2762.25, 1191.0], [2763.5, 4764.0], [2765.5, 228.0]]}}}
{"jsonrpc": "2.0", "method": "subscription", "params": {"channel": "book.ETH-6FEB26.none.20.100ms", "data": {"timestamp": 1769752257333, "change_id": 106646618870, "instrument_name": "ETH-6FEB26", "bids": [[2751.0, 4655.0], [2750.75, 625.0], [2748.0, 4866.0], [2747.5, 1191.0], [2747.0, 7200.0], [2746.75, 22039.0], [2745.75, 5064.0], [2745.0, 11.0], [2744.75, 5264.0], [2743.5, 400.0], [2743.25, 14797.0], [2742.5, 19060.0], [2742.25, 40000.0], [2741.0, 29861.0], [2739.25, 30179.0], [2739.0, 40000.0], [2736.75, 228.0], [2734.25, 29261.0], [2734.0, 30555.0], [2732.25, 40000.0]], "asks": [[2751.5, 2707.0], [2751.75, 3580.0], [2752.0, 1700.0], [2752.25, 564.0], [2753.75, 1700.0], [2754.0, 6636.0], [2754.25, 8628.0], [2754.5, 1000.0], [2756.0, 15153.0], [2757.5, 21443.0], [2758.5, 40000.0], [2758.75, 11.0], [2759.5, 1000.0], [2759.75, 2.0], [2760.0, 30202.0], [2761.5, 29737.0], [2761.75, 29136.0], [2762.25, 1191.0], [2763.5, 4764.0], [2765.5, 228.0]]}}}
{"jsonrpc": "2.0", "method": "subscription", "params": {"channel": "book.ETH-6FEB26.none.20.100ms", "data": {"timestamp": 1769752257449, "change_id": 106646618949, "instrument_name": "ETH-6FEB26", "bids": [[2751.0, 1700.0], [2750.75, 3580.0], [2748.0, 4866.0], [2747.5, 1191.0], [2747.0, 7200.0], [2746.75, 22039.0], [2745.75, 5064.0], [2745.0, 11.0], [2744.75, 5264.0], [2743.5, 400.0], [2743.25, 14797.0], [2742.5, 19060.0], [2742.25, 40000.0], [2741.0, 29861.0], [2739.25, 30179.0], [2739.0, 40000.0], [2736.75, 228.0], [2734.25, 29261.0], [2734.0, 30555.0], [2732.25, 40000.0]], "asks": [[2751.5, 3332.0], [2751.75, 2955.0], [2752.0, 1700.0], [2752.25, 564.0], [2753.75, 1700.0], [2754.0, 6636.0], [2754.25, 8628.0], [2754.5, 1000.0], [2756.0, 15153.0], [2757.5, 21443.0], [2758.5, 40000.0], [2758.75, 11.0], [2759.5, 1000.0], [2759.75, 2.0], [2760.0, 30202.0], [2761.5, 29737.0], [2761.75, 29136.0], [2762.25, 1191.0], [2763.5, 4764.0], [2765.5, 228.0]]}}}
{"jsonrpc": "2.0", "method": "subscription", "params": {"channel": "book.ETH-6FEB26.none.20.100ms", "data": {"timestamp": 1769752258572, "change_id": 106646620174, "instrument_name": "ETH-6FEB26", "bids": [[2751.0, 1700.0], [2750.75, 3580.0], [2748.0, 4866.0], [2747.5, 1191.0], [2747.0, 7200.0], [2746.75, 22039.0], [2745.75, 5064.0], [2745.0, 11.0], [2744.75, 5264.0], [2743.5, 400.0], [2743.25, 14797.0], [2742.5, 19060.0], [2742.25, 40000.0], [2741.0, 29861.0], [2739.25, 30179.0], [2739.0, 40000.0], [2736.75, 228.0], [2734.25, 29261.0], [2734.0, 30555.0], [2732.25, 40000.0]], "asks": [[2751.5, 5280.0], [2751.75, 571.0], [2752.0, 1700.0], [2752.25, 500.0], [2753.5, 505.0], [2753.75, 1700.0], [2754.0, 6636.0], [2754.25, 8628.0], [2754.5, 1000.0], [2756.0, 15153.0], [2757.5, 21443.0], [2758.5, 40000.0], [2758.75, 11.0], [2759.5, 1000.0], [2759.75, 2.0], [2760.0, 30202.0], [2761.5, 29737.0], [2761.75, 29136.0], [2762.25, 1191.0], [2763.5, 4764.0]]}}}
{"jsonrpc": "2.0", "method": "subscription", "params": {"channel": "book.ETH-6FEB26.none.20.100ms", "data": {"timestamp": 1769752258978, "change_id": 106646620491, "instrument_name": "ETH-6FEB26", "bids": [[2751.0, 1700.0], [2750.75, 3580.0], [2748.0, 4866.0], [2747.5, 1191.0], [2747.0, 7200.0], [2746.75, 22039.0], [2745.75, 5064.0], [2745.0, 11.0], [2744.75, 5264.0], [2743.5, 400.0], [2743.25, 14797.0], [2742.5, 19060.0], [2742.25, 40000.0], [2741.0, 29861.0], [2739.25, 30179.0], [2739.0, 40000.0], [2736.75, 228.0], [2734.25, 29261.0], [2734.0, 30555.0], [2732.25, 40000.0]], "asks": [[2751.5, 5280.0], [2751.75, 571.0], [2752.0, 1700.0], [2752.25, 500.0], [2753.25, 1700.0], [2753.5, 505.0], [2753.75, 1700.0], [2754.0, 6636.0], [2754.25, 8628.0], [2754.5, 1000.0], [2756.0, 15153.0], [2757.5, 21443.0], [2758.5, 40000.0], [2758.75, 11.0], [2759.5, 1000.0], [2759.75, 2.0], [2760.0, 30202.0], [2761.5, 29737.0], [2761.75, 29136.0], [2762.25, 1191.0]]}}}
{"jsonrpc": "2.0", "method": "subscription", "params": {"channel": "book.ETH-6FEB26.none.20.100ms", "data": {"timestamp": 1769752260335, "change_id": 106646621918, "instrument_name": "ETH-6FEB26", "bids": [[2751.0, 1700.0], [2750.75, 3580.0], [2748.25, 4866.0], [2747.5, 1191.0], [2747.0, 7200.0], [2746.75, 22039.0], [2746.0, 5064.0], [2745.0, 11.0], [2744.75, 5264.0], [2743.5, 400.0], [2743.25, 14797.0], [2742.5, 19060.0], [2742.25, 40000.0], [2741.0, 29861.0], [2739.25, 30179.0], [2739.0, 40000.0], [2736.75, 228.0], [2734.25, 29261.0], [2734.0, 30555.0], [2732.25, 40000.0]], "asks": [[2751.5, 5280.0], [2751.75, 571.0], [2752.0, 1700.0], [2752.25, 500.0], [2753.0, 507.0], [2753.25, 1700.0], [2753.75, 1700.0], [2754.0, 6636.0], [2754.25, 8628.0], [2754.5, 1000.0], [2756.0, 15153.0], [2757.5, 21443.0], [2758.5, 40000.0], [2758.75, 11.0], [2759.5, 1000.0], [2759.75, 2.0], [2760.0, 30202.0], [2761.5, 29737.0], [2761.75, 29136.0], [2762.25, 1191.0]]}}}
{"jsonrpc": "2.0", "method": "subscription", "params": {"channel": "book.ETH-6FEB26.none.20.100ms", "data": {"timestamp": 1769752260670, "change_id": 106646622300, "instrument_name": "ETH-6FEB26", "bids": [[2751.0, 4655.0], [2750.75, 625.0], [2747.75, 4866.0], [2747.5, 1191.0], [2747.0, 7200.0], [2746.75, 22039.0], [2745.25, 5064.0], [2745.0, 11.0], [2744.75, 5264.0], [2743.5, 400.0], [2743.25, 14797.0], [2742.5, 19060.0], [2742.25, 40000.0], [2741.0, 29861.0], [2739.25, 30179.0], [2739.0, 40000.0], [2736.75, 228.0], [2734.25, 29261.0], [2734.0, 30555.0], [2732.25, 40000.0]], "asks": [[2751.5, 2601.0], [2751.75, 3644.0], [2752.0, 1700.0], [2752.25, 500.0], [2753.25, 1700.0], [2753.75, 1700.0], [2754.0, 6636.0], [2754.25, 1700.0], [2754.5, 1000.0], [2756.0, 15153.0], [2757.5, 21443.0], [2758.5, 40000.0], [2758.75, 11.0], [2759.5, 1000.0], [2759.75, 2.0], [2760.0, 30202.0], [2761.5, 29737.0], [2761.75, 29136.0], [2762.25, 1191.0], [2763.5, 4764.0]]}}}
{"jsonrpc": "2.0", "method": "subscription", "params": {"channel": "book.ETH-6FEB26.none.20.100ms", "data": {"timestamp": 1769752260871, "change_id": 106646622559, "instrument_name": "ETH-6FEB26", "bids": [[2751.0, 4655.0], [2750.75, 625.0], [2747.75, 4866.0], [2747.5, 1191.0], [2747.0, 7200.0], [2746.75, 22039.0], [2745.25, 5064.0], [2745.0, 11.0], [2744.75, 5264.0], [2743.5, 400.0], [2743.25, 14797.0], [2742.5, 19060.0], [2742.25, 40000.0], [2741.0, 29861.0], [2739.25, 30179.0], [2739.0, 40000.0], [2736.75, 228.0], [2734.25, 29261.0], [2734.0, 30555.0], [2732.25, 40000.0]], "asks": [[2751.5, 3226.0], [2751.75, 3019.0], [2752.0, 1700.0], [2752.25, 500.0], [2753.25, 1700.0], [2753.5, 6930.0], [2753.75, 1700.0], [2754.0, 6636.0], [2754.25, 1700.0], [2754.5, 1000.0], [2756.0, 15153.0], [2757.5, 21443.0], [2758.5, 40000.0], [2758.75, 11.0], [2759.5, 1000.0], [2759.75, 2.0], [2760.0, 30202.0], [2761.5, 29737.0], [2761.75, 29136.0], [2762.25, 1191.0]]}}}
{"jsonrpc": "2.0", "method": "subscription", "params": {"channel": "book.ETH-6FEB26.none.20.100ms", "data": {"timestamp": 1769752261135, "change_id": 106646622933, "instrument_name": "ETH-6FEB26", "bids": [[2751.0, 4655.0], [2750.75, 625.0], [2747.75, 4866.0], [2747.5, 1191.0], [2747.0, 7200.0], [2746.75, 22039.0], [2745.25, 5064.0], [2745.0, 11.0], [2744.75, 5264.0], [2743.5, 400.0], [2743.25, 14797.0], [2742.5, 19060.0], [2742.25, 40000.0], [2741.0, 29861.0], [2739.25, 30179.0], [2739.0, 40000.0], [2736.75, 228.0], [2734.25, 29261.0], [2734.0, 30555.0], [2732.25, 40000.0]], "asks": [[2751.5, 3226.0], [2751.75, 3019.0], [2752.0, 1700.0], [2752.25, 500.0], [2753.25, 1700.0], [2753.5, 6930.0], [2753.75, 1700.0], [2754.0, 4936.0], [2754.25, 1700.0], [2754.5, 1000.0], [2756.0, 15153.0], [2757.5, 21443.0], [2758.5, 40000.0], [2758.75, 11.0], [2759.5, 1000.0], [2759.75, 2.0], [2760.0, 30202.0], [2761.5, 29737.0], [2761.75, 29136.0], [2762.25, 1191.0]]}}}
{"jsonrpc": "2.0", "method": "subscription", "params": {"channel": "book.ETH-6FEB26.none.20.100ms", "data": {"timestamp": 1769752263974, "change_id": 106646625967, "instrument_name": "ETH-6FEB26", "bids": [[2747.75, 29866.0], [2747.5, 1191.0], [2747.0, 7200.0], [2746.75, 22039.0], [2745.25, 5064.0], [2745.0, 11.0], [2744.75, 5264.0], [2743.5, 400.0], [2743.25, 14797.0], [2742.5, 19060.0], [2742.25, 40000.0], [2741.0, 29861.0], [2739.25, 30179.0], [2739.0, 40000.0], [2736.75, 228.0], [2734.25, 29261.0], [2734.0, 30555.0], [2732.25, 40000.0], [2729.5, 20361.0], [2724.25, 19873.0]], "asks": [[2751.25, 2394.0], [2751.5, 2644.0], [2751.75, 383.0], [2752.0, 1700.0], [2752.25, 500.0], [2753.25, 1700.0], [2753.5, 6930.0], [2753.75, 1700.0], [2754.0, 4936.0], [2754.25, 1700.0], [2754.5, 1000.0], [2756.0, 15153.0], [2757.5, 21443.0], [2758.5, 40000.0], [2758.75, 11.0], [2759.5, 1000.0], [2759.75, 2.0], [2760.0, 30202.0], [2761.5, 29737.0], [2761.75, 29136.0]]}}}
{"jsonrpc": "2.0", "method": "subscription", "params": {"channel": "book.ETH-6FEB26.none.20.100ms", "data": {"timestamp": 1769752264283, "change_id": 106646627277, "instrument_name": "ETH-6FEB26", "bids": [[2750.25, 2955.0], [2750.0, 1700.0], [2749.5, 8100.0], [2748.0, 1700.0], [2747.75, 25000.0], [2747.5, 1191.0], [2747.0, 2.0], [2746.75, 22039.0], [2745.25, 7052.0], [2745.0, 11.0], [2744.75, 5264.0], [2743.75, 5064.0], [2743.5, 400.0], [2742.5, 19060.0], [2742.25, 40000.0], [2741.25, 14797.0], [2741.0, 29861.0], [2739.25, 30179.0], [2736.75, 228.0], [2736.25, 40000.0]], "asks": [[2750.5, 507.0], [2750.75, 2206.0], [2751.0, 4655.0], [2751.25, 1764.0], [2751.5, 625.0], [2752.0, 1700.0], [2752.25, 500.0], [2753.25, 1700.0], [2753.5, 6930.0], [2753.75, 1700.0], [2754.0, 4936.0], [2754.5, 1000.0], [2756.0, 15153.0], [2757.5, 21443.0], [2758.25, 400.0], [2758.5, 40000.0], [2758.75, 11.0], [2759.5, 1000.0], [2759.75, 2.0], [2760.0, 29802.0]]}}}
{"jsonrpc": "2.0", "method": "subscription", "params": {"channel": "book.ETH-6FEB26.none.20.100ms", "data": {"timestamp": 1769752264553, "change_id": 106646627834, "instrument_name": "ETH-6FEB26", "bids": [[2750.5, 4655.0], [2750.25, 1700.0], [2750.0, 625.0], [2749.5, 8100.0], [2748.0, 1700.0], [2747.5, 1191.0], [2747.25, 7132.0], [2747.0, 2.0], [2746.75, 22039.0], [2745.0, 11.0], [2744.75, 5264.0], [2743.75, 5064.0], [2743.5, 400.0], [2742.5, 19060.0], [2742.25, 40000.0], [2741.25, 14797.0], [2741.0, 29861.0], [2739.25, 30179.0], [2736.75, 228.0], [2736.25, 40000.0]], "asks": [[2750.75, 2206.0], [2751.0, 2208.0], [2751.25, 5344.0], [2752.0, 1700.0], [2752.25, 500.0], [2753.25, 1700.0], [2753.5, 6930.0], [2753.75, 1700.0], [2754.0, 4936.0], [2754.5, 1000.0], [2756.0, 15153.0], [2757.5, 21443.0], [2758.25, 400.0], [2758.5, 40000.0], [2758.75, 11.0], [2759.5, 1000.0], [2759.75, 2.0], [2760.0, 29802.0], [2761.5, 29737.0], [2761.75, 29136.0]]}}}
{"jsonrpc": "2.0", "method": "subscription", "params": {"channel": "book.ETH-6FEB26.none.20.100ms", "data": {"timestamp": 1769752264743, "change_id": 106646628189, "instrument_name": "ETH-6FEB26", "bids": [[2750.5, 4655.0], [2750.25, 1700.0], [2750.0, 625.0], [2748.0, 1700.0], [2747.5, 1191.0], [2747.25, 7132.0], [2747.0, 2.0], [2746.75, 22039.0], [2745.0, 11.0], [2744.75, 5264.0], [2743.75, 5064.0], [2743.5, 400.0], [2742.5, 19060.0], [2742.25, 40000.0], [2741.25, 14797.0], [2741.0, 29861.0], [2739.25, 30179.0], [2736.75, 228.0], [2736.25, 40000.0], [2734.25, 29261.0]], "asks": [[2750.75, 2206.0], [2751.0, 2208.0], [2751.25, 5344.0], [2752.0, 1700.0], [2752.25, 500.0], [2753.25, 1700.0], [2753.5, 6930.0], [2753.75, 1700.0], [2754.0, 4936.0], [2754.5, 1000.0], [2756.0, 15153.0], [2757.5, 21443.0], [2758.25, 400.0], [2758.5, 40000.0], [2758.75, 11.0], [2759.5, 1000.0], [2759.75, 2.0], [2760.0, 29802.0], [2761.5, 29737.0], [2761.75, 29136.0]]}}}
{"jsonrpc": "2.0", "method": "subscription", "params": {"channel": "book.ETH-6FEB26.none.20.100ms", "data": {"timestamp": 1769752265090, "change_id": 106646628646, "instrument_name": "ETH-6FEB26", "bids": [[2750.5, 4655.0], [2750.25, 1700.0], [2750.0, 625.0], [2747.5, 1191.0], [2747.25, 7132.0], [2747.0, 2.0], [2746.75, 22039.0], [2745.0, 11.0], [2744.75, 5264.0], [2743.75, 5064.0], [2743.5, 400.0], [2742.5, 19060.0], [2742.25, 40000.0], [2741.25, 14797.0], [2741.0, 29861.0], [2739.25, 30179.0], [2736.75, 228.0], [2736.25, 40000.0], [2734.25, 29261.0], [2734.0, 30555.0]], "asks": [[2750.75, 2206.0], [2751.0, 2208.0], [2751.25, 3644.0], [2752.0, 1700.0], [2752.25, 500.0], [2753.25, 1700.0], [2753.5, 6930.0], [2753.75, 1700.0], [2754.0, 4936.0], [2754.5, 1000.0], [2756.0, 15153.0], [2757.5, 21443.0], [2758.25, 400.0], [2758.5, 40000.0], [2758.75, 11.0], [2759.5, 1000.0], [2759.75, 2.0], [2760.0, 29802.0], [2761.5, 29737.0], [2761.75, 29136.0]]}}}
{"jsonrpc": "2.0", "method": "subscription", "params": {"channel": "book.ETH-6FEB26.none.20.100ms", "data": {"timestamp": 1769752265721, "change_id": 106646629323, "instrument_name": "ETH-6FEB26", "bids": [[2750.5, 4655.0], [2750.25, 1700.0], [2750.0, 625.0], [2747.5, 1191.0], [2747.25, 7132.0], [2747.0, 2.0], [2746.75, 22039.0], [2745.0, 11.0], [2744.75, 5264.0], [2743.75, 5064.0], [2743.5, 400.0], [2742.5, 19060.0], [2742.25, 40000.0], [2741.25, 14797.0], [2741.0, 29861.0], [2739.25, 30179.0], [2736.75, 228.0], [2736.25, 40000.0], [2734.25, 29261.0], [2734.0, 30555.0]], "asks": [[2750.75, 2206.0], [2751.0, 2833.0], [2751.25, 3019.0], [2752.0, 1700.0], [2752.25, 500.0], [2753.25, 1700.0], [2753.5, 6930.0], [2753.75, 1700.0], [2754.0, 4936.0], [2754.5, 1000.0], [2756.0, 15153.0], [2757.5, 21443.0], [2758.25, 400.0], [2758.5, 40000.0], [2758.75, 11.0], [2759.5, 1000.0], [2759.75, 2.0], [2760.0, 29802.0], [2761.5, 29737.0], [2761.75, 29136.0]]}}}
{"jsonrpc": "2.0", "method": "subscription", "params": {"channel": "book.ETH-6FEB26.none.20.100ms", "data": {"timestamp": 1769752266246, "change_id": 106646630033, "instrument_name": "ETH-6FEB26", "bids": [[2750.5, 2955.0], [2750.25, 1700.0], [2750.0, 625.0], [2747.5, 1191.0], [2747.25, 7132.0], [2747.0, 2.0], [2746.75, 22039.0], [2745.25, 4866.0], [2745.0, 11.0], [2744.75, 5264.0], [2744.0, 5064.0], [2743.5, 400.0], [2742.5, 19060.0], [2742.25, 40000.0], [2741.25, 14797.0], [2741.0, 29861.0], [2739.25, 30179.0], [2736.75, 228.0], [2736.25, 40000.0], [2734.25, 29261.0]], "asks": [[2750.75, 2206.0], [2751.0, 2833.0], [2751.25, 3019.0], [2752.0, 1700.0], [2752.25, 500.0], [2753.25, 1700.0], [2753.5, 6930.0], [2753.75, 1700.0], [2754.0, 4936.0], [2754.5, 1000.0], [2756.0, 15153.0], [2757.5, 21443.0], [2758.25, 400.0], [2758.5, 40000.0], [2758.75, 11.0], [2759.5, 1000.0], [2759.75, 2.0], [2760.0, 29802.0], [2761.5, 29737.0], [2761.75, 29136.0]]}}}
{"jsonrpc": "2.0", "method": "subscription", "params": {"channel": "book.ETH-6FEB26.none.20.100ms", "data": {"timestamp": 1769752267282, "change_id": 106646631146, "instrument_name": "ETH-6FEB26", "bids": [[2750.5, 1700.0], [2750.25, 4655.0], [2750.0, 625.0], [2747.5, 1191.0], [2747.25, 7132.0], [2747.0, 2.0], [2746.75, 22039.0], [2745.25, 4866.0], [2745.0, 11.0], [2744.75, 5264.0], [2744.0, 5064.0], [2743.5, 400.0], [2742.5, 19060.0], [2742.25, 40000.0], [2741.25, 14797.0], [2741.0, 29861.0], [2739.25, 30179.0], [2736.75, 228.0], [2736.25, 40000.0], [2734.25, 29261.0]], "asks": [[2750.75, 2206.0], [2751.0, 2818.0], [2751.25, 3019.0], [2752.0, 1700.0], [2752.25, 500.0], [2753.25, 1700.0], [2753.5, 6930.0], [2753.75, 1700.0], [2754.0, 4936.0], [2754.5, 1000.0], [2756.0, 15153.0], [2757.5, 21443.0], [2758.25, 400.0], [2758.5, 40000.0], [2758.75, 11.0], [2759.5, 1000.0], [2759.75, 2.0], [2760.0, 29802.0], [2761.5, 29737.0], [2761.75, 29136.0]]}}}
{"jsonrpc": "2.0", "method": "subscription", "params": {"channel": "book.ETH-6FEB26.none.20.100ms", "data": {"timestamp": 1769752267537, "change_id": 106646631217, "instrument_name": "ETH-6FEB26", "bids": [[2750.5, 1700.0], [2750.25, 4655.0], [2750.0, 625.0], [2747.5, 1191.0], [2747.25, 7132.0], [2747.0, 2.0], [2746.75, 22039.0], [2745.25, 4866.0], [2745.0, 11.0], [2744.75, 5264.0], [2744.0, 5064.0], [2743.5, 400.0], [2742.5, 19060.0], [2742.25, 40000.0], [2741.25, 14797.0], [2741.0, 29861.0], [2739.25, 30179.0], [2736.75, 228.0], [2736.25, 40000.0], [2734.25, 29261.0]], "asks": [[2750.75, 2206.0], [2751.0, 5280.0], [2751.25, 64.0], [2751.75, 493.0], [2752.0, 1700.0], [2752.25, 500.0], [2753.25, 1700.0], [2753.5, 6930.0], [2753.75, 1700.0], [2754.0, 4936.0], [2754.5, 1000.0], [2756.0, 15153.0], [2757.5, 21443.0], [2758.25, 400.0], [2758.5, 40000.0], [2758.75, 11.0], [2759.5, 1000.0], [2759.75, 2.0], [2760.0, 29802.0], [2761.5, 29737.0]]}}}
{"jsonrpc": "2.0", "method": "subscription", "params": {"channel": "book.ETH-6FEB26.none.20.100ms", "data": {"timestamp": 1769752268462, "change_id": 106646632335, "instrument_name": "ETH-6FEB26", "bids": [[2750.25, 4655.0], [2750.0, 625.0], [2747.5, 1191.0], [2747.25, 7132.0], [2747.0, 2.0], [2746.75, 22039.0], [2745.25, 4866.0], [2745.0, 11.0], [2744.75, 5264.0], [2744.0, 5064.0], [2743.5, 400.0], [2742.5, 19060.0], [2742.25, 40000.0], [2741.25, 14797.0], [2741.0, 29861.0], [2739.25, 30179.0], [2736.75, 228.0], [2736.25, 40000.0], [2734.25, 29261.0], [2734.0, 30555.0]], "asks": [[2750.75, 2206.0], [2751.0, 5280.0], [2751.25, 64.0], [2752.0, 1700.0], [2752.25, 500.0], [2753.25, 1700.0], [2753.5, 6930.0], [2753.75, 1700.0], [2754.0, 4936.0], [2754.5, 1000.0], [2756.0, 15153.0], [2757.5, 21443.0], [2758.25, 400.0], [2758.5, 40000.0], [2758.75, 11.0], [2759.5, 1000.0], [2759.75, 2.0], [2760.0, 29802.0], [2761.5, 29737.0], [2761.75, 29136.0]]}}}
{"jsonrpc": "2.0", "method": "subscription", "params": {"channel": "book.ETH-6FEB26.none.20.100ms", "data": {"timestamp": 1769752269133, "change_id": 106646633121, "instrument_name": "ETH-6FEB26", "bids": [[2750.25, 4655.0], [2750.0, 625.0], [2749.75, 9487.0], [2747.5, 1191.0], [2747.25, 7132.0], [2747.0, 2.0], [2746.75, 22039.0], [2745.25, 4866.0], [2745.0, 11.0], [2744.75, 5264.0], [2744.0, 5064.0], [2743.5, 400.0], [2742.5, 19060.0], [2742.25, 40000.0], [2741.25, 14797.0], [2741.0, 29861.0], [2739.25, 30179.0], [2736.75, 228.0], [2736.25, 40000.0], [2734.25, 29261.0]], "asks": [[2750.75, 2831.0], [2751.0, 4655.0], [2751.25, 64.0], [2752.0, 1700.0], [2752.25, 500.0], [2753.25, 1700.0], [2753.5, 6930.0], [2753.75, 1700.0], [2754.0, 4936.0], [2754.5, 1000.0], [2756.0, 15153.0], [2757.5, 21443.0], [2758.25, 400.0], [2758.5, 40000.0], [2758.75, 11.0], [2759.5, 1000.0], [2759.75, 2.0], [2760.0, 29802.0], [2761.5, 29737.0], [2761.75, 29136.0]]}}}
{"jsonrpc": "2.0", "method": "subscription", "params": {"channel": "book.ETH-6FEB26.none.20.100ms", "data": {"timestamp": 1769752269338, "change_id": 106646633394, "instrument_name": "ETH-6FEB26", "bids": [[2750.25, 4655.0], [2750.0, 625.0], [2749.75, 9487.0], [2747.5, 1191.0], [2747.25, 7132.0], [2747.0, 2.0], [2746.75, 22039.0], [2745.5, 4866.0], [2745.0, 11.0], [2744.75, 10328.0], [2743.5, 400.0], [2742.5, 19060.0], [2742.25, 40000.0], [2741.25, 14797.0], [2741.0, 29861.0], [2739.25, 30179.0], [2736.75, 228.0], [2736.25, 40000.0], [2734.25, 29261.0], [2734.0, 30555.0]], "asks": [[2750.75, 2831.0], [2751.0, 4655.0], [2751.25, 64.0], [2752.0, 1700.0], [2752.25, 500.0], [2753.25, 1700.0], [2753.5, 6930.0], [2753.75, 1700.0], [2754.0, 4936.0], [2754.5, 1000.0], [2756.0, 15153.0], [2757.5, 21443.0], [2758.25, 400.0], [2758.5, 40000.0], [2758.75, 11.0], [2759.5, 1000.0], [2759.75, 2.0], [2760.0, 29802.0], [2761.5, 29737.0], [2761.75, 29136.0]]}}}
{"jsonrpc": "2.0", "method": "subscription", "params": {"channel": "book.ETH-6FEB26.none.20.100ms", "data": {"timestamp": 1769752270036, "change_id": 106646633959, "instrument_name": "ETH-6FEB26", "bids": [[2750.25, 4655.0], [2750.0, 2325.0], [2749.75, 9487.0], [2747.5, 1191.0], [2747.25, 7132.0], [2747.0, 2.0], [2746.75, 22039.0], [2745.5, 4866.0], [2745.0, 11.0], [2744.75, 10328.0], [2743.5, 400.0], [2742.5, 19060.0], [2742.25, 40000.0], [2741.25, 14797.0], [2741.0, 29861.0], [2739.25, 30179.0], [2736.75, 228.0], [2736.25, 40000.0], [2734.25, 29261.0], [2734.0, 30555.0]], "asks": [[2750.75, 2831.0], [2751.0, 4655.0], [2751.25, 64.0], [2752.0, 1700.0], [2752.25, 500.0], [2753.25, 1700.0], [2753.5, 6930.0], [2753.75, 1700.0], [2754.0, 4936.0], [2754.5, 1000.0], [2756.0, 15153.0], [2757.5, 21443.0], [2758.25, 400.0], [2758.5, 40000.0], [2758.75, 11.0], [2759.5, 1000.0], [2759.75, 2.0], [2760.0, 29802.0], [2761.5, 29737.0], [2761.75, 29136.0]]}}}
{"jsonrpc": "2.0", "method": "subscription", "params": {"channel": "book.ETH-6FEB26.none.20.100ms", "data": {"timestamp": 1769752270856, "change_id": 106646634968, "instrument_name": "ETH-6FEB26", "bids": [[2750.5, 4655.0], [2750.25, 1700.0], [2750.0, 2325.0], [2749.75, 9487.0], [2747.5, 1191.0], [2747.25, 7132.0], [2747.0, 2.0], [2746.75, 22039.0], [2745.5, 4866.0], [2745.0, 11.0], [2744.75, 10328.0], [2743.5, 400.0], [2742.5, 19060.0], [2742.25, 40000.0], [2741.25, 14797.0], [2741.0, 29861.0], [2739.25, 30179.0], [2736.75, 228.0], [2736.25, 40000.0], [2734.25, 29261.0]], "asks": [[2750.75, 2206.0], [2751.0, 1700.0], [2751.25, 3644.0], [2752.0, 1700.0], [2752.25, 500.0], [2753.25, 1700.0], [2753.5, 6930.0], [2753.75, 1700.0], [2754.0, 4936.0], [2754.5, 1000.0], [2756.0, 15153.0], [2757.5, 21443.0], [2758.25, 400.0], [2758.5, 40000.0], [2758.75, 11.0], [2759.5, 1000.0], [2759.75, 2.0], [2760.0, 29802.0], [2761.5, 29737.0], [2761.75, 29136.0]]}}}
{"jsonrpc": "2.0", "method": "subscription", "params": {"channel": "book.ETH-6FEB26.none.20.100ms", "data": {"timestamp": 1769752271026, "change_id": 106646635198, "instrument_name": "ETH-6FEB26", "bids": [[2750.5, 4655.0], [2750.25, 1700.0], [2750.0, 2325.0], [2749.75, 9487.0], [2747.5, 1191.0], [2747.25, 7132.0], [2747.0, 2.0], [2746.75, 22039.0], [2745.5, 4866.0], [2745.0, 11.0], [2744.75, 10328.0], [2743.5, 400.0], [2742.5, 19060.0], [2742.25, 40000.0], [2741.25, 14797.0], [2741.0, 29861.0], [2739.25, 30179.0], [2736.75, 228.0], [2736.25, 40000.0], [2734.25, 29261.0]], "asks": [[2751.0, 1906.0], [2751.25, 1187.0], [2751.5, 2955.0], [2752.0, 1700.0], [2752.25, 500.0], [2753.25, 1700.0], [2753.5, 6930.0], [2753.75, 1700.0], [2754.0, 4936.0], [2754.5, 1000.0], [2756.0, 15153.0], [2757.5, 21443.0], [2758.25, 400.0], [2758.5, 40000.0], [2758.75, 11.0], [2759.5, 1000.0], [2759.75, 2.0], [2760.0, 29802.0], [2761.5, 29737.0], [2761.75, 29136.0]]}}}
{"jsonrpc": "2.0", "method": "subscription", "params": {"channel": "book.ETH-6FEB26.none.20.100ms", "data": {"timestamp": 1769752271396, "change_id": 106646635779, "instrument_name": "ETH-6FEB26", "bids": [[2750.5, 4655.0], [2750.25, 1700.0], [2750.0, 2325.0], [2749.75, 9487.0], [2747.5, 1191.0], [2747.25, 7132.0], [2747.0, 2.0], [2746.75, 22039.0], [2745.5, 4866.0], [2745.0, 11.0], [2744.75, 10328.0], [2743.5, 400.0], [2742.5, 19060.0], [2742.25, 40000.0], [2741.25, 14797.0], [2741.0, 29861.0], [2739.25, 30179.0], [2736.75, 228.0], [2736.25, 40000.0], [2734.25, 29261.0]], "asks": [[2751.0, 2325.0], [2751.25, 768.0], [2751.5, 2955.0], [2752.0, 1700.0], [2752.25, 500.0], [2753.25, 1700.0], [2753.5, 6930.0], [2753.75, 1700.0], [2754.0, 4936.0], [2754.5, 1000.0], [2756.0, 15153.0], [2757.5, 21443.0], [2758.25, 400.0], [2758.5, 40000.0], [2758.75, 11.0], [2759.5, 1000.0], [2759.75, 2.0], [2760.0, 29802.0], [2761.5, 29737.0], [2761.75, 29136.0]]}}}
{"jsonrpc": "2.0", "method": "subscription", "params": {"channel": "book.ETH-6FEB26.none.20.100ms", "data": {"timestamp": 1769752272208, "change_id": 106646636887, "instrument_name": "ETH-6FEB26", "bids": [[2751.0, 4655.0], [2750.75, 1700.0], [2750.25, 1700.0], [2750.0, 2325.0], [2749.75, 9487.0], [2747.5, 1191.0], [2747.25, 7132.0], [2747.0, 2.0], [2746.75, 22039.0], [2746.0, 4866.0], [2745.0, 5075.0], [2744.75, 5264.0], [2743.5, 400.0], [2742.5, 19060.0], [2742.25, 40000.0], [2741.25, 14797.0], [2741.0, 29861.0], [2739.25, 30179.0], [2736.75, 228.0], [2736.25, 40000.0]], "asks": [[2751.5, 1330.0], [2751.75, 2955.0], [2752.0, 1764.0], [2752.25, 500.0], [2753.25, 1700.0], [2753.75, 1700.0], [2754.0, 4936.0], [2754.5, 1000.0], [2755.5, 6869.0], [2756.0, 15153.0], [2757.5, 21443.0], [2758.25, 400.0], [2758.5, 40000.0], [2758.75, 11.0], [2759.5, 1000.0], [2759.75, 2.0], [2760.0, 29802.0], [2761.5, 29737.0], [2761.75, 29136.0], [2762.25, 1191.0]]}}}
{"jsonrpc": "2.0", "method": "subscription", "params": {"channel": "book.ETH-6FEB26.none.20.100ms", "data": {"timestamp": 1769752272560, "change_id": 106646637266, "instrument_name": "ETH-6FEB26", "bids": [[2750.75, 4655.0], [2750.25, 2325.0], [2750.0, 1700.0], [2747.5, 1191.0], [2747.25, 7132.0], [2747.0, 2.0], [2746.75, 22039.0], [2746.0, 4866.0], [2745.0, 5075.0], [2744.75, 5264.0], [2743.5, 400.0], [2742.5, 19060.0], [2742.25, 40000.0], [2741.25, 14797.0], [2741.0, 29861.0], [2739.25, 30179.0], [2736.75, 228.0], [2736.25, 40000.0], [2734.25, 29261.0], [2734.0, 30555.0]], "asks": [[2751.5, 1303.0], [2751.75, 2955.0], [2752.0, 1764.0], [2752.25, 500.0], [2753.0, 7238.0], [2753.25, 1700.0], [2753.75, 1700.0], [2754.0, 4936.0], [2754.5, 1000.0], [2756.0, 15153.0], [2757.5, 21443.0], [2758.25, 400.0], [2758.5, 40000.0], [2758.75, 11.0], [2759.5, 1000.0], [2759.75, 2.0], [2760.0, 29802.0], [2761.5, 29737.0], [2761.75, 29136.0], [2762.25, 1191.0]]}}}
{"jsonrpc": "2.0", "method": "subscription", "params": {"channel": "book.ETH-6FEB26.none.20.100ms", "data": {"timestamp": 1769752272713, "change_id": 106646637608, "instrument_name": "ETH-6FEB26", "bids": [[2750.75, 4655.0], [2750.25, 2325.0], [2750.0, 1700.0], [2747.5, 1191.0], [2747.25, 7132.0], [2747.0, 2.0], [2746.75, 22039.0], [2746.0, 4866.0], [2745.0, 5075.0], [2744.75, 5264.0], [2743.5, 400.0], [2742.5, 19060.0], [2742.25, 40000.0], [2741.25, 14797.0], [2741.0, 29861.0], [2739.25, 30179.0], [2736.75, 228.0], [2736.25, 40000.0], [2734.25, 29261.0], [2734.0, 30555.0]], "asks": [[2751.25, 2378.0], [2751.5, 3580.0], [2752.0, 6960.0], [2752.25, 500.0], [2753.0, 7238.0], [2753.25, 1700.0], [2753.75, 1700.0], [2754.0, 4936.0], [2754.5, 1000.0], [2756.0, 15153.0], [2757.5, 21443.0], [2758.25, 400.0], [2758.5, 40000.0], [2758.75, 11.0], [2759.5, 1000.0], [2759.75, 2.0], [2760.0, 29802.0], [2761.5, 29737.0], [2761.75, 29136.0], [2762.25, 1191.0]]}}}
{"jsonrpc": "2.0", "method": "subscription", "params": {"channel": "book.ETH-6FEB26.none.20.100ms", "data": {"timestamp": 1769752273182, "change_id": 106646638265, "instrument_name": "ETH-6FEB26", "bids": [[2751.0, 4655.0], [2750.75, 1700.0], [2750.5, 1700.0], [2750.25, 625.0], [2747.5, 1191.0], [2747.25, 7132.0], [2747.0, 2.0], [2746.75, 22039.0], [2746.0, 4866.0], [2745.0, 5075.0], [2744.75, 5264.0], [2743.5, 400.0], [2742.5, 19060.0], [2742.25, 40000.0], [2741.25, 14797.0], [2741.0, 29861.0], [2739.25, 30179.0], [2736.75, 228.0], [2736.25, 40000.0], [2734.25, 29261.0]], "asks": [[2751.25, 1700.0], [2751.5, 1132.0], [2751.75, 4655.0], [2752.0, 1764.0], [2752.25, 500.0], [2753.0, 7238.0], [2753.75, 1700.0], [2754.0, 4936.0], [2754.5, 1000.0], [2756.0, 15153.0], [2757.5, 21443.0], [2758.25, 400.0], [2758.5, 40000.0], [2758.75, 11.0], [2759.5, 1000.0], [2759.75, 2.0], [2760.0, 29802.0], [2761.5, 29737.0], [2761.75, 29136.0], [2762.25, 1191.0]]}}}
{"jsonrpc": "2.0", "method": "subscription", "params": {"channel": "book.ETH-6FEB26.none.20.100ms", "data": {"timestamp": 1769752273478, "change_id": 106646638655, "instrument_name": "ETH-6FEB26", "bids": [[2751.0, 4655.0], [2750.75, 1700.0], [2750.5, 1700.0], [2750.25, 625.0], [2747.5, 1191.0], [2747.25, 7132.0], [2747.0, 2.0], [2746.75, 22039.0], [2746.0, 4866.0], [2745.0, 5075.0], [2744.75, 5264.0], [2743.5, 400.0], [2742.5, 19060.0], [2742.25, 40000.0], [2741.25, 14797.0], [2741.0, 29861.0], [2739.25, 30179.0], [2736.75, 228.0], [2736.25, 40000.0], [2734.25, 29261.0]], "asks": [[2751.25, 1700.0], [2751.5, 1132.0], [2751.75, 4655.0], [2752.0, 1764.0], [2752.25, 500.0], [2753.75, 1700.0], [2754.0, 4936.0], [2754.25, 6863.0], [2754.5, 1000.0], [2756.0, 15153.0], [2757.5, 21443.0], [2758.25, 400.0], [2758.5, 40000.0], [2758.75, 11.0], [2759.5, 1000.0], [2759.75, 2.0], [2760.0, 29802.0], [2761.5, 29737.0], [2761.75, 29136.0], [2762.25, 1191.0]]}}}
{"jsonrpc": "2.0", "method": "subscription", "params": {"channel": "book.ETH-6FEB26.none.20.100ms", "data": {"timestamp": 1769752273768, "change_id": 106646638993, "instrument_name": "ETH-6FEB26", "bids": [[2751.0, 4655.0], [2750.75, 1700.0], [2750.5, 1700.0], [2750.25, 625.0], [2747.5, 1191.0], [2747.25, 7132.0], [2747.0, 2.0], [2746.75, 22039.0], [2746.0, 4866.0], [2745.0, 5075.0], [2744.75, 5264.0], [2743.5, 400.0], [2742.5, 19060.0], [2742.25, 40000.0], [2741.25, 14797.0], [2741.0, 29861.0], [2739.25, 30179.0], [2736.75, 228.0], [2736.25, 40000.0], [2734.25, 29261.0]], "asks": [[2751.25, 1700.0], [2751.5, 1132.0], [2751.75, 4655.0], [2752.0, 1764.0], [2752.25, 500.0], [2753.0, 7154.0], [2753.75, 1700.0], [2754.0, 4936.0], [2754.5, 1000.0], [2756.0, 15153.0], [2757.5, 21443.0], [2758.25, 400.0], [2758.5, 40000.0], [2758.75, 11.0], [2759.5, 1000.0], [2759.75, 2.0], [2760.0, 29802.0], [2761.5, 29737.0], [2761.75, 29136.0], [2762.25, 1191.0]]}}}
{"jsonrpc": "2.0", "method": "subscription", "params": {"channel": "book.ETH-6FEB26.none.20.100ms", "data": {"timestamp": 1769752273990, "change_id": 106646639169, "instrument_name": "ETH-6FEB26", "bids": [[2750.75, 2955.0], [2750.5, 1700.0], [2750.25, 625.0], [2747.5, 1191.0], [2747.25, 7132.0], [2747.0, 2.0], [2746.75, 22039.0], [2746.0, 4866.0], [2745.0, 5075.0], [2744.75, 5264.0], [2743.5, 400.0], [2742.5, 19060.0], [2742.25, 40000.0], [2741.25, 14797.0], [2741.0, 29861.0], [2739.25, 30179.0], [2736.75, 228.0], [2736.25, 40000.0], [2734.25, 29261.0], [2734.0, 30555.0]], "asks": [[2751.25, 1700.0], [2751.5, 1132.0], [2751.75, 4655.0], [2752.0, 1764.0], [2752.25, 500.0], [2752.75, 1700.0], [2753.0, 7154.0], [2753.75, 1700.0], [2754.0, 4936.0], [2754.5, 1000.0], [2756.0, 15153.0], [2757.5, 21443.0], [2758.25, 400.0], [2758.5, 40000.0], [2758.75, 11.0], [2759.5, 1000.0], [2759.75, 2.0], [2760.0, 29802.0], [2761.5, 29737.0], [2761.75, 29136.0]]}}}
{"jsonrpc": "2.0", "method": "subscription", "params": {"channel": "book.ETH-6FEB26.none.20.100ms", "data": {"timestamp": 1769752274509, "change_id": 106646639844, "instrument_name": "ETH-6FEB26", "bids": [[2751.0, 4655.0], [2750.75, 1700.0], [2750.5, 2325.0], [2747.5, 1191.0], [2747.25, 7132.0], [2747.0, 2.0], [2746.75, 22039.0], [2746.0, 4866.0], [2745.0, 5075.0], [2744.75, 5264.0], [2743.5, 400.0], [2742.5, 19060.0], [2742.25, 40000.0], [2741.25, 14797.0], [2741.0, 29861.0], [2739.25, 30179.0], [2736.75, 228.0], [2736.25, 40000.0], [2734.25, 29261.0], [2734.0, 30555.0]], "asks": [[2751.25, 1700.0], [2751.5, 1300.0], [2751.75, 4655.0], [2752.0, 1764.0], [2752.25, 500.0], [2752.75, 1700.0], [2753.75, 8709.0], [2754.0, 4936.0], [2754.5, 1000.0], [2756.0, 15153.0], [2757.5, 21443.0], [2758.25, 400.0], [2758.5, 40000.0], [2758.75, 11.0], [2759.5, 1000.0], [2759.75, 2.0], [2760.0, 29802.0], [2761.5, 29737.0], [2761.75, 29136.0], [2762.25, 1191.0]]}}}
{"jsonrpc": "2.0", "method": "subscription", "params": {"channel": "book.ETH-6FEB26.none.20.100ms", "data": {"timestamp": 1769752274884, "change_id": 106646640378, "instrument_name": "ETH-6FEB26", "bids": [[2751.0, 4655.0], [2750.75, 1700.0], [2750.5, 2325.0], [2747.5, 1191.0], [2747.25, 7132.0], [2747.0, 2.0], [2746.75, 22039.0], [2746.0, 4866.0], [2745.0, 5075.0], [2744.75, 5264.0], [2743.5, 400.0], [2742.5, 19060.0], [2742.25, 40000.0], [2741.25, 14797.0], [2741.0, 29861.0], [2739.25, 30179.0], [2736.75, 228.0], [2736.25, 40000.0], [2734.25, 29261.0], [2734.0, 30555.0]], "asks": [[2751.5, 1300.0], [2751.75, 4655.0], [2752.0, 1764.0], [2752.25, 500.0], [2752.75, 1700.0], [2753.75, 8709.0], [2754.0, 4936.0], [2754.5, 1000.0], [2756.0, 15153.0], [2757.5, 21443.0], [2758.25, 400.0], [2758.5, 40000.0], [2758.75, 11.0], [2759.5, 1000.0], [2759.75, 2.0], [2760.0, 29802.0], [2761.5, 29737.0], [2761.75, 29136.0], [2762.25, 1191.0], [2763.5, 4764.0]]}}}
{"jsonrpc": "2.0", "method": "subscription", "params": {"channel": "book.ETH-6FEB26.none.20.100ms", "data": {"timestamp": 1769752274979, "change_id": 106646640518, "instrument_name": "ETH-6FEB26", "bids": [[2751.0, 4655.0], [2750.75, 1700.0], [2750.5, 625.0], [2747.5, 1191.0], [2747.25, 7132.0], [2747.0, 2.0], [2746.75, 22039.0], [2746.0, 4866.0], [2745.0, 5075.0], [2744.75, 5264.0], [2743.5, 400.0], [2742.5, 19060.0], [2742.25, 40000.0], [2741.25, 14797.0], [2741.0, 29861.0], [2739.25, 30179.0], [2736.75, 228.0], [2736.25, 40000.0], [2734.25, 29261.0], [2734.0, 30555.0]], "asks": [[2751.5, 3000.0], [2751.75, 4655.0], [2752.0, 1764.0], [2752.25, 500.0], [2753.5, 1700.0], [2753.75, 8709.0], [2754.0, 4936.0], [2754.5, 1000.0], [2756.0, 15153.0], [2757.5, 21443.0], [2758.25, 400.0], [2758.5, 40000.0], [2758.75, 11.0], [2759.5, 1000.0], [2759.75, 2.0], [2760.0, 29802.0], [2761.5, 29737.0], [2761.75, 29136.0], [2762.25, 1191.0], [2763.5, 4764.0]]}}}
{"jsonrpc": "2.0", "method": "subscription", "params": {"channel": "book.ETH-6FEB26.none.20.100ms", "data": {"timestamp": 1769752275549, "change_id": 106646641159, "instrument_name": "ETH-6FEB26", "bids": [[2750.75, 4655.0], [2747.75, 4866.0], [2747.5, 1191.0], [2747.25, 7132.0], [2747.0, 2.0], [2746.75, 22039.0], [2745.25, 5064.0], [2745.0, 11.0], [2744.75, 5264.0], [2743.5, 400.0], [2742.5, 19060.0], [2742.25, 40000.0], [2741.25, 14797.0], [2741.0, 29861.0], [2739.25, 30179.0], [2736.75, 228.0], [2736.25, 40000.0], [2734.25, 29261.0], [2734.0, 30555.0], [2732.25, 40000.0]], "asks": [[2751.25, 2375.0], [2751.5, 5280.0], [2751.75, 1700.0], [2752.0, 1764.0], [2752.25, 500.0], [2753.5, 1700.0], [2753.75, 8709.0], [2754.0, 4936.0], [2754.5, 1000.0], [2756.0, 15153.0], [2757.5, 21443.0], [2758.25, 400.0], [2758.5, 40000.0], [2758.75, 11.0], [2759.5, 1000.0], [2759.75, 2.0], [2760.0, 29802.0], [2761.5, 29737.0], [2761.75, 29136.0], [2762.25, 1191.0]]}}}
{"jsonrpc": "2.0", "method": "subscription", "params": {"channel": "book.ETH-6FEB26.none.20.100ms", "data": {"timestamp": 1769752275780, "change_id": 106646641540, "instrument_name": "ETH-6FEB26", "bids": [[2750.75, 4655.0], [2750.0, 625.0], [2747.75, 4866.0], [2747.5, 1191.0], [2747.25, 7132.0], [2747.0, 2.0], [2746.75, 22039.0], [2745.25, 5064.0], [2745.0, 11.0], [2744.75, 5264.0], [2743.5, 400.0], [2742.5, 19060.0], [2742.25, 40000.0], [2741.25, 14797.0], [2741.0, 29861.0], [2739.25, 30179.0], [2736.75, 228.0], [2736.25, 40000.0], [2734.25, 29261.0], [2734.0, 30555.0]], "asks": [[2751.25, 3000.0], [2751.5, 4719.0], [2751.75, 1700.0], [2752.0, 1700.0], [2752.25, 500.0], [2753.5, 1700.0], [2753.75, 8709.0], [2754.0, 4936.0], [2754.5, 1000.0], [2756.0, 15153.0], [2757.5, 21443.0], [2758.25, 400.0], [2758.5, 40000.0], [2758.75, 11.0], [2759.5, 1000.0], [2759.75, 2.0], [2760.0, 29802.0], [2761.5, 29737.0], [2761.75, 29136.0], [2762.25, 1191.0]]}}}
{"jsonrpc": "2.0", "method": "subscription", "params": {"channel": "book.ETH-6FEB26.none.20.100ms", "data": {"timestamp": 1769752275968, "change_id": 106646641704, "instrument_name": "ETH-6FEB26", "bids": [[2750.75, 2955.0], [2750.25, 1700.0], [2750.0, 625.0], [2747.75, 4866.0], [2747.5, 1191.0], [2747.25, 7132.0], [2747.0, 2.0], [2746.75, 22039.0], [2745.25, 5064.0], [2745.0, 11.0], [2744.75, 5264.0], [2743.5, 400.0], [2742.5, 19060.0], [2742.25, 40000.0], [2741.25, 14797.0], [2741.0, 29861.0], [2739.25, 30179.0], [2736.75, 228.0], [2736.25, 40000.0], [2734.25, 29261.0]], "asks": [[2751.25, 3000.0], [2751.5, 3019.0], [2752.0, 1700.0], [2752.25, 500.0], [2753.5, 1700.0], [2753.75, 8709.0], [2754.0, 4936.0], [2754.5, 1000.0], [2756.0, 15153.0], [2757.5, 21443.0], [2758.25, 400.0], [2758.5, 40000.0], [2758.75, 11.0], [2759.5, 1000.0], [2759.75, 2.0], [2760.0, 29802.0], [2761.5, 29737.0], [2761.75, 29136.0], [2762.25, 1191.0], [2763.5, 4764.0]]}}}
{"jsonrpc": "2.0", "method": "subscription", "params": {"channel": "book.ETH-6FEB26.none.20.100ms", "data": {"timestamp": 1769752276740, "change_id": 106646642577, "instrument_name": "ETH-6FEB26", "bids": [[2750.75, 2955.0], [2750.25, 2325.0], [2747.75, 4866.0], [2747.5, 1191.0], [2747.25, 7132.0], [2747.0, 2.0], [2746.75, 22039.0], [2745.25, 5064.0], [2745.0, 11.0], [2744.75, 5264.0], [2743.5, 400.0], [2742.5, 19060.0], [2742.25, 40000.0], [2741.25, 14797.0], [2741.0, 29861.0], [2739.25, 30179.0], [2736.75, 228.0], [2736.25, 40000.0], [2734.25, 29261.0], [2734.0, 30555.0]], "asks": [[2751.25, 3000.0], [2751.5, 3019.0], [2752.0, 1700.0], [2752.25, 500.0], [2753.5, 1700.0], [2753.75, 8709.0], [2754.0, 4936.0], [2754.5, 1000.0], [2756.0, 15153.0], [2757.5, 21443.0], [2758.25, 400.0], [2758.5, 40000.0], [2758.75, 11.0], [2759.5, 1000.0], [2759.75, 2.0], [2760.0, 29802.0], [2761.5, 29737.0], [2761.75, 29136.0], [2762.25, 1191.0], [2763.5, 4764.0]]}}}
{"jsonrpc": "2.0", "method": "subscription", "params": {"channel": "book.ETH-6FEB26.none.20.100ms", "data": {"timestamp": 1769752276957, "change_id": 106646642737, "instrument_name": "ETH-6FEB26", "bids": [[2750.75, 4655.0], [2750.5, 1700.0], [2750.25, 625.0], [2747.75, 4866.0], [2747.5, 1191.0], [2747.25, 7132.0], [2747.0, 2.0], [2746.75, 22039.0], [2745.25, 5064.0], [2745.0, 11.0], [2744.75, 5264.0], [2743.5, 400.0], [2742.5, 19060.0], [2742.25, 40000.0], [2741.25, 14797.0], [2741.0, 29861.0], [2739.25, 30179.0], [2736.75, 228.0], [2736.25, 40000.0], [2734.25, 29261.0]], "asks": [[2751.25, 3000.0], [2751.5, 3019.0], [2752.0, 1700.0], [2752.25, 500.0], [2753.5, 1700.0], [2753.75, 8709.0], [2754.0, 4936.0], [2754.5, 1000.0], [2756.0, 15153.0], [2757.5, 21443.0], [2758.25, 400.0], [2758.5, 40000.0], [2758.75, 11.0], [2759.5, 1000.0], [2759.75, 2.0], [2760.0, 29802.0], [2761.5, 29737.0], [2761.75, 29136.0], [2762.25, 1191.0], [2763.5, 4764.0]]}}}
{"jsonrpc": "2.0", "method": "subscription", "params": {"channel": "book.ETH-6FEB26.none.20.100ms", "data": {"timestamp": 1769752277215, "change_id": 106646643094, "instrument_name": "ETH-6FEB26", "bids": [[2750.75, 2955.0], [2750.25, 625.0], [2747.75, 4866.0], [2747.5, 1191.0], [2747.25, 7132.0], [2747.0, 2.0], [2746.75, 22039.0], [2745.25, 5064.0], [2745.0, 11.0], [2744.75, 5264.0], [2743.5, 400.0], [2742.5, 19060.0], [2742.25, 40000.0], [2741.25, 14797.0], [2741.0, 29861.0], [2739.25, 30179.0], [2736.75, 228.0], [2736.25, 40000.0], [2734.25, 29261.0], [2734.0, 30555.0]], "asks": [[2751.25, 3000.0], [2751.5, 3019.0], [2752.0, 1700.0], [2752.25, 500.0], [2753.5, 1700.0], [2753.75, 8709.0], [2754.0, 4936.0], [2754.5, 1000.0], [2756.0, 15153.0], [2757.5, 21443.0], [2758.25, 400.0], [2758.5, 40000.0], [2758.75, 11.0], [2759.5, 1000.0], [2759.75, 2.0], [2760.0, 29802.0], [2761.5, 29737.0], [2761.75, 29136.0], [2762.25, 1191.0], [2763.5, 4764.0]]}}}
{"jsonrpc": "2.0", "method": "subscription", "params": {"channel": "book.ETH-6FEB26.none.20.100ms", "data": {"timestamp": 1769752277654, "change_id": 106646643401, "instrument_name": "ETH-6FEB26", "bids": [[2750.75, 2955.0], [2750.5, 1700.0], [2750.25, 625.0], [2747.75, 4866.0], [2747.5, 1191.0], [2747.25, 7132.0], [2747.0, 2.0], [2746.75, 22039.0], [2745.25, 5064.0], [2745.0, 11.0], [2744.75, 5264.0], [2743.5, 400.0], [2742.5, 19060.0], [2742.25, 40000.0], [2741.25, 14797.0], [2741.0, 29861.0], [2739.25, 30179.0], [2736.75, 228.0], [2736.25, 40000.0], [2734.25, 29261.0]], "asks": [[2751.25, 3000.0], [2751.5, 3019.0], [2752.0, 1700.0], [2752.25, 500.0], [2753.5, 1700.0], [2753.75, 8709.0], [2754.0, 4936.0], [2754.5, 1000.0], [2756.0, 15153.0], [2757.5, 21443.0], [2758.25, 400.0], [2758.5, 40000.0], [2758.75, 11.0], [2759.5, 1000.0], [2759.75, 2.0], [2760.0, 29802.0], [2761.5, 29737.0], [2761.75, 29136.0], [2762.25, 1191.0], [2763.5, 4764.0]]}}}
{"jsonrpc": "2.0", "method": "subscription", "params": {"channel": "book.ETH-6FEB26.none.20.100ms", "data": {"timestamp": 1769752277946, "change_id": 106646643663, "instrument_name": "ETH-6FEB26", "bids": [[2750.75, 4655.0], [2750.5, 1700.0], [2750.25, 625.0], [2747.75, 4866.0], [2747.5, 1191.0], [2747.25, 7132.0], [2747.0, 2.0], [2746.75, 22039.0], [2745.25, 5064.0], [2745.0, 11.0], [2744.75, 5264.0], [2743.5, 400.0], [2742.5, 19060.0], [2742.25, 40000.0], [2741.25, 14797.0], [2741.0, 29861.0], [2739.25, 30179.0], [2736.75, 228.0], [2736.25, 40000.0], [2734.25, 29261.0]], "asks": [[2751.25, 3000.0], [2751.5, 3019.0], [2752.0, 1700.0], [2752.25, 500.0], [2753.5, 1700.0], [2753.75, 8709.0], [2754.0, 4936.0], [2754.5, 1000.0], [2756.0, 15153.0], [2757.5, 21443.0], [2758.25, 400.0], [2758.5, 40000.0], [2758.75, 11.0], [2759.5, 1000.0], [2759.75, 2.0], [2760.0, 29802.0], [2761.5, 29737.0], [2761.75, 29136.0], [2762.25, 1191.0], [2763.5, 4764.0]]}}}
{"jsonrpc": "2.0", "method": "subscription", "params": {"channel": "book.ETH-6FEB26.none.20.100ms", "data": {"timestamp": 1769752279676, "change_id": 106646645341, "instrument_name": "ETH-6FEB26", "bids": [[2750.75, 2955.0], [2750.5, 1700.0], [2750.25, 625.0], [2747.75, 4866.0], [2747.5, 1191.0], [2747.25, 7132.0], [2747.0, 2.0], [2746.75, 22039.0], [2745.25, 5064.0], [2745.0, 11.0], [2744.75, 5264.0], [2743.5, 400.0], [2742.5, 19060.0], [2742.25, 40000.0], [2741.25, 14797.0], [2741.0, 29861.0], [2739.25, 30179.0], [2736.75, 228.0], [2736.25, 40000.0], [2734.25, 29261.0]], "asks": [[2751.25, 3000.0], [2751.5, 3019.0], [2752.0, 1700.0], [2752.25, 500.0], [2753.5, 1700.0], [2753.75, 8709.0], [2754.0, 4936.0], [2754.5, 1000.0], [2756.0, 15153.0], [2757.5, 21443.0], [2758.25, 400.0], [2758.5, 40000.0], [2758.75, 11.0], [2759.5, 1000.0], [2759.75, 2.0], [2760.0, 29802.0], [2761.5, 29737.0], [2761.75, 29136.0], [2762.25, 1191.0], [2763.5, 4764.0]]}}}
{"jsonrpc": "2.0", "method": "subscription", "params": {"channel": "book.ETH-6FEB26.none.20.100ms", "data": {"timestamp": 1769752279923, "change_id": 106646645593, "instrument_name": "ETH-6FEB26", "bids": [[2750.75, 4655.0], [2750.5, 1700.0], [2750.25, 625.0], [2747.75, 4866.0], [2747.5, 1191.0], [2747.25, 7132.0], [2747.0, 2.0], [2746.75, 22039.0], [2745.25, 5064.0], [2745.0, 11.0], [2744.75, 5264.0], [2743.5, 400.0], [2742.5, 19060.0], [2742.25, 40000.0], [2741.25, 14797.0], [2741.0, 29861.0], [2739.25, 30179.0], [2736.75, 228.0], [2736.25, 40000.0], [2734.25, 29261.0]], "asks": [[2751.25, 3000.0], [2751.5, 3019.0], [2752.0, 1700.0], [2752.25, 500.0], [2753.5, 1700.0], [2753.75, 8709.0], [2754.0, 4936.0], [2754.5, 1000.0], [2756.0, 15153.0], [2757.5, 21443.0], [2758.25, 400.0], [2758.5, 40000.0], [2758.75, 11.0], [2759.5, 1000.0], [2759.75, 2.0], [2760.0, 29802.0], [2761.5, 29737.0], [2761.75, 29136.0], [2762.25, 1191.0], [2763.5, 4764.0]]}}}
{"jsonrpc": "2.0", "method": "subscription", "params": {"channel": "book.ETH-6FEB26.none.20.100ms", "data": {"timestamp": 1769752281345, "change_id": 106646647046, "instrument_name": "ETH-6FEB26", "bids": [[2750.75, 2955.0], [2750.5, 1700.0], [2750.25, 625.0], [2748.0, 4866.0], [2747.5, 1191.0], [2747.25, 7132.0], [2747.0, 2.0], [2746.75, 22039.0], [2745.5, 5064.0], [2745.0, 11.0], [2744.75, 5264.0], [2743.5, 400.0], [2742.5, 19060.0], [2742.25, 40000.0], [2741.25, 14797.0], [2741.0, 29861.0], [2739.25, 30179.0], [2736.75, 228.0], [2736.25, 40000.0], [2734.25, 29261.0]], "asks": [[2751.25, 3000.0], [2751.5, 3019.0], [2751.75, 265.0], [2752.0, 1700.0], [2752.25, 500.0], [2753.5, 1700.0], [2753.75, 8709.0], [2754.0, 4936.0], [2754.5, 1000.0], [2756.0, 15153.0], [2757.5, 21443.0], [2758.25, 400.0], [2758.5, 40000.0], [2758.75, 11.0], [2759.5, 1000.0], [2759.75, 2.0], [2760.0, 29802.0], [2761.5, 29737.0], [2761.75, 29136.0], [2762.25, 1191.0]]}}}
{"jsonrpc": "2.0", "method": "subscription", "params": {"channel": "book.ETH-6FEB26.none.20.100ms", "data": {"timestamp": 1769752281901, "change_id": 106646647416, "instrument_name": "ETH-6FEB26", "bids": [[2750.75, 4655.0], [2750.5, 1700.0], [2750.25, 625.0], [2748.0, 4866.0], [2747.5, 1191.0], [2747.25, 7132.0], [2747.0, 2.0], [2746.75, 22039.0], [2745.5, 5064.0], [2745.0, 11.0], [2744.75, 5264.0], [2743.5, 400.0], [2742.5, 19060.0], [2742.25, 40000.0], [2741.25, 14797.0], [2741.0, 29861.0], [2739.25, 30179.0], [2736.75, 228.0], [2736.25, 40000.0], [2734.25, 29261.0]], "asks": [[2751.25, 3000.0], [2751.5, 3019.0], [2751.75, 265.0], [2752.0, 1700.0], [2752.25, 500.0], [2753.5, 1700.0], [2753.75, 8709.0], [2754.0, 4936.0], [2754.5, 1000.0], [2756.0, 15153.0], [2757.5, 21443.0], [2758.25, 400.0], [2758.5, 40000.0], [2758.75, 11.0], [2759.5, 1000.0], [2759.75, 2.0], [2760.0, 29802.0], [2761.5, 29737.0], [2761.75, 29136.0], [2762.25, 1191.0]]}}}
{"jsonrpc": "2.0", "method": "subscription", "params": {"channel": "book.ETH-6FEB26.none.20.100ms", "data": {"timestamp": 1769752283364, "change_id": 106646648988, "instrument_name": "ETH-6FEB26", "bids": [[2751.0, 4655.0], [2750.5, 1700.0], [2750.25, 625.0], [2748.0, 4866.0], [2747.5, 1191.0], [2747.25, 7132.0], [2747.0, 2.0], [2746.75, 22039.0], [2745.5, 5064.0], [2745.0, 11.0], [2744.75, 5264.0], [2743.5, 400.0], [2742.5, 19060.0], [2742.25, 40000.0], [2741.25, 14797.0], [2741.0, 29861.0], [2739.25, 30179.0], [2736.75, 228.0], [2736.25, 40000.0], [2734.25, 29261.0]], "asks": [[2751.25, 3000.0], [2751.5, 3019.0], [2751.75, 265.0], [2752.0, 1700.0], [2752.25, 500.0], [2753.5, 1700.0], [2753.75, 8709.0], [2754.0, 4936.0], [2754.5, 1000.0], [2756.0, 15153.0], [2757.5, 21443.0], [2758.25, 400.0], [2758.5, 40000.0], [2758.75, 11.0], [2759.5, 1000.0], [2759.75, 2.0], [2760.0, 29802.0], [2761.5, 29737.0], [2761.75, 29136.0], [2762.25, 1191.0]]}}}
{"jsonrpc": "2.0", "method": "subscription", "params": {"channel": "book.ETH-6FEB26.none.20.100ms", "data": {"timestamp": 1769752283740, "change_id": 106646649279, "instrument_name": "ETH-6FEB26", "bids": [[2751.0, 2955.0], [2750.5, 1700.0], [2750.25, 625.0], [2748.0, 4866.0], [2747.5, 1191.0], [2747.25, 7132.0], [2747.0, 2.0], [2746.75, 22039.0], [2745.5, 5064.0], [2745.0, 11.0], [2744.75, 5264.0], [2743.5, 400.0], [2742.5, 19060.0], [2742.25, 40000.0], [2741.25, 14797.0], [2741.0, 29861.0], [2739.25, 30179.0], [2736.75, 228.0], [2736.25, 40000.0], [2734.25, 29261.0]], "asks": [[2751.25, 3000.0], [2751.5, 3019.0], [2751.75, 265.0], [2752.0, 1700.0], [2752.25, 500.0], [2753.5, 1700.0], [2753.75, 8709.0], [2754.0, 4936.0], [2754.5, 1000.0], [2756.0, 15153.0], [2757.5, 21443.0], [2758.25, 400.0], [2758.5, 40000.0], [2758.75, 11.0], [2759.5, 1000.0], [2759.75, 2.0], [2760.0, 29802.0], [2761.5, 29737.0], [2761.75, 29136.0], [2762.25, 1191.0]]}}}
{"jsonrpc": "2.0", "method": "subscription", "params": {"channel": "book.ETH-6FEB26.none.20.100ms", "data": {"timestamp": 1769752283879, "change_id": 106646649354, "instrument_name": "ETH-6FEB26", "bids": [[2751.0, 4655.0], [2750.5, 1700.0], [2750.25, 625.0], [2748.0, 4866.0], [2747.5, 1191.0], [2747.25, 7132.0], [2747.0, 2.0], [2746.75, 22039.0], [2745.5, 5064.0], [2745.0, 11.0], [2744.75, 5264.0], [2743.5, 400.0], [2742.5, 19060.0], [2742.25, 40000.0], [2741.25, 14797.0], [2741.0, 29861.0], [2739.25, 30179.0], [2736.75, 228.0], [2736.25, 40000.0], [2734.25, 29261.0]], "asks": [[2751.25, 3000.0], [2751.5, 3019.0], [2751.75, 265.0], [2752.0, 1700.0], [2752.25, 500.0], [2753.5, 1700.0], [2753.75, 8709.0], [2754.0, 4936.0], [2754.5, 1000.0], [2756.0, 15153.0], [2757.5, 21443.0], [2758.25, 400.0], [2758.5, 40000.0], [2758.75, 11.0], [2759.5, 1000.0], [2759.75, 2.0], [2760.0, 29802.0], [2761.5, 29737.0], [2761.75, 29136.0], [2762.25, 1191.0]]}}}
{"jsonrpc": "2.0", "method": "subscription", "params": {"channel": "book.ETH-6FEB26.none.20.100ms", "data": {"timestamp": 1769752284483, "change_id": 106646649988, "instrument_name": "ETH-6FEB26", "bids": [[2751.0, 2955.0], [2750.5, 1700.0], [2750.25, 625.0], [2748.25, 4866.0], [2747.5, 1191.0], [2747.25, 7132.0], [2747.0, 2.0], [2746.75, 22039.0], [2745.75, 5064.0], [2745.0, 11.0], [2744.75, 5264.0], [2743.5, 400.0], [2742.5, 19060.0], [2742.25, 40000.0], [2741.25, 14797.0], [2741.0, 29861.0], [2739.25, 30179.0], [2736.75, 228.0], [2736.25, 40000.0], [2734.25, 29261.0]], "asks": [[2751.25, 3000.0], [2751.5, 3019.0], [2751.75, 259.0], [2752.0, 1700.0], [2752.25, 500.0], [2753.5, 1700.0], [2753.75, 8709.0], [2754.0, 4936.0], [2754.5, 1000.0], [2756.0, 15153.0], [2757.5, 21443.0], [2758.25, 400.0], [2758.5, 40000.0], [2758.75, 11.0], [2759.5, 1000.0], [2759.75, 2.0], [2760.0, 29802.0], [2761.5, 29737.0], [2761.75, 29136.0], [2762.25, 1191.0]]}}}
{"jsonrpc": "2.0", "method": "subscription", "params": {"channel": "book.ETH-6FEB26.none.20.100ms", "data": {"timestamp": 1769752284716, "change_id": 106646650247, "instrument_name": "ETH-6FEB26", "bids": [[2751.0, 2955.0], [2750.5, 1700.0], [2750.25, 625.0], [2748.25, 4866.0], [2747.5, 1191.0], [2747.25, 7132.0], [2747.0, 2.0], [2746.75, 22039.0], [2745.75, 5064.0], [2745.0, 11.0], [2744.75, 5264.0], [2743.5, 400.0], [2742.5, 19060.0], [2742.25, 40000.0], [2741.25, 14797.0], [2741.0, 29861.0], [2739.25, 30179.0], [2736.75, 228.0], [2736.25, 40000.0], [2734.25, 29261.0]], "asks": [[2751.25, 2375.0], [2751.5, 948.0], [2751.75, 2955.0], [2752.0, 1700.0], [2752.25, 500.0], [2753.5, 1700.0], [2753.75, 8709.0], [2754.0, 4936.0], [2754.5, 1000.0], [2756.0, 15153.0], [2757.5, 21443.0], [2758.25, 400.0], [2758.5, 40000.0], [2758.75, 11.0], [2759.5, 1000.0], [2759.75, 2.0], [2760.0, 29802.0], [2761.5, 29737.0], [2761.75, 29136.0], [2762.25, 1191.0]]}}}
{"jsonrpc": "2.0", "method": "subscription", "params": {"channel": "book.ETH-6FEB26.none.20.100ms", "data": {"timestamp": 1769752285202, "change_id": 106646650681, "instrument_name": "ETH-6FEB26", "bids": [[2751.0, 2955.0], [2750.5, 1700.0], [2750.25, 625.0], [2748.25, 4866.0], [2747.5, 1191.0], [2747.25, 7132.0], [2747.0, 2.0], [2746.75, 22039.0], [2745.75, 5064.0], [2745.0, 11.0], [2744.75, 5264.0], [2743.5, 400.0], [2742.5, 19060.0], [2742.25, 40000.0], [2741.25, 14797.0], [2741.0, 29861.0], [2739.25, 30179.0], [2736.75, 228.0], [2736.25, 40000.0], [2734.25, 29261.0]], "asks": [[2751.25, 3000.0], [2751.5, 323.0], [2751.75, 2955.0], [2752.0, 1700.0], [2752.25, 500.0], [2753.5, 1700.0], [2753.75, 8709.0], [2754.0, 4936.0], [2754.5, 1000.0], [2756.0, 15153.0], [2757.5, 21443.0], [2758.25, 400.0], [2758.5, 40000.0], [2758.75, 11.0], [2759.5, 1000.0], [2759.75, 2.0], [2760.0, 29802.0], [2761.5, 29737.0], [2761.75, 29136.0], [2762.25, 1191.0]]}}}
{"jsonrpc": "2.0", "method": "subscription", "params": {"channel": "book.ETH-6FEB26.none.20.100ms", "data": {"timestamp": 1769752286969, "change_id": 106646652374, "instrument_name": "ETH-6FEB26", "bids": [[2751.0, 4655.0], [2750.5, 2325.0], [2748.25, 4866.0], [2747.5, 1191.0], [2747.25, 7132.0], [2747.0, 2.0], [2746.75, 22039.0], [2745.75, 5064.0], [2745.0, 11.0], [2744.75, 5264.0], [2743.5, 400.0], [2742.5, 19060.0], [2742.25, 40000.0], [2741.25, 14797.0], [2741.0, 29861.0], [2739.25, 30179.0], [2736.75, 228.0], [2736.25, 40000.0], [2734.25, 29261.0], [2734.0, 30555.0]], "asks": [[2751.25, 3000.0], [2751.5, 312.0], [2751.75, 2955.0], [2752.0, 1700.0], [2752.25, 500.0], [2753.5, 1700.0], [2753.75, 8709.0], [2754.0, 4936.0], [2754.5, 1000.0], [2756.0, 15153.0], [2757.5, 21443.0], [2758.25, 400.0], [2758.5, 40000.0], [2758.75, 11.0], [2759.5, 1000.0], [2759.75, 2.0], [2760.0, 29802.0], [2761.5, 29737.0], [2761.75, 29136.0], [2762.25, 1191.0]]}}}
{"jsonrpc": "2.0", "method": "subscription", "params": {"channel": "book.ETH-6FEB26.none.20.100ms", "data": {"timestamp": 1769752287348, "change_id": 106646652826, "instrument_name": "ETH-6FEB26", "bids": [[2751.0, 4655.0], [2750.5, 2325.0], [2748.5, 4866.0], [2747.5, 1191.0], [2747.25, 7132.0], [2747.0, 2.0], [2746.75, 22039.0], [2746.0, 5064.0], [2745.0, 11.0], [2744.75, 5264.0], [2743.5, 400.0], [2742.5, 19060.0], [2742.25, 40000.0], [2741.25, 14797.0], [2741.0, 29861.0], [2739.25, 30179.0], [2736.75, 228.0], [2736.25, 40000.0], [2734.25, 29261.0], [2734.0, 30555.0]], "asks": [[2751.25, 3000.0], [2751.5, 312.0], [2751.75, 2955.0], [2752.0, 1700.0], [2752.25, 500.0], [2753.5, 1700.0], [2753.75, 8709.0], [2754.0, 4936.0], [2754.5, 1000.0], [2756.0, 15153.0], [2757.5, 21443.0], [2758.25, 400.0], [2758.5, 40000.0], [2758.75, 11.0], [2759.5, 1000.0], [2759.75, 2.0], [2760.0, 29802.0], [2761.5, 29737.0], [2761.75, 29136.0], [2762.25, 1191.0]]}}}
{"jsonrpc": "2.0", "method": "subscription", "params": {"channel": "book.ETH-6FEB26.none.20.100ms", "data": {"timestamp": 1769752287674, "change_id": 106646652998, "instrument_name": "ETH-6FEB26", "bids": [[2751.0, 4655.0], [2750.5, 2325.0], [2748.75, 1700.0], [2748.5, 4866.0], [2747.5, 1191.0], [2747.25, 7132.0], [2747.0, 2.0], [2746.75, 22039.0], [2746.0, 5064.0], [2745.0, 11.0], [2744.75, 5264.0], [2743.5, 400.0], [2742.5, 19060.0], [2742.25, 40000.0], [2741.25, 14797.0], [2741.0, 29861.0], [2739.25, 30179.0], [2736.75, 228.0], [2736.25, 40000.0], [2734.25, 29261.0]], "asks": [[2751.25, 3000.0], [2751.5, 312.0], [2751.75, 2955.0], [2752.0, 1700.0], [2752.25, 500.0], [2753.5, 1700.0], [2753.75, 8709.0], [2754.0, 4936.0], [2754.5, 1000.0], [2756.0, 15153.0], [2757.5, 21443.0], [2758.25, 400.0], [2758.5, 40000.0], [2758.75, 11.0], [2759.5, 1000.0], [2759.75, 2.0], [2760.0, 29802.0], [2761.5, 29737.0], [2761.75, 29136.0], [2762.25, 1191.0]]}}}
{"jsonrpc": "2.0", "method": "subscription", "params": {"channel": "book.ETH-6FEB26.none.20.100ms", "data": {"timestamp": 1769752287834, "change_id": 106646653175, "instrument_name": "ETH-6FEB26", "bids": [[2751.0, 4655.0], [2750.5, 625.0], [2748.75, 1700.0], [2748.5, 4866.0], [2747.5, 1191.0], [2747.25, 7132.0], [2747.0, 2.0], [2746.75, 22039.0], [2746.0, 5064.0], [2745.0, 11.0], [2744.75, 5264.0], [2743.5, 400.0], [2742.5, 19060.0], [2742.25, 40000.0], [2741.25, 14797.0], [2741.0, 29861.0], [2739.25, 30179.0], [2736.75, 228.0], [2736.25, 40000.0], [2734.25, 29261.0]], "asks": [[2751.25, 3000.0], [2751.5, 312.0], [2751.75, 2955.0], [2752.0, 1700.0], [2752.25, 500.0], [2753.5, 1700.0], [2753.75, 8709.0], [2754.0, 4936.0], [2754.5, 1000.0], [2756.0, 15153.0], [2757.5, 21443.0], [2758.25, 400.0], [2758.5, 40000.0], [2758.75, 11.0], [2759.5, 1000.0], [2759.75, 2.0], [2760.0, 29802.0], [2761.5, 29737.0], [2761.75, 29136.0], [2762.25, 1191.0]]}}}
{"jsonrpc": "2.0", "method": "subscription", "params": {"channel": "book.ETH-6FEB26.none.20.100ms", "data": {"timestamp": 1769752288791, "change_id": 106646654512, "instrument_name": "ETH-6FEB26", "bids": [[2751.5, 4655.0], [2751.25, 1700.0], [2750.5, 625.0], [2749.0, 4866.0], [2748.75, 1700.0], [2747.5, 1191.0], [2747.25, 7132.0], [2747.0, 2.0], [2746.75, 22039.0], [2746.25, 5064.0], [2745.0, 11.0], [2744.75, 5264.0], [2743.5, 400.0], [2742.5, 19060.0], [2742.25, 40000.0], [2741.25, 14797.0], [2741.0, 29861.0], [2739.25, 30179.0], [2736.75, 228.0], [2736.25, 40000.0]], "asks": [[2751.75, 2207.0], [2752.0, 2116.0], [2752.25, 3519.0], [2753.5, 1700.0], [2753.75, 1700.0], [2754.0, 4936.0], [2754.5, 1000.0], [2756.0, 22210.0], [2757.5, 21443.0], [2758.25, 400.0], [2758.5, 40000.0], [2758.75, 11.0], [2759.5, 1000.0], [2759.75, 2.0], [2760.0, 29802.0], [2761.5, 29737.0], [2761.75, 29136.0], [2762.25, 1191.0], [2763.5, 4764.0], [2765.5, 228.0]]}}}
{"jsonrpc": "2.0", "method": "subscription", "params": {"channel": "book.ETH-6FEB26.none.20.100ms", "data": {"timestamp": 1769752289039, "change_id": 106646654758, "instrument_name": "ETH-6FEB26", "bids": [[2751.5, 2955.0], [2750.75, 625.0], [2749.25, 1700.0], [2749.0, 4866.0], [2747.5, 1191.0], [2747.25, 7132.0], [2747.0, 2.0], [2746.75, 22039.0], [2746.25, 5064.0], [2745.0, 11.0], [2744.75, 5264.0], [2743.5, 400.0], [2742.5, 19060.0], [2742.25, 40000.0], [2741.25, 14797.0], [2741.0, 29861.0], [2739.25, 30179.0], [2736.75, 228.0], [2736.25, 40000.0], [2734.25, 29261.0]], "asks": [[2751.75, 2832.0], [2752.0, 2116.0], [2752.25, 3519.0], [2753.25, 7055.0], [2753.75, 1700.0], [2754.0, 4936.0], [2754.5, 1000.0], [2756.0, 15153.0], [2757.5, 21443.0], [2758.25, 400.0], [2758.5, 40000.0], [2758.75, 11.0], [2759.5, 1000.0], [2759.75, 2.0], [2760.0, 29802.0], [2761.5, 29737.0], [2761.75, 29136.0], [2762.25, 1191.0], [2763.5, 4764.0], [2765.5, 228.0]]}}}
{"jsonrpc": "2.0", "method": "subscription", "params": {"channel": "book.ETH-6FEB26.none.20.100ms", "data": {"timestamp": 1769752289207, "change_id": 106646655033, "instrument_name": "ETH-6FEB26", "bids": [[2751.5, 2955.0], [2750.75, 625.0], [2749.25, 1700.0], [2749.0, 4866.0], [2747.5, 1191.0], [2747.25, 7132.0], [2747.0, 2.0], [2746.75, 22039.0], [2746.25, 5064.0], [2745.0, 11.0], [2744.75, 5264.0], [2743.5, 400.0], [2742.5, 19060.0], [2742.25, 40000.0], [2741.25, 14797.0], [2741.0, 29861.0], [2739.25, 30179.0], [2736.75, 228.0], [2736.25, 40000.0], [2734.25, 29261.0]], "asks": [[2751.75, 2832.0], [2752.0, 2116.0], [2752.25, 3519.0], [2753.75, 1700.0], [2754.0, 4936.0], [2754.5, 1000.0], [2754.75, 7121.0], [2756.0, 15153.0], [2757.5, 21443.0], [2758.25, 400.0], [2758.5, 40000.0], [2758.75, 11.0], [2759.5, 1000.0], [2759.75, 2.0], [2760.0, 29802.0], [2761.5, 29737.0], [2761.75, 29136.0], [2762.25, 1191.0], [2763.5, 4764.0], [2765.5, 228.0]]}}}
{"jsonrpc": "2.0", "method": "subscription", "params": {"channel": "book.ETH-6FEB26.none.20.100ms", "data": {"timestamp": 1769752289641, "change_id": 106646655541, "instrument_name": "ETH-6FEB26", "bids": [[2751.5, 4655.0], [2750.75, 625.0], [2749.25, 1700.0], [2749.0, 4866.0], [2747.5, 1191.0], [2747.25, 7132.0], [2747.0, 2.0], [2746.75, 22039.0], [2746.25, 5064.0], [2745.0, 11.0], [2744.75, 500.0], [2743.5, 400.0], [2742.5, 23825.0], [2742.25, 40000.0], [2741.25, 14797.0], [2741.0, 29861.0], [2739.25, 30179.0], [2736.75, 228.0], [2736.25, 40000.0], [2734.25, 29261.0]], "asks": [[2751.75, 2325.0], [2752.0, 2623.0], [2752.25, 3519.0], [2753.25, 7020.0], [2753.75, 1700.0], [2754.0, 4936.0], [2754.5, 1000.0], [2756.0, 15153.0], [2757.5, 21443.0], [2758.25, 400.0], [2758.5, 40000.0], [2758.75, 11.0], [2759.5, 1000.0], [2759.75, 2.0], [2760.0, 29802.0], [2761.5, 29737.0], [2761.75, 29136.0], [2762.25, 1191.0], [2763.5, 4764.0], [2765.5, 228.0]]}}}
{"jsonrpc": "2.0", "method": "subscription", "params": {"channel": "book.ETH-6FEB26.none.20.100ms", "data": {"timestamp": 1769752289957, "change_id": 106646655859, "instrument_name": "ETH-6FEB26", "bids": [[2751.5, 4655.0], [2750.75, 625.0], [2749.25, 1700.0], [2749.0, 4866.0], [2747.5, 1191.0], [2747.25, 7132.0], [2747.0, 2.0], [2746.75, 22039.0], [2746.25, 5064.0], [2745.0, 11.0], [2744.75, 500.0], [2743.5, 400.0], [2742.5, 23825.0], [2742.25, 40000.0], [2741.25, 14797.0], [2741.0, 29861.0], [2739.25, 30179.0], [2736.75, 228.0], [2736.25, 40000.0], [2734.25, 29261.0]], "asks": [[2751.75, 2325.0], [2752.0, 2623.0], [2752.25, 3519.0], [2753.0, 1700.0], [2753.75, 1700.0], [2754.0, 4936.0], [2754.5, 1000.0], [2756.0, 15153.0], [2756.25, 7087.0], [2757.5, 21443.0], [2758.25, 400.0], [2758.5, 40000.0], [2758.75, 11.0], [2759.5, 1000.0], [2759.75, 2.0], [2760.0, 29802.0], [2761.5, 29737.0], [2761.75, 29136.0], [2762.25, 1191.0], [2763.5, 4764.0]]}}}
{"jsonrpc": "2.0", "method": "subscription", "params": {"channel": "book.ETH-6FEB26.none.20.100ms", "data": {"timestamp": 1769752290281, "change_id": 106646656353, "instrument_name": "ETH-6FEB26", "bids": [[2751.5, 1700.0], [2751.25, 2955.0], [2750.75, 625.0], [2749.25, 1700.0], [2749.0, 4866.0], [2747.5, 1191.0], [2747.25, 7132.0], [2747.0, 2.0], [2746.75, 22039.0], [2746.25, 5064.0], [2745.0, 11.0], [2744.75, 500.0], [2743.5, 400.0], [2742.5, 23825.0], [2742.25, 40000.0], [2741.25, 14797.0], [2741.0, 29861.0], [2739.25, 30179.0], [2736.75, 228.0], [2736.25, 40000.0]], "asks": [[2751.75, 2325.0], [2752.0, 2623.0], [2752.25, 3519.0], [2753.0, 1700.0], [2753.75, 1700.0], [2754.0, 11935.0], [2754.5, 1000.0], [2756.0, 15153.0], [2757.5, 21443.0], [2758.25, 400.0], [2758.5, 40000.0], [2758.75, 11.0], [2759.5, 1000.0], [2759.75, 2.0], [2760.0, 29802.0], [2761.5, 29737.0], [2761.75, 29136.0], [2762.25, 1191.0], [2763.5, 4764.0], [2765.5, 228.0]]}}}
{"jsonrpc": "2.0", "method": "subscription", "params": {"channel": "book.ETH-6FEB26.none.20.100ms", "data": {"timestamp": 1769752290946, "change_id": 106646656952, "instrument_name": "ETH-6FEB26", "bids": [[2751.5, 4655.0], [2750.75, 625.0], [2749.25, 1700.0], [2749.0, 4866.0], [2747.5, 1191.0], [2747.25, 7132.0], [2747.0, 2.0], [2746.75, 22039.0], [2746.25, 5064.0], [2745.0, 11.0], [2744.75, 500.0], [2743.5, 400.0], [2742.5, 23825.0], [2742.25, 40000.0], [2741.25, 14797.0], [2741.0, 29861.0], [2739.25, 30179.0], [2736.75, 228.0], [2736.25, 40000.0], [2734.25, 29261.0]], "asks": [[2751.75, 625.0], [2752.0, 2623.0], [2752.25, 3519.0], [2753.75, 1700.0], [2754.0, 11935.0], [2754.5, 1000.0], [2756.0, 15153.0], [2757.5, 21443.0], [2758.25, 400.0], [2758.5, 40000.0], [2758.75, 11.0], [2759.5, 1000.0], [2759.75, 2.0], [2760.0, 29802.0], [2761.5, 29737.0], [2761.75, 29136.0], [2762.25, 1191.0], [2763.5, 4764.0], [2765.5, 228.0], [2765.75, 69254.0]]}}}
{"jsonrpc": "2.0", "method": "subscription", "params": {"channel": "book.ETH-6FEB26.none.20.100ms", "data": {"timestamp": 1769752291790, "change_id": 106646657986, "instrument_name": "ETH-6FEB26", "bids": [[2751.5, 2955.0], [2750.75, 625.0], [2749.25, 1700.0], [2749.0, 4866.0], [2747.5, 1191.0], [2747.25, 7132.0], [2747.0, 2.0], [2746.75, 22039.0], [2746.25, 5064.0], [2745.0, 11.0], [2744.75, 500.0], [2743.5, 400.0], [2742.5, 23825.0], [2742.25, 40000.0], [2741.25, 14797.0], [2741.0, 29861.0], [2739.25, 30179.0], [2736.75, 228.0], [2736.25, 40000.0], [2734.25, 29261.0]], "asks": [[2751.75, 2325.0], [2752.0, 2623.0], [2752.25, 3519.0], [2753.75, 1700.0], [2754.0, 11935.0], [2754.5, 1000.0], [2756.0, 15153.0], [2757.5, 21443.0], [2758.25, 400.0], [2758.5, 40000.0], [2758.75, 11.0], [2759.5, 1000.0], [2759.75, 2.0], [2760.0, 29802.0], [2761.5, 29737.0], [2761.75, 29136.0], [2762.25, 1191.0], [2763.5, 4764.0], [2765.5, 228.0], [2765.75, 69254.0]]}}}
{"jsonrpc": "2.0", "method": "subscription", "params": {"channel": "book.ETH-6FEB26.none.20.100ms", "data": {"timestamp": 1769752292780, "change_id": 106646659024, "instrument_name": "ETH-6FEB26", "bids": [[2751.5, 4655.0], [2750.75, 625.0], [2749.25, 1700.0], [2749.0, 4866.0], [2747.5, 1191.0], [2747.25, 7132.0], [2747.0, 2.0], [2746.75, 22039.0], [2746.25, 5064.0], [2745.0, 11.0], [2744.75, 500.0], [2743.5, 400.0], [2742.5, 23825.0], [2742.25, 40000.0], [2741.25, 14797.0], [2741.0, 29861.0], [2739.25, 30179.0], [2736.75, 228.0], [2736.25, 40000.0], [2734.25, 29261.0]], "asks": [[2751.75, 2325.0], [2752.0, 2557.0], [2752.25, 3519.0], [2753.75, 1700.0], [2754.0, 11935.0], [2754.5, 1000.0], [2756.0, 15153.0], [2757.5, 21443.0], [2758.25, 400.0], [2758.5, 40000.0], [2758.75, 11.0], [2759.5, 1000.0], [2759.75, 2.0], [2760.0, 29802.0], [2761.5, 29737.0], [2761.75, 29136.0], [2762.25, 1191.0], [2763.5, 4764.0], [2765.5, 228.0], [2765.75, 69254.0]]}}}
{"jsonrpc": "2.0", "method": "subscription", "params": {"channel": "book.ETH-6FEB26.none.20.100ms", "data": {"timestamp": 1769752293351, "change_id": 106646659680, "instrument_name": "ETH-6FEB26", "bids": [[2751.5, 4655.0], [2750.75, 625.0], [2749.25, 6566.0], [2747.5, 1191.0], [2747.25, 12196.0], [2747.0, 2.0], [2746.75, 22039.0], [2745.0, 11.0], [2744.75, 500.0], [2743.5, 400.0], [2742.5, 23825.0], [2742.25, 40000.0], [2741.25, 14797.0], [2741.0, 29861.0], [2739.25, 30179.0], [2736.75, 228.0], [2736.25, 40000.0], [2734.25, 29261.0], [2734.0, 30555.0], [2732.25, 40000.0]], "asks": [[2751.75, 2325.0], [2752.0, 2557.0], [2752.25, 3519.0], [2753.75, 1700.0], [2754.0, 11935.0], [2754.5, 1000.0], [2756.0, 15153.0], [2757.5, 21443.0], [2758.25, 400.0], [2758.5, 40000.0], [2758.75, 11.0], [2759.5, 1000.0], [2759.75, 2.0], [2760.0, 29802.0], [2761.5, 29737.0], [2761.75, 29136.0], [2762.25, 1191.0], [2763.5, 4764.0], [2765.5, 228.0], [2765.75, 69254.0]]}}}
{"jsonrpc": "2.0", "method": "subscription", "params": {"channel": "book.ETH-6FEB26.none.20.100ms", "data": {"timestamp": 1769752293680, "change_id": 106646659989, "instrument_name": "ETH-6FEB26", "bids": [[2751.5, 4654.0], [2750.75, 625.0], [2749.5, 1700.0], [2749.25, 6566.0], [2747.5, 1191.0], [2747.25, 12196.0], [2747.0, 2.0], [2746.75, 22039.0], [2745.0, 11.0], [2744.75, 500.0], [2743.5, 400.0], [2742.5, 23825.0], [2742.25, 40000.0], [2741.25, 14797.0], [2741.0, 29861.0], [2739.25, 30179.0], [2736.75, 228.0], [2736.25, 40000.0], [2734.25, 29261.0], [2734.0, 30555.0]], "asks": [[2751.75, 625.0], [2752.0, 2557.0], [2752.25, 3518.0], [2753.75, 1700.0], [2754.0, 11935.0], [2754.5, 1000.0], [2756.0, 15153.0], [2757.5, 21443.0], [2758.25, 400.0], [2758.5, 40000.0], [2758.75, 11.0], [2759.5, 1000.0], [2759.75, 2.0], [2760.0, 29802.0], [2761.5, 29737.0], [2761.75, 29136.0], [2762.25, 1191.0], [2763.5, 4764.0], [2765.5, 228.0], [2765.75, 69254.0]]}}}
{"jsonrpc": "2.0", "method": "subscription", "params": {"channel": "book.ETH-6FEB26.none.20.100ms", "data": {"timestamp": 1769752293876, "change_id": 106646660251, "instrument_name": "ETH-6FEB26", "bids": [[2751.5, 4654.0], [2751.0, 625.0], [2749.5, 1700.0], [2749.25, 4866.0], [2747.5, 1191.0], [2747.25, 12196.0], [2747.0, 2.0], [2746.75, 22039.0], [2745.0, 11.0], [2744.75, 500.0], [2743.5, 400.0], [2742.5, 23825.0], [2742.25, 40000.0], [2741.25, 14797.0], [2741.0, 29861.0], [2739.25, 30179.0], [2736.75, 228.0], [2736.25, 40000.0], [2734.25, 29261.0], [2734.0, 30555.0]], "asks": [[2752.0, 2557.0], [2752.25, 4143.0], [2753.75, 1700.0], [2754.0, 11935.0], [2754.5, 1000.0], [2756.0, 15153.0], [2757.5, 21443.0], [2758.25, 400.0], [2758.5, 40000.0], [2758.75, 11.0], [2759.5, 1000.0], [2759.75, 2.0], [2760.0, 29802.0], [2761.5, 29737.0], [2761.75, 29136.0], [2762.25, 1191.0], [2763.5, 4764.0], [2765.5, 228.0], [2765.75, 69254.0], [2768.5, 19057.0]]}}}
{"jsonrpc": "2.0", "method": "subscription", "params": {"channel": "book.ETH-6FEB26.none.20.100ms", "data": {"timestamp": 1769752294204, "change_id": 106646660946, "instrument_name": "ETH-6FEB26", "bids": [[2752.0, 4654.0], [2751.75, 1700.0], [2751.5, 1700.0], [2751.25, 625.0], [2749.5, 6566.0], [2747.5, 1191.0], [2747.25, 12196.0], [2747.0, 2.0], [2746.75, 22039.0], [2745.0, 11.0], [2744.75, 500.0], [2743.5, 400.0], [2742.5, 23825.0], [2742.25, 40000.0], [2741.25, 14797.0], [2741.0, 29861.0], [2739.25, 30179.0], [2736.75, 228.0], [2736.25, 40000.0], [2734.25, 29261.0]], "asks": [[2752.25, 1189.0], [2752.5, 858.0], [2752.75, 2954.0], [2753.75, 1700.0], [2754.0, 4936.0], [2754.5, 1000.0], [2755.0, 7238.0], [2756.0, 15153.0], [2757.5, 21443.0], [2758.75, 11.0], [2759.5, 1000.0], [2759.75, 2.0], [2760.0, 30202.0], [2760.25, 40000.0], [2761.5, 29737.0], [2761.75, 29136.0], [2762.25, 1191.0], [2763.5, 4764.0], [2765.5, 228.0], [2765.75, 69254.0]]}}}
{"jsonrpc": "2.0", "method": "subscription", "params": {"channel": "book.ETH-6FEB26.none.20.100ms", "data": {"timestamp": 1769752294628, "change_id": 106646661699, "instrument_name": "ETH-6FEB26", "bids": [[2752.0, 4654.0], [2751.75, 1700.0], [2751.5, 1700.0], [2751.25, 625.0], [2749.5, 1700.0], [2747.75, 4866.0], [2747.5, 1191.0], [2747.25, 12196.0], [2747.0, 2.0], [2746.75, 22039.0], [2745.0, 11.0], [2744.75, 500.0], [2743.5, 400.0], [2742.5, 23825.0], [2742.25, 40000.0], [2741.25, 14797.0], [2741.0, 29861.0], [2739.25, 30179.0], [2736.75, 228.0], [2736.25, 40000.0]], "asks": [[2752.25, 1189.0], [2752.5, 860.0], [2752.75, 2954.0], [2753.75, 1700.0], [2754.0, 4936.0], [2754.5, 1000.0], [2756.0, 15153.0], [2757.5, 21443.0], [2758.0, 6962.0], [2758.75, 11.0], [2759.5, 1000.0], [2759.75, 2.0], [2760.0, 30202.0], [2760.25, 40000.0], [2761.5, 29737.0], [2761.75, 29136.0], [2762.25, 1191.0], [2763.5, 4764.0], [2765.5, 228.0], [2765.75, 69254.0]]}}}
{"jsonrpc": "2.0", "method": "subscription", "params": {"channel": "book.ETH-6FEB26.none.20.100ms", "data": {"timestamp": 1769752294878, "change_id": 106646661943, "instrument_name": "ETH-6FEB26", "bids": [[2752.0, 1700.0], [2751.75, 2954.0], [2751.5, 1700.0], [2751.25, 625.0], [2747.75, 4866.0], [2747.5, 1191.0], [2747.25, 12196.0], [2747.0, 2.0], [2746.75, 22039.0], [2745.0, 11.0], [2744.75, 500.0], [2743.5, 400.0], [2742.5, 23825.0], [2742.25, 40000.0], [2741.25, 14797.0], [2741.0, 29861.0], [2739.25, 30179.0], [2736.75, 228.0], [2736.25, 40000.0], [2734.25, 29261.0]], "asks": [[2752.25, 2889.0], [2752.5, 860.0], [2752.75, 2954.0], [2753.75, 8629.0], [2754.0, 4936.0], [2754.25, 1700.0], [2754.5, 1000.0], [2756.0, 15153.0], [2757.5, 21443.0], [2758.75, 11.0], [2759.5, 1000.0], [2759.75, 2.0], [2760.0, 30202.0], [2760.25, 40000.0], [2761.5, 29737.0], [2761.75, 29136.0], [2762.25, 1191.0], [2763.5, 4764.0], [2765.5, 228.0], [2765.75, 69254.0]]}}}
{"jsonrpc": "2.0", "method": "subscription", "params": {"channel": "book.ETH-6FEB26.none.20.100ms", "data": {"timestamp": 1769752295408, "change_id": 106646662597, "instrument_name": "ETH-6FEB26", "bids": [[2752.0, 1700.0], [2751.75, 2954.0], [2751.5, 1700.0], [2751.25, 625.0], [2748.0, 4866.0], [2747.5, 6255.0], [2747.25, 7132.0], [2747.0, 2.0], [2746.75, 22039.0], [2745.0, 11.0], [2744.75, 500.0], [2743.5, 400.0], [2742.5, 23825.0], [2742.25, 40000.0], [2741.25, 14797.0], [2741.0, 29861.0], [2739.25, 30179.0], [2736.75, 228.0], [2736.25, 40000.0], [2734.25, 29261.0]], "asks": [[2752.25, 2889.0], [2752.5, 2954.0], [2753.5, 860.0], [2753.75, 8629.0], [2754.0, 4936.0], [2754.25, 1700.0], [2754.5, 1000.0], [2756.0, 15153.0], [2757.5, 21443.0], [2758.75, 11.0], [2759.5, 1000.0], [2759.75, 2.0], [2760.0, 30202.0], [2760.25, 40000.0], [2761.5, 29737.0], [2761.75, 29136.0], [2762.25, 1191.0], [2763.5, 4764.0], [2765.5, 228.0], [2765.75, 69254.0]]}}}
{"jsonrpc": "2.0", "method": "subscription", "params": {"channel": "book.ETH-6FEB26.none.20.100ms", "data": {"timestamp": 1769752296060, "change_id": 106646663799, "instrument_name": "ETH-6FEB26", "bids": [[2751.0, 4654.0], [2747.5, 1191.0], [2747.25, 7132.0], [2747.0, 5066.0], [2746.75, 22039.0], [2745.0, 11.0], [2744.75, 500.0], [2743.5, 400.0], [2742.5, 23825.0], [2742.25, 40000.0], [2741.25, 14797.0], [2741.0, 29861.0], [2739.25, 30179.0], [2736.75, 228.0], [2736.25, 40000.0], [2734.25, 29261.0], [2734.0, 30555.0], [2732.25, 40000.0], [2729.5, 20361.0], [2724.25, 19873.0]], "asks": [[2751.5, 860.0], [2751.75, 4654.0], [2752.0, 1700.0], [2752.25, 1189.0], [2753.75, 8629.0], [2754.0, 4936.0], [2754.25, 1700.0], [2754.5, 1000.0], [2756.0, 15153.0], [2757.5, 21443.0], [2758.75, 11.0], [2759.5, 1000.0], [2759.75, 2.0], [2760.0, 30202.0], [2760.25, 40000.0], [2761.5, 29737.0], [2761.75, 29136.0], [2762.25, 1191.0], [2763.5, 4764.0], [2765.5, 228.0]]}}}
{"jsonrpc": "2.0", "method": "subscription", "params": {"channel": "book.ETH-6FEB26.none.20.100ms", "data": {"timestamp": 1769752296372, "change_id": 106646664602, "instrument_name": "ETH-6FEB26", "bids": [[2751.75, 4654.0], [2751.5, 1700.0], [2751.25, 1700.0], [2751.0, 625.0], [2747.75, 4866.0], [2747.5, 1191.0], [2747.25, 7132.0], [2747.0, 5066.0], [2746.75, 22039.0], [2745.0, 11.0], [2744.75, 500.0], [2743.5, 400.0], [2742.5, 23825.0], [2742.25, 40000.0], [2741.25, 14797.0], [2741.0, 29861.0], [2739.25, 30179.0], [2736.75, 228.0], [2736.25, 40000.0], [2734.25, 29261.0]], "asks": [[2752.0, 1700.0], [2752.25, 2006.0], [2752.5, 2954.0], [2752.75, 9496.0], [2753.75, 8629.0], [2754.0, 4936.0], [2754.25, 1700.0], [2754.5, 1000.0], [2756.0, 15153.0], [2757.5, 21443.0], [2758.75, 11.0], [2759.5, 1000.0], [2759.75, 2.0], [2760.0, 30202.0], [2760.25, 40000.0], [2761.5, 29737.0], [2761.75, 29136.0], [2762.25, 1191.0], [2763.5, 4764.0], [2765.5, 228.0]]}}}
{"jsonrpc": "2.0", "method": "subscription", "params": {"channel": "book.ETH-6FEB26.none.20.100ms", "data": {"timestamp": 1769752296734, "change_id": 106646664923, "instrument_name": "ETH-6FEB26", "bids": [[2751.75, 4654.0], [2751.5, 1700.0], [2751.25, 1700.0], [2751.0, 625.0], [2747.75, 4866.0], [2747.5, 1191.0], [2747.25, 7132.0], [2747.0, 5066.0], [2746.75, 22039.0], [2745.0, 11.0], [2744.75, 500.0], [2743.5, 400.0], [2742.5, 23825.0], [2742.25, 40000.0], [2741.25, 14797.0], [2741.0, 29861.0], [2739.25, 30179.0], [2736.75, 228.0], [2736.25, 40000.0], [2734.25, 29261.0]], "asks": [[2752.0, 1700.0], [2752.25, 2006.0], [2752.5, 2954.0], [2753.5, 1700.0], [2753.75, 8629.0], [2754.0, 4936.0], [2754.25, 1700.0], [2754.5, 1000.0], [2756.0, 15153.0], [2757.5, 21443.0], [2758.75, 11.0], [2759.5, 1000.0], [2759.75, 2.0], [2760.0, 30202.0], [2760.25, 40000.0], [2761.5, 29737.0], [2761.75, 29136.0], [2762.25, 1191.0], [2763.5, 4764.0], [2765.5, 228.0]]}}}
{"jsonrpc": "2.0", "method": "subscription", "params": {"channel": "book.ETH-6FEB26.none.20.100ms", "data": {"timestamp": 1769752296878, "change_id": 106646665084, "instrument_name": "ETH-6FEB26", "bids": [[2751.75, 4654.0], [2751.5, 1700.0], [2751.25, 2325.0], [2747.75, 4866.0], [2747.5, 1191.0], [2747.25, 7132.0], [2747.0, 5066.0], [2746.75, 22039.0], [2745.0, 11.0], [2744.75, 500.0], [2743.5, 400.0], [2742.5, 23825.0], [2742.25, 40000.0], [2741.25, 14797.0], [2741.0, 29861.0], [2739.25, 30179.0], [2736.75, 228.0], [2736.25, 40000.0], [2734.5, 76244.0], [2734.25, 29261.0]], "asks": [[2752.0, 1700.0], [2752.25, 2006.0], [2752.5, 2954.0], [2753.5, 1700.0], [2753.75, 1700.0], [2754.0, 4936.0], [2754.25, 1700.0], [2754.5, 1000.0], [2756.0, 15153.0], [2756.5, 7118.0], [2757.5, 21443.0], [2758.75, 11.0], [2759.5, 1000.0], [2759.75, 2.0], [2760.0, 30202.0], [2760.25, 40000.0], [2761.5, 29737.0], [2761.75, 29136.0], [2762.25, 1191.0], [2763.5, 4764.0]]}}}
{"jsonrpc": "2.0", "method": "subscription", "params": {"channel": "book.ETH-6FEB26.none.20.100ms", "data": {"timestamp": 1769752297177, "change_id": 106646665536, "instrument_name": "ETH-6FEB26", "bids": [[2751.75, 4654.0], [2751.5, 1700.0], [2751.25, 2325.0], [2747.75, 4866.0], [2747.5, 1191.0], [2747.25, 7132.0], [2747.0, 5066.0], [2746.75, 22039.0], [2745.0, 11.0], [2744.75, 500.0], [2743.5, 400.0], [2742.5, 23825.0], [2742.25, 40000.0], [2741.25, 14797.0], [2741.0, 29861.0], [2739.25, 30179.0], [2736.75, 228.0], [2736.25, 40000.0], [2734.5, 76244.0], [2734.25, 29261.0]], "asks": [[2752.0, 1700.0], [2752.25, 2006.0], [2752.5, 2954.0], [2753.5, 1700.0], [2753.75, 8543.0], [2754.0, 4936.0], [2754.25, 1700.0], [2754.5, 1000.0], [2756.0, 15153.0], [2757.5, 21443.0], [2758.75, 11.0], [2759.5, 1000.0], [2759.75, 2.0], [2760.0, 30202.0], [2760.25, 40000.0], [2761.5, 29737.0], [2761.75, 29136.0], [2762.25, 1191.0], [2763.5, 4764.0], [2765.5, 228.0]]}}}
{"jsonrpc": "2.0", "method": "subscription", "params": {"channel": "book.ETH-6FEB26.none.20.100ms", "data": {"timestamp": 1769752297723, "change_id": 106646666093, "instrument_name": "ETH-6FEB26", "bids": [[2751.75, 2954.0], [2751.5, 1700.0], [2751.25, 625.0], [2747.75, 4866.0], [2747.5, 1191.0], [2747.25, 7132.0], [2747.0, 5066.0], [2746.75, 22039.0], [2745.0, 11.0], [2744.75, 500.0], [2743.5, 400.0], [2742.5, 23825.0], [2742.25, 40000.0], [2741.25, 14797.0], [2741.0, 29861.0], [2739.25, 30179.0], [2736.75, 228.0], [2736.25, 40000.0], [2734.5, 76244.0], [2734.25, 29261.0]], "asks": [[2752.0, 1700.0], [2752.25, 2006.0], [2752.5, 2954.0], [2753.5, 1700.0], [2753.75, 8543.0], [2754.0, 4936.0], [2754.25, 1700.0], [2754.5, 1000.0], [2756.0, 15153.0], [2757.5, 21443.0], [2758.75, 11.0], [2759.5, 1000.0], [2759.75, 2.0], [2760.0, 30202.0], [2760.25, 40000.0], [2761.5, 29737.0], [2761.75, 29136.0], [2762.25, 1191.0], [2763.5, 4764.0], [2765.5, 228.0]]}}}
{"jsonrpc": "2.0", "method": "subscription", "params": {"channel": "book.ETH-6FEB26.none.20.100ms", "data": {"timestamp": 1769752298717, "change_id": 106646667108, "instrument_name": "ETH-6FEB26", "bids": [[2751.75, 4654.0], [2751.5, 1700.0], [2751.25, 625.0], [2747.75, 4866.0], [2747.5, 1191.0], [2747.25, 7132.0], [2747.0, 5066.0], [2746.75, 22039.0], [2745.0, 11.0], [2744.75, 500.0], [2743.5, 400.0], [2742.5, 23825.0], [2742.25, 40000.0], [2741.25, 14797.0], [2741.0, 29861.0], [2739.25, 30179.0], [2736.75, 228.0], [2736.25, 40000.0], [2734.5, 76244.0], [2734.25, 29261.0]], "asks": [[2752.0, 1700.0], [2752.25, 2006.0], [2752.5, 2954.0], [2753.25, 507.0], [2753.5, 1700.0], [2753.75, 8543.0], [2754.0, 4936.0], [2754.25, 1700.0], [2754.5, 1000.0], [2756.0, 15153.0], [2757.5, 21443.0], [2758.75, 11.0], [2759.5, 1000.0], [2759.75, 2.0], [2760.0, 30202.0], [2760.25, 40000.0], [2761.5, 29737.0], [2761.75, 29136.0], [2762.25, 1191.0], [2763.5, 4764.0]]}}}
{"jsonrpc": "2.0", "method": "subscription", "params": {"channel": "book.ETH-6FEB26.none.20.100ms", "data": {"timestamp": 1769752299353, "change_id": 106646667954, "instrument_name": "ETH-6FEB26", "bids": [[2751.75, 4654.0], [2751.5, 1700.0], [2751.25, 625.0], [2748.0, 4866.0], [2747.5, 6255.0], [2747.25, 7132.0], [2747.0, 2.0], [2746.75, 22039.0], [2745.0, 11.0], [2744.75, 500.0], [2743.5, 400.0], [2742.5, 23825.0], [2742.25, 40000.0], [2741.25, 14797.0], [2741.0, 29861.0], [2739.25, 30179.0], [2736.75, 228.0], [2736.25, 40000.0], [2734.5, 76244.0], [2734.25, 29261.0]], "asks": [[2752.25, 2006.0], [2752.5, 2954.0], [2753.25, 507.0], [2753.5, 1700.0], [2753.75, 8543.0], [2754.0, 4936.0], [2754.25, 1700.0], [2754.5, 1000.0], [2756.0, 15153.0], [2757.5, 21443.0], [2758.75, 11.0], [2759.5, 1000.0], [2759.75, 2.0], [2760.0, 30202.0], [2760.25, 40000.0], [2761.5, 29737.0], [2761.75, 29136.0], [2762.25, 1191.0], [2763.5, 4764.0], [2765.5, 228.0]]}}}
{"jsonrpc": "2.0", "method": "subscription", "params": {"channel": "book.ETH-6FEB26.none.20.100ms", "data": {"timestamp": 1769752299701, "change_id": 106646668198, "instrument_name": "ETH-6FEB26", "bids": [[2751.75, 4654.0], [2751.5, 1700.0], [2751.25, 625.0], [2748.0, 4866.0], [2747.5, 6255.0], [2747.25, 7132.0], [2747.0, 2.0], [2746.75, 22039.0], [2745.0, 11.0], [2744.75, 500.0], [2743.5, 400.0], [2742.5, 23825.0], [2742.25, 40000.0], [2741.25, 14797.0], [2741.0, 29861.0], [2739.25, 30179.0], [2736.75, 228.0], [2736.25, 40000.0], [2734.5, 76244.0], [2734.25, 29261.0]], "asks": [[2752.25, 3706.0], [2752.5, 2954.0], [2753.25, 507.0], [2753.5, 1700.0], [2753.75, 8543.0], [2754.0, 4936.0], [2754.25, 1700.0], [2754.5, 1000.0], [2756.0, 15153.0], [2757.5, 21443.0], [2758.75, 11.0], [2759.5, 1000.0], [2759.75, 2.0], [2760.0, 30202.0], [2760.25, 40000.0], [2761.5, 29737.0], [2761.75, 29136.0], [2762.25, 1191.0], [2763.5, 4764.0], [2765.5, 228.0]]}}}
{"jsonrpc": "2.0", "method": "subscription", "params": {"channel": "book.ETH-6FEB26.none.20.100ms", "data": {"timestamp": 1769752299828, "change_id": 106646668333, "instrument_name": "ETH-6FEB26", "bids": [[2751.75, 4654.0], [2751.5, 1700.0], [2751.25, 625.0], [2748.0, 4866.0], [2747.5, 6255.0], [2747.25, 7132.0], [2747.0, 2.0], [2746.75, 22039.0], [2745.0, 11.0], [2744.75, 500.0], [2743.5, 400.0], [2742.5, 23825.0], [2742.25, 40000.0], [2741.25, 14797.0], [2741.0, 29861.0], [2739.25, 30179.0], [2736.75, 228.0], [2736.25, 40000.0], [2734.5, 76244.0], [2734.25, 29261.0]], "asks": [[2752.25, 3706.0], [2752.5, 2954.0], [2753.25, 507.0], [2753.5, 1700.0], [2753.75, 1700.0], [2754.0, 4936.0], [2754.25, 1700.0], [2754.5, 1000.0], [2754.75, 7162.0], [2756.0, 15153.0], [2757.5, 21443.0], [2758.75, 11.0], [2759.5, 1000.0], [2759.75, 2.0], [2760.0, 30202.0], [2760.25, 40000.0], [2761.5, 29737.0], [2761.75, 29136.0], [2762.25, 1191.0], [2763.5, 4764.0]]}}}
{"jsonrpc": "2.0", "method": "subscription", "params": {"channel": "book.ETH-6FEB26.none.20.100ms", "data": {"timestamp": 1769752300691, "change_id": 106646669207, "instrument_name": "ETH-6FEB26", "bids": [[2751.75, 2954.0], [2751.5, 1700.0], [2751.25, 625.0], [2748.0, 4866.0], [2747.5, 6255.0], [2747.25, 7132.0], [2747.0, 2.0], [2746.75, 22039.0], [2745.0, 11.0], [2744.75, 500.0], [2743.5, 400.0], [2742.5, 23825.0], [2742.25, 40000.0], [2741.25, 14797.0], [2741.0, 29861.0], [2739.25, 30179.0], [2736.75, 228.0], [2736.25, 40000.0], [2734.5, 76244.0], [2734.25, 29261.0]], "asks": [[2752.25, 3706.0], [2752.5, 2954.0], [2753.75, 2341.0], [2754.0, 4936.0], [2754.25, 1700.0], [2754.5, 1000.0], [2754.75, 7162.0], [2756.0, 15153.0], [2757.5, 21443.0], [2758.75, 11.0], [2759.5, 1000.0], [2759.75, 2.0], [2760.0, 30202.0], [2760.25, 40000.0], [2761.5, 29737.0], [2761.75, 29136.0], [2762.25, 1191.0], [2763.5, 4764.0], [2765.5, 228.0], [2765.75, 69254.0]]}}}
{"jsonrpc": "2.0", "method": "subscription", "params": {"channel": "book.ETH-6FEB26.none.20.100ms", "data": {"timestamp": 1769752300706, "change_id": 106646669208, "instrument_name": "ETH-6FEB26", "bids": [[2751.75, 2954.0], [2751.5, 1700.0], [2751.25, 625.0], [2748.0, 4866.0], [2747.5, 6255.0], [2747.25, 7132.0], [2747.0, 2.0], [2746.75, 22039.0], [2745.0, 11.0], [2744.75, 500.0], [2743.5, 400.0], [2742.5, 23825.0], [2742.25, 40000.0], [2741.25, 14797.0], [2741.0, 29861.0], [2739.25, 30179.0], [2736.75, 228.0], [2736.25, 40000.0], [2734.5, 76244.0], [2734.25, 29261.0]], "asks": [[2752.25, 3706.0], [2752.5, 2954.0], [2753.5, 1700.0], [2753.75, 2341.0], [2754.0, 4936.0], [2754.25, 1700.0], [2754.5, 1000.0], [2754.75, 7162.0], [2756.0, 15153.0], [2757.5, 21443.0], [2758.75, 11.0], [2759.5, 1000.0], [2759.75, 2.0], [2760.0, 30202.0], [2760.25, 40000.0], [2761.5, 29737.0], [2761.75, 29136.0], [2762.25, 1191.0], [2763.5, 4764.0], [2765.5, 228.0]]}}}
{"jsonrpc": "2.0", "method": "subscription", "params": {"channel": "book.ETH-6FEB26.none.20.100ms", "data": {"timestamp": 1769752301309, "change_id": 106646670459, "instrument_name": "ETH-6FEB26", "bids": [[2752.0, 4654.0], [2751.5, 2325.0], [2748.5, 7122.0], [2748.25, 4866.0], [2747.5, 6255.0], [2747.0, 2.0], [2746.75, 22039.0], [2745.0, 11.0], [2744.75, 500.0], [2744.0, 40000.0], [2743.5, 400.0], [2742.5, 23825.0], [2741.25, 14797.0], [2741.0, 29861.0], [2739.25, 30179.0], [2736.75, 228.0], [2736.25, 40000.0], [2734.5, 76244.0], [2734.25, 29261.0], [2734.0, 30555.0]], "asks": [[2752.25, 500.0], [2752.75, 1528.0], [2753.0, 3026.0], [2753.5, 1700.0], [2753.75, 1700.0], [2754.0, 4936.0], [2754.25, 1700.0], [2754.5, 1000.0], [2755.25, 7124.0], [2756.0, 15153.0], [2757.25, 555.0], [2757.5, 21443.0], [2758.75, 11.0], [2759.5, 1000.0], [2759.75, 2.0], [2760.0, 30202.0], [2760.25, 40000.0], [2761.5, 29737.0], [2761.75, 29136.0], [2762.25, 1191.0]]}}}
{"jsonrpc": "2.0", "method": "subscription", "params": {"channel": "book.ETH-6FEB26.none.20.100ms", "data": {"timestamp": 1769752301678, "change_id": 106646671001, "instrument_name": "ETH-6FEB26", "bids": [[2752.0, 4654.0], [2751.75, 1700.0], [2751.5, 625.0], [2748.5, 7122.0], [2748.25, 4866.0], [2747.5, 6255.0], [2747.0, 2.0], [2746.75, 22039.0], [2745.0, 11.0], [2744.75, 500.0], [2744.0, 40000.0], [2743.5, 400.0], [2742.5, 23825.0], [2741.25, 14797.0], [2741.0, 29861.0], [2739.25, 30179.0], [2736.75, 228.0], [2736.25, 40000.0], [2734.5, 76244.0], [2734.25, 29261.0]], "asks": [[2752.25, 500.0], [2752.5, 1068.0], [2752.75, 3579.0], [2753.0, 72.0], [2753.75, 1700.0], [2754.0, 4936.0], [2754.25, 1700.0], [2754.5, 1000.0], [2755.25, 7124.0], [2756.0, 15153.0], [2757.5, 21443.0], [2758.75, 11.0], [2759.5, 1000.0], [2759.75, 2.0], [2760.0, 30202.0], [2760.25, 40000.0], [2761.5, 29737.0], [2761.75, 29136.0], [2762.25, 1191.0], [2763.5, 4764.0]]}}}
{"jsonrpc": "2.0", "method": "subscription", "params": {"channel": "book.ETH-6FEB26.none.20.100ms", "data": {"timestamp": 1769752301990, "change_id": 106646671547, "instrument_name": "ETH-6FEB26", "bids": [[2752.0, 4654.0], [2751.75, 1700.0], [2751.5, 625.0], [2748.5, 7122.0], [2748.25, 4866.0], [2747.5, 6255.0], [2747.0, 2.0], [2746.75, 22039.0], [2745.0, 11.0], [2744.75, 500.0], [2744.0, 40000.0], [2743.5, 400.0], [2742.5, 23825.0], [2741.25, 14797.0], [2741.0, 29861.0], [2739.25, 30179.0], [2736.75, 228.0], [2736.25, 40000.0], [2734.5, 76244.0], [2734.25, 29261.0]], "asks": [[2752.25, 500.0], [2752.75, 1528.0], [2753.0, 3026.0], [2753.75, 1700.0], [2754.0, 4936.0], [2754.25, 1700.0], [2754.5, 1000.0], [2755.25, 7124.0], [2756.0, 15153.0], [2757.5, 21443.0], [2758.75, 11.0], [2759.5, 1000.0], [2759.75, 2.0], [2760.0, 30202.0], [2760.25, 40000.0], [2761.5, 29737.0], [2761.75, 29136.0], [2762.25, 1191.0], [2763.5, 4764.0], [2765.5, 228.0]]}}}
{"jsonrpc": "2.0", "method": "subscription", "params": {"channel": "book.ETH-6FEB26.none.20.100ms", "data": {"timestamp": 1769752302670, "change_id": 106646672328, "instrument_name": "ETH-6FEB26", "bids": [[2752.0, 4654.0], [2751.75, 1700.0], [2751.5, 625.0], [2748.5, 7122.0], [2748.25, 4866.0], [2747.5, 6255.0], [2747.0, 2.0], [2746.75, 22039.0], [2745.0, 11.0], [2744.75, 500.0], [2744.0, 40000.0], [2743.5, 400.0], [2742.5, 23825.0], [2741.25, 14797.0], [2741.0, 29861.0], [2739.25, 30179.0], [2736.75, 228.0], [2736.25, 40000.0], [2734.5, 76244.0], [2734.25, 29261.0]], "asks": [[2752.25, 500.0], [2752.5, 1700.0], [2752.75, 1528.0], [2753.0, 3026.0], [2753.5, 350.0], [2753.75, 1700.0], [2754.0, 4936.0], [2754.25, 1700.0], [2754.5, 1000.0], [2755.25, 7124.0], [2756.0, 15153.0], [2757.5, 21443.0], [2758.75, 11.0], [2759.5, 1000.0], [2759.75, 2.0], [2760.0, 30202.0], [2760.25, 40000.0], [2761.5, 29737.0], [2761.75, 29136.0], [2762.25, 1191.0]]}}}
