{"jsonrpc": "2.0", "id": 1, "result": ["book.ETH-7NOV25.none.20.100ms", "book.ETH-14NOV25.none.20.100ms"], "usIn": 1762233817940268, "usOut": 1762233817941021, "usDiff": 753, "testnet": false}
{"jsonrpc": "2.0", "method": "subscription", "params": {"channel": "book.ETH-7NOV25.none.20.100ms", "data": {"timestamp": 1762233817906, "change_id": 94867707122, "instrument_name": "ETH-7NOV25", "bids": [[3593.75, 2800.0], [3593.5, 2800.0], [3593.0, 7853.0], [3592.75, 30178.0], [3592.0, 160.0], [3591.5, 4206.0], [3591.25, 14092.0], [3589.25, 614.0], [3586.5, 332.0], [3586.25, 1113.0], [3583.0, 4452.0], [3582.75, 400.0], [3582.5, 20688.0], [3581.5, 17811.0], [3581.0, 40000.0], [3580.0, 179000.0], [3573.5, 40000.0], [3570.25, 71244.0], [3569.25, 40000.0], [3569.0, 25387.0]], "asks": [[3594.0, 3800.0], [3594.25, 28636.0], [3594.5, 2800.0], [3595.25, 1797.0], [3595.5, 8165.0], [3597.75, 3067.0], [3598.0, 10276.0], [3598.75, 448.0], [3599.0, 1500.0], [3599.25, 4354.0], [3599.5, 14585.0], [3601.0, 11.0], [3603.0, 21889.0], [3605.25, 400.0], [3608.25, 45.0], [3609.75, 40000.0], [3616.5, 25122.0], [3616.75, 40000.0], [3617.75, 25492.0], [3618.75, 50710.0]]}}}
{"jsonrpc": "2.0", "method": "subscription", "params": {"channel": "book.ETH-14NOV25.none.20.100ms", "data": {"timestamp": 1762233817871, "change_id": 94867706995, "instrument_name": "ETH-14NOV25", "bids": [[3595.5, 3506.0], [3595.25, 4970.0], [3595.0, 15414.0], [3594.75, 25000.0], [3594.25, 448.0], [3594.0, 1501.0], [3593.75, 160.0], [3593.5, 4340.0], [3593.25, 14539.0], [3587.0, 5565.0], [3585.5, 6096.0], [3585.25, 20421.0], [3584.5, 400.0], [3583.5, 17811.0], [3583.25, 40000.0], [3575.75, 40000.0], [3571.75, 37252.0], [3571.0, 6298.0], [3570.5, 71244.0], [3569.25, 40000.0]], "asks": [[3596.0, 5189.0], [3596.25, 25000.0], [3597.0, 1567.0], [3597.25, 6157.0], [3597.5, 2500.0], [3599.25, 10280.0], [3601.25, 4236.0], [3601.5, 14191.0], [3607.25, 21887.0], [3607.5, 400.0], [3607.75, 2.0], [3610.5, 56.0], [3611.25, 40000.0], [3618.75, 46161.0], [3621.5, 18658.0], [3622.75, 37965.0], [3624.25, 38516.0], [3626.0, 37322.0], [3627.25, 181.0], [3629.0, 40000.0]]}}}
{"jsonrpc": "2.0", "method": "subscription", "params": {"channel": "book.ETH-14NOV25.none.20.100ms", "data": {"timestamp": 1762233818116, "change_id": 94867707892, "instrument_name": "ETH-14NOV25", "bids": [[3595.5, 3506.0], [3595.25, 12246.0], [3595.0, 32951.0], [3594.25, 448.0], [3594.0, 1501.0], [3593.75, 160.0], [3593.5, 4340.0], [3593.25, 14539.0], [3587.0, 5565.0], [3585.5, 6096.0], [3585.25, 20421.0], [3584.5, 400.0], [3583.75, 45.0], [3583.5, 17811.0], [3583.25, 40000.0], [3576.0, 6432.0], [3575.75, 40000.0], [3571.75, 37252.0], [3571.0, 6298.0], [3570.5, 71244.0]], "asks": [[3596.0, 5189.0], [3596.25, 25000.0], [3596.5, 746.0], [3596.75, 2500.0], [3597.0, 1567.0], [3597.25, 6157.0], [3599.0, 3069.0], [3599.25, 10280.0], [3601.25, 4236.0], [3601.5, 14191.0], [3607.25, 21887.0], [3607.5, 400.0], [3607.75, 2.0], [3610.5, 56.0], [3611.25, 40000.0], [3618.75, 46161.0], [3621.5, 18658.0], [3622.75, 37965.0], [3624.25, 38516.0], [3626.0, 37322.0]]}}}
{"jsonrpc": "2.0", "method": "subscription", "params": {"channel": "book.ETH-7NOV25.none.20.100ms", "data": {"timestamp": 1762233818111, "change_id": 94867707883, "instrument_name": "ETH-7NOV25", "bids": [[3593.75, 2800.0], [3593.5, 2800.0], [3593.25, 7121.0], [3593.0, 26488.0], [3592.75, 7678.0], [3592.0, 160.0], [3591.5, 4206.0], [3591.25, 14092.0], [3589.25, 614.0], [3586.5, 332.0], [3586.25, 1113.0], [3583.0, 4452.0], [3582.75, 445.0], [3582.5, 20688.0], [3581.5, 17811.0], [3581.0, 40000.0], [3580.0, 179000.0], [3573.5, 40000.0], [3570.25, 71244.0], [3569.25, 40000.0]], "asks": [[3594.0, 3800.0], [3594.25, 28636.0], [3594.5, 3546.0], [3594.75, 2500.0], [3595.25, 1797.0], [3595.5, 5665.0], [3597.75, 3067.0], [3598.0, 16822.0], [3598.25, 21930.0], [3598.75, 448.0], [3599.0, 1500.0], [3599.25, 4354.0], [3599.5, 14585.0], [3601.0, 11.0], [3603.0, 2.0], [3605.25, 400.0], [3608.25, 45.0], [3609.75, 40000.0], [3616.5, 25122.0], [3616.75, 40000.0]]}}}
{"jsonrpc": "2.0", "method": "subscription", "params": {"channel": "book.ETH-14NOV25.none.20.100ms", "data": {"timestamp": 1762233818444, "change_id": 94867708717, "instrument_name": "ETH-14NOV25", "bids": [[3595.5, 3506.0], [3595.25, 4970.0], [3595.0, 7751.0], [3594.75, 7463.0], [3594.5, 25000.0], [3594.25, 448.0], [3594.0, 1501.0], [3593.75, 160.0], [3593.5, 4340.0], [3593.25, 14539.0], [3587.0, 5565.0], [3585.5, 6096.0], [3585.25, 20421.0], [3584.5, 400.0], [3583.75, 45.0], [3583.25, 40000.0], [3577.0, 17811.0], [3576.0, 6432.0], [3575.75, 40000.0], [3571.75, 37252.0]], "asks": [[3596.0, 5189.0], [3596.25, 25746.0], [3596.5, 2500.0], [3596.75, 160.0], [3597.0, 1567.0], [3597.25, 5997.0], [3597.75, 6413.0], [3598.0, 21484.0], [3599.0, 3069.0], [3599.25, 10280.0], [3601.25, 4236.0], [3601.5, 14191.0], [3602.5, 21930.0], [3607.5, 400.0], [3607.75, 2.0], [3610.5, 56.0], [3611.25, 40000.0], [3618.75, 46161.0], [3621.5, 18658.0], [3622.75, 37965.0]]}}}
{"jsonrpc": "2.0", "method": "subscription", "params": {"channel": "book.ETH-7NOV25.none.20.100ms", "data": {"timestamp": 1762233818382, "change_id": 94867708556, "instrument_name": "ETH-7NOV25", "bids": [[3593.75, 2800.0], [3593.5, 2800.0], [3593.25, 2927.0], [3593.0, 17421.0], [3592.75, 13948.0], [3592.5, 25000.0], [3592.0, 160.0], [3591.5, 4206.0], [3591.25, 14092.0], [3589.25, 614.0], [3586.5, 332.0], [3586.25, 1113.0], [3583.0, 4452.0], [3582.75, 445.0], [3582.5, 20688.0], [3581.5, 17811.0], [3581.0, 40000.0], [3580.0, 179000.0], [3573.5, 40000.0], [3570.25, 71244.0]], "asks": [[3594.0, 3800.0], [3594.25, 29275.0], [3594.5, 5300.0], [3595.0, 160.0], [3595.25, 1050.0], [3595.5, 3678.0], [3597.75, 3067.0], [3598.0, 16822.0], [3598.25, 21930.0], [3598.75, 448.0], [3599.0, 1500.0], [3599.25, 4354.0], [3599.5, 14585.0], [3601.0, 11.0], [3603.0, 2.0], [3605.25, 400.0], [3608.25, 45.0], [3609.75, 40000.0], [3616.5, 25122.0], [3616.75, 40000.0]]}}}
{"jsonrpc": "2.0", "method": "subscription", "params": {"channel": "book.ETH-7NOV25.none.20.100ms", "data": {"timestamp": 1762233818772, "change_id": 94867709600, "instrument_name": "ETH-7NOV25", "bids": [[3593.75, 2800.0], [3593.5, 2800.0], [3593.0, 9176.0], [3592.75, 32678.0], [3592.0, 160.0], [3591.5, 4206.0], [3591.25, 14092.0], [3589.25, 614.0], [3586.5, 332.0], [3586.25, 1113.0], [3583.0, 4452.0], [3582.75, 445.0], [3582.5, 20688.0], [3581.5, 17811.0], [3581.0, 40000.0], [3580.0, 179000.0], [3573.5, 40000.0], [3570.25, 71244.0], [3569.25, 40000.0], [3569.0, 25387.0]], "asks": [[3594.0, 3800.0], [3594.25, 29275.0], [3594.5, 5300.0], [3595.0, 160.0], [3595.25, 1050.0], [3595.5, 3678.0], [3598.0, 6546.0], [3598.25, 21930.0], [3598.5, 3067.0], [3598.75, 10723.0], [3599.0, 1500.0], [3599.25, 4354.0], [3599.5, 14585.0], [3601.0, 11.0], [3603.0, 2.0], [3605.25, 400.0], [3608.25, 45.0], [3609.75, 40000.0], [3616.5, 25122.0], [3616.75, 40000.0]]}}}
{"jsonrpc": "2.0", "method": "subscription", "params": {"channel": "book.ETH-14NOV25.none.20.100ms", "data": {"timestamp": 1762233818782, "change_id": 94867709650, "instrument_name": "ETH-14NOV25", "bids": [[3595.5, 3506.0], [3595.25, 4970.0], [3595.0, 15214.0], [3594.75, 25000.0], [3594.25, 448.0], [3594.0, 1501.0], [3593.75, 160.0], [3593.5, 4340.0], [3593.25, 14539.0], [3587.0, 5565.0], [3585.5, 6096.0], [3585.25, 20421.0], [3584.5, 400.0], [3583.75, 45.0], [3583.25, 40000.0], [3577.0, 17811.0], [3576.0, 6432.0], [3575.75, 40000.0], [3571.75, 37252.0], [3571.0, 6298.0]], "asks": [[3596.0, 5189.0], [3596.25, 25746.0], [3596.5, 2500.0], [3596.75, 160.0], [3597.0, 1567.0], [3597.25, 5997.0], [3597.75, 6413.0], [3598.0, 21484.0], [3599.75, 3068.0], [3600.0, 10278.0], [3601.25, 4236.0], [3601.5, 14191.0], [3602.5, 21930.0], [3607.5, 400.0], [3607.75, 2.0], [3610.5, 56.0], [3611.25, 40000.0], [3618.75, 46161.0], [3621.5, 18658.0], [3622.75, 37965.0]]}}}
{"jsonrpc": "2.0", "method": "subscription", "params": {"channel": "book.ETH-14NOV25.none.20.100ms", "data": {"timestamp": 1762233819053, "change_id": 94867710528, "instrument_name": "ETH-14NOV25", "bids": [[3595.5, 2700.0], [3595.25, 1512.0], [3595.0, 12874.0], [3594.75, 30188.0], [3594.25, 448.0], [3594.0, 1501.0], [3593.5, 4340.0], [3593.25, 14539.0], [3587.0, 5565.0], [3585.5, 6096.0], [3585.25, 20421.0], [3584.5, 400.0], [3583.75, 45.0], [3583.25, 40000.0], [3577.0, 17811.0], [3576.0, 6432.0], [3575.75, 40000.0], [3571.75, 37252.0], [3571.0, 6298.0], [3570.5, 71244.0]], "asks": [[3596.0, 26000.0], [3596.25, 746.0], [3596.5, 2500.0], [3596.75, 160.0], [3597.0, 1567.0], [3597.25, 5997.0], [3597.75, 6413.0], [3598.0, 21484.0], [3599.75, 3068.0], [3600.0, 10278.0], [3601.25, 4236.0], [3601.5, 14191.0], [3602.5, 21930.0], [3607.5, 400.0], [3607.75, 2.0], [3610.5, 56.0], [3611.25, 40000.0], [3618.75, 46161.0], [3621.5, 18658.0], [3622.75, 37965.0]]}}}
{"jsonrpc": "2.0", "method": "subscription", "params": {"channel": "book.ETH-7NOV25.none.20.100ms", "data": {"timestamp": 1762233819091, "change_id": 94867710703, "instrument_name": "ETH-7NOV25", "bids": [[3593.5, 2800.0], [3593.25, 160.0], [3593.0, 9176.0], [3592.75, 30178.0], [3592.5, 2500.0], [3591.5, 4206.0], [3591.25, 14092.0], [3589.25, 614.0], [3587.25, 7578.0], [3587.0, 32945.0], [3586.75, 25320.0], [3586.5, 15015.0], [3586.25, 50443.0], [3585.25, 49857.0], [3583.0, 4452.0], [3582.75, 445.0], [3582.5, 20688.0], [3581.5, 17811.0], [3581.0, 112817.0], [3580.0, 179000.0]], "asks": [[3594.0, 30275.0], [3594.25, 5744.0], [3594.5, 1486.0], [3595.0, 160.0], [3595.25, 1050.0], [3595.5, 3678.0], [3598.0, 6546.0], [3598.25, 21930.0], [3598.5, 3067.0], [3598.75, 10723.0], [3599.0, 1500.0], [3599.25, 4354.0], [3599.5, 14585.0], [3600.75, 25122.0], [3601.0, 11.0], [3603.0, 2.0], [3605.25, 400.0], [3607.0, 25492.0], [3607.75, 50710.0], [3608.25, 45.0]]}}}
{"jsonrpc": "2.0", "method": "subscription", "params": {"channel": "book.ETH-14NOV25.none.20.100ms", "data": {"timestamp": 1762233819449, "change_id": 94867711931, "instrument_name": "ETH-14NOV25", "bids": [[3594.75, 1567.0], [3594.5, 5997.0], [3594.25, 3108.0], [3594.0, 26501.0], [3593.5, 4340.0], [3593.25, 14539.0], [3587.25, 1661.0], [3587.0, 5565.0], [3585.5, 6096.0], [3585.25, 20421.0], [3584.5, 400.0], [3583.75, 45.0], [3583.25, 40000.0], [3578.25, 6432.0], [3577.0, 17811.0], [3575.75, 40000.0], [3571.75, 37252.0], [3570.5, 77542.0], [3569.25, 40000.0], [3567.5, 18376.0]], "asks": [[3595.25, 5651.0], [3595.5, 25000.0], [3596.0, 2218.0], [3596.25, 7911.0], [3599.75, 3068.0], [3600.0, 10278.0], [3601.25, 4236.0], [3601.5, 14191.0], [3602.5, 21930.0], [3607.5, 400.0], [3607.75, 2.0], [3610.5, 56.0], [3611.25, 40000.0], [3618.75, 46161.0], [3621.5, 18658.0], [3622.75, 37965.0], [3624.25, 38516.0], [3626.0, 37322.0], [3627.25, 181.0], [3629.0, 40000.0]]}}}
{"jsonrpc": "2.0", "method": "subscription", "params": {"channel": "book.ETH-7NOV25.none.20.100ms", "data": {"timestamp": 1762233819427, "change_id": 94867711850, "instrument_name": "ETH-7NOV25", "bids": [[3592.75, 1500.0], [3592.5, 160.0], [3592.25, 8113.0], [3592.0, 28598.0], [3591.75, 3678.0], [3591.5, 4206.0], [3591.25, 14092.0], [3589.25, 614.0], [3587.25, 7578.0], [3587.0, 25387.0], [3586.75, 7558.0], [3586.5, 40335.0], [3586.25, 50443.0], [3585.25, 49857.0], [3583.0, 4452.0], [3582.75, 445.0], [3582.5, 20688.0], [3581.5, 17811.0], [3581.0, 112817.0], [3580.0, 179000.0]], "asks": [[3593.25, 11646.0], [3593.5, 28636.0], [3593.75, 746.0], [3594.0, 2500.0], [3594.5, 160.0], [3595.25, 1050.0], [3595.5, 3678.0], [3598.0, 6546.0], [3598.25, 21930.0], [3598.5, 3067.0], [3598.75, 10723.0], [3599.0, 1500.0], [3599.25, 4354.0], [3599.5, 14585.0], [3600.75, 25122.0], [3601.0, 11.0], [3603.0, 2.0], [3605.25, 400.0], [3607.0, 25492.0], [3607.75, 50710.0]]}}}
{"jsonrpc": "2.0", "method": "subscription", "params": {"channel": "book.ETH-14NOV25.none.20.100ms", "data": {"timestamp": 1762233819746, "change_id": 94867713934, "instrument_name": "ETH-14NOV25", "bids": [[3594.75, 1567.0], [3594.5, 5997.0], [3594.25, 10513.0], [3594.0, 51300.0], [3593.5, 4340.0], [3593.25, 14539.0], [3587.25, 332.0], [3587.0, 1113.0], [3585.75, 1329.0], [3585.5, 10559.0], [3585.25, 20421.0], [3584.5, 400.0], [3583.75, 45.0], [3583.25, 40000.0], [3578.25, 6432.0], [3577.0, 17811.0], [3575.75, 40000.0], [3571.75, 37252.0], [3570.5, 77542.0], [3569.25, 40000.0]], "asks": [[3595.25, 5651.0], [3595.5, 25746.0], [3595.75, 2500.0], [3596.0, 1520.0], [3596.25, 5411.0], [3599.75, 3068.0], [3600.0, 10278.0], [3601.25, 4236.0], [3601.5, 14191.0], [3602.5, 21930.0], [3607.5, 400.0], [3607.75, 2.0], [3610.5, 56.0], [3611.25, 40000.0], [3618.75, 46161.0], [3621.5, 18658.0], [3622.75, 37965.0], [3624.25, 38516.0], [3626.0, 37322.0], [3627.25, 181.0]]}}}
{"jsonrpc": "2.0", "method": "subscription", "params": {"channel": "book.ETH-7NOV25.none.20.100ms", "data": {"timestamp": 1762233819656, "change_id": 94867713162, "instrument_name": "ETH-7NOV25", "bids": [[3592.75, 1500.0], [3592.5, 160.0], [3592.25, 8113.0], [3592.0, 28598.0], [3591.75, 3678.0], [3591.5, 4206.0], [3591.25, 14092.0], [3589.25, 614.0], [3587.25, 7578.0], [3587.0, 25387.0], [3586.75, 7558.0], [3586.5, 40335.0], [3586.25, 50443.0], [3585.25, 49857.0], [3583.0, 4452.0], [3582.75, 445.0], [3582.5, 20688.0], [3581.5, 17811.0], [3581.0, 112817.0], [3580.0, 179000.0]], "asks": [[3593.25, 11646.0], [3593.5, 28636.0], [3593.75, 2500.0], [3594.5, 160.0], [3595.25, 1050.0], [3595.5, 3678.0], [3598.0, 6546.0], [3598.25, 21930.0], [3598.5, 3067.0], [3598.75, 10723.0], [3599.0, 1500.0], [3599.25, 4354.0], [3599.5, 14585.0], [3600.75, 25122.0], [3601.0, 11.0], [3603.0, 2.0], [3605.25, 400.0], [3607.0, 65492.0], [3607.75, 50710.0], [3608.25, 45.0]]}}}
{"jsonrpc": "2.0", "method": "subscription", "params": {"channel": "book.ETH-14NOV25.none.20.100ms", "data": {"timestamp": 1762233820096, "change_id": 94867715414, "instrument_name": "ETH-14NOV25", "bids": [[3594.0, 6752.0], [3593.75, 9963.0], [3593.5, 25000.0], [3591.5, 4229.0], [3591.25, 14167.0], [3587.25, 332.0], [3587.0, 1113.0], [3585.75, 1329.0], [3585.5, 10559.0], [3585.25, 20421.0], [3584.5, 400.0], [3583.75, 45.0], [3580.5, 40000.0], [3577.25, 6432.0], [3577.0, 17811.0], [3575.75, 40000.0], [3570.5, 71244.0], [3570.0, 6298.0], [3569.25, 40000.0], [3567.5, 18376.0]], "asks": [[3595.0, 26000.0], [3595.5, 746.0], [3595.75, 4227.0], [3596.0, 5251.0], [3599.0, 10278.0], [3599.25, 4346.0], [3599.5, 14560.0], [3599.75, 3068.0], [3602.5, 21930.0], [3607.5, 400.0], [3607.75, 2.0], [3610.5, 56.0], [3611.25, 40000.0], [3618.75, 46161.0], [3621.5, 18658.0], [3622.75, 37965.0], [3624.25, 38516.0], [3626.0, 37322.0], [3627.25, 181.0], [3629.0, 40000.0]]}}}
{"jsonrpc": "2.0", "method": "subscription", "params": {"channel": "book.ETH-7NOV25.none.20.100ms", "data": {"timestamp": 1762233820097, "change_id": 94867715438, "instrument_name": "ETH-7NOV25", "bids": [[3591.5, 6178.0], [3589.5, 4493.0], [3589.25, 15051.0], [3587.25, 7578.0], [3587.0, 25387.0], [3586.75, 7558.0], [3586.5, 40335.0], [3586.25, 50443.0], [3583.0, 4452.0], [3582.75, 445.0], [3581.5, 17811.0], [3581.0, 72817.0], [3580.0, 179000.0], [3578.25, 40000.0], [3575.0, 18928.0], [3573.5, 40000.0], [3572.0, 75025.0], [3570.25, 71244.0], [3569.25, 40000.0], [3563.75, 48742.0]], "asks": [[3593.25, 28636.0], [3593.5, 2500.0], [3594.0, 1784.0], [3594.25, 5698.0], [3597.25, 4286.0], [3597.5, 14359.0], [3597.75, 10275.0], [3598.0, 6546.0], [3598.25, 21930.0], [3598.5, 3067.0], [3598.75, 448.0], [3599.0, 1500.0], [3600.75, 25122.0], [3601.0, 11.0], [3603.0, 2.0], [3605.25, 400.0], [3607.0, 65492.0], [3607.75, 50710.0], [3608.25, 45.0], [3608.75, 51185.0]]}}}
{"jsonrpc": "2.0", "method": "subscription", "params": {"channel": "book.ETH-14NOV25.none.20.100ms", "data": {"timestamp": 1762233820437, "change_id": 94867719569, "instrument_name": "ETH-14NOV25", "bids": [[3590.25, 448.0], [3590.0, 1501.0], [3588.25, 806.0], [3588.0, 7052.0], [3587.75, 14579.0], [3587.25, 332.0], [3587.0, 1113.0], [3585.75, 1332.0], [3585.5, 4463.0], [3583.75, 45.0], [3583.5, 160.0], [3581.25, 400.0], [3578.5, 18623.0], [3577.0, 17811.0], [3575.75, 40000.0], [3570.75, 6432.0], [3570.5, 71244.0], [3569.25, 40000.0], [3567.5, 18376.0], [3566.25, 37923.0]], "asks": [[3595.25, 160.0], [3595.5, 711.0], [3595.75, 2500.0], [3598.75, 3068.0], [3599.0, 10278.0], [3599.25, 4346.0], [3599.5, 14560.0], [3602.5, 21930.0], [3605.25, 400.0], [3607.75, 2.0], [3610.5, 56.0], [3611.25, 40000.0], [3618.75, 46161.0], [3621.5, 18658.0], [3622.75, 37965.0], [3623.25, 40000.0], [3624.25, 38516.0], [3626.0, 37322.0], [3627.25, 181.0], [3629.5, 36591.0]]}}}
{"jsonrpc": "2.0", "method": "subscription", "params": {"channel": "book.ETH-7NOV25.none.20.100ms", "data": {"timestamp": 1762233820437, "change_id": 94867719566, "instrument_name": "ETH-7NOV25", "bids": [[3589.75, 2800.0], [3589.5, 3.0], [3589.25, 614.0], [3586.25, 1113.0], [3585.75, 14562.0], [3583.0, 4452.0], [3582.75, 45.0], [3581.75, 160.0], [3581.5, 17811.0], [3580.0, 179000.0], [3579.5, 400.0], [3577.25, 25387.0], [3575.5, 49330.0], [3575.0, 18928.0], [3573.5, 112817.0], [3570.25, 71244.0], [3569.25, 40000.0], [3563.75, 48742.0], [3554.25, 49897.0], [3550.0, 213000.0]], "asks": [[3591.75, 25000.0], [3592.25, 2800.0], [3592.5, 2800.0], [3592.75, 2800.0], [3593.0, 2800.0], [3593.25, 2800.0], [3593.5, 2660.0], [3594.25, 3678.0], [3597.5, 14359.0], [3597.75, 10275.0], [3598.25, 21930.0], [3599.0, 1500.0], [3601.0, 11.0], [3603.0, 2.0], [3607.0, 40000.0], [3608.25, 45.0], [3609.5, 25492.0], [3611.25, 50710.0], [3613.0, 76475.0], [3616.75, 40000.0]]}}}
{"jsonrpc": "2.0", "method": "subscription", "params": {"channel": "book.ETH-14NOV25.none.20.100ms", "data": {"timestamp": 1762233820763, "change_id": 94867722885, "instrument_name": "ETH-14NOV25", "bids": [[3590.5, 448.0], [3590.25, 1502.0], [3590.0, 14516.0], [3587.0, 1113.0], [3586.75, 160.0], [3585.5, 4463.0], [3583.75, 45.0], [3581.25, 400.0], [3578.5, 18623.0], [3577.0, 17811.0], [3575.75, 40000.0], [3570.5, 71244.0], [3569.25, 40000.0], [3567.5, 18376.0], [3566.25, 37923.0], [3564.0, 38571.0], [3563.5, 40000.0], [3561.25, 37252.0], [3559.5, 36521.0], [3554.0, 25610.0]], "asks": [[3594.75, 160.0], [3595.75, 2500.0], [3599.0, 10278.0], [3599.5, 14560.0], [3602.25, 6546.0], [3602.5, 21930.0], [3605.25, 400.0], [3607.75, 2.0], [3610.5, 56.0], [3611.25, 40000.0], [3618.75, 46161.0], [3621.5, 18658.0], [3622.75, 37965.0], [3623.25, 40000.0], [3624.25, 38516.0], [3626.0, 37322.0], [3627.25, 181.0], [3629.5, 36591.0], [3634.75, 25328.0], [3643.5, 24883.0]]}}}
{"jsonrpc": "2.0", "method": "subscription", "params": {"channel": "book.ETH-7NOV25.none.20.100ms", "data": {"timestamp": 1762233820754, "change_id": 94867722864, "instrument_name": "ETH-7NOV25", "bids": [[3590.75, 836.0], [3590.5, 6136.0], [3590.25, 7717.0], [3590.0, 17307.0], [3589.75, 2800.0], [3589.5, 3.0], [3589.25, 614.0], [3588.5, 4391.0], [3588.25, 15157.0], [3588.0, 1501.0], [3586.5, 332.0], [3585.0, 160.0], [3583.0, 4452.0], [3582.75, 1158.0], [3581.5, 17811.0], [3580.0, 179000.0], [3579.5, 400.0], [3577.25, 25387.0], [3575.5, 49330.0], [3575.0, 18928.0]], "asks": [[3591.5, 1000.0], [3593.0, 160.0], [3593.25, 746.0], [3593.5, 2500.0], [3597.25, 4286.0], [3597.5, 17426.0], [3597.75, 10275.0], [3598.0, 6546.0], [3598.25, 21930.0], [3599.0, 1500.0], [3601.0, 11.0], [3603.0, 402.0], [3605.0, 25122.0], [3607.0, 40000.0], [3608.25, 45.0], [3609.5, 25492.0], [3611.25, 50710.0], [3613.0, 76475.0], [3613.75, 51185.0], [3616.75, 40000.0]]}}}
{"jsonrpc": "2.0", "method": "subscription", "params": {"channel": "book.ETH-14NOV25.none.20.100ms", "data": {"timestamp": 1762233820968, "change_id": 94867723549, "instrument_name": "ETH-14NOV25", "bids": [[3593.0, 5200.0], [3592.5, 2700.0], [3592.25, 24787.0], [3590.25, 1502.0], [3590.0, 14516.0], [3587.75, 160.0], [3587.0, 1113.0], [3585.5, 4463.0], [3583.75, 45.0], [3581.25, 400.0], [3578.5, 18623.0], [3577.0, 17811.0], [3575.75, 40000.0], [3570.5, 71244.0], [3569.25, 40000.0], [3567.5, 18376.0], [3566.25, 37923.0], [3564.0, 38571.0], [3563.5, 40000.0], [3561.25, 37252.0]], "asks": [[3594.5, 25000.0], [3594.75, 2660.0], [3599.0, 10278.0], [3599.5, 14560.0], [3602.5, 21930.0], [3605.25, 400.0], [3607.75, 2.0], [3610.5, 56.0], [3611.25, 40000.0], [3618.75, 46161.0], [3621.5, 18658.0], [3622.75, 37965.0], [3623.25, 40000.0], [3624.25, 38516.0], [3626.0, 37322.0], [3627.25, 181.0], [3629.5, 36591.0], [3634.75, 25328.0], [3643.5, 24883.0], [3660.0, 17807.0]]}}}
{"jsonrpc": "2.0", "method": "subscription", "params": {"channel": "book.ETH-7NOV25.none.20.100ms", "data": {"timestamp": 1762233821087, "change_id": 94867724025, "instrument_name": "ETH-7NOV25", "bids": [[3591.0, 2806.0], [3590.75, 836.0], [3590.5, 9456.0], [3590.25, 28671.0], [3590.0, 3678.0], [3589.25, 614.0], [3588.5, 4257.0], [3588.25, 15157.0], [3588.0, 1501.0], [3586.0, 160.0], [3583.25, 1329.0], [3583.0, 4798.0], [3582.75, 1158.0], [3581.5, 17811.0], [3580.0, 179000.0], [3579.5, 400.0], [3577.25, 25387.0], [3575.5, 49330.0], [3575.0, 18928.0], [3573.5, 112817.0]], "asks": [[3591.5, 1000.0], [3592.25, 7463.0], [3592.5, 27500.0], [3593.0, 784.0], [3593.25, 3187.0], [3593.5, 3678.0], [3597.25, 4286.0], [3597.5, 17426.0], [3597.75, 10275.0], [3598.0, 6546.0], [3598.25, 21930.0], [3599.0, 1500.0], [3601.0, 11.0], [3603.0, 402.0], [3605.0, 25122.0], [3607.0, 40000.0], [3608.25, 45.0], [3609.5, 25492.0], [3611.25, 50710.0], [3613.0, 76475.0]]}}}
{"jsonrpc": "2.0", "method": "subscription", "params": {"channel": "book.ETH-14NOV25.none.20.100ms", "data": {"timestamp": 1762233821391, "change_id": 94867726214, "instrument_name": "ETH-14NOV25", "bids": [[3593.5, 806.0], [3593.25, 4267.0], [3593.0, 5251.0], [3592.75, 7537.0], [3592.5, 33891.0], [3592.25, 24787.0], [3590.5, 448.0], [3590.25, 5835.0], [3590.0, 14516.0], [3588.25, 160.0], [3585.5, 11.0], [3583.75, 445.0], [3579.25, 40000.0], [3578.5, 18623.0], [3575.75, 40000.0], [3569.25, 40000.0], [3567.5, 18376.0], [3566.25, 37923.0], [3564.0, 38571.0], [3561.25, 37252.0]], "asks": [[3594.0, 25000.0], [3594.25, 1255.0], [3594.5, 2500.0], [3594.75, 1727.0], [3595.0, 5251.0], [3598.75, 3068.0], [3599.0, 10278.0], [3599.25, 4346.0], [3599.5, 14560.0], [3602.5, 21930.0], [3605.25, 400.0], [3607.75, 2.0], [3608.0, 40000.0], [3610.5, 56.0], [3611.25, 40000.0], [3618.75, 46161.0], [3621.5, 18658.0], [3622.75, 37965.0], [3624.25, 38516.0], [3626.0, 37322.0]]}}}
{"jsonrpc": "2.0", "method": "subscription", "params": {"channel": "book.ETH-7NOV25.none.20.100ms", "data": {"timestamp": 1762233821411, "change_id": 94867726322, "instrument_name": "ETH-7NOV25", "bids": [[3591.0, 2800.0], [3590.75, 8191.0], [3590.5, 31136.0], [3590.25, 25871.0], [3590.0, 3678.0], [3589.25, 614.0], [3588.5, 4257.0], [3588.25, 15157.0], [3588.0, 1501.0], [3586.25, 160.0], [3582.75, 45.0], [3580.0, 179000.0], [3579.5, 400.0], [3577.25, 25387.0], [3577.0, 40000.0], [3575.5, 49330.0], [3575.0, 18928.0], [3573.5, 112817.0], [3570.25, 49857.0], [3564.0, 75025.0]], "asks": [[3591.5, 1000.0], [3591.75, 5235.0], [3592.0, 25000.0], [3592.25, 746.0], [3592.5, 2500.0], [3593.0, 746.0], [3593.25, 3187.0], [3593.5, 3678.0], [3597.25, 4286.0], [3597.5, 17426.0], [3597.75, 10275.0], [3598.25, 21930.0], [3599.0, 1500.0], [3601.0, 11.0], [3603.0, 402.0], [3605.0, 25122.0], [3607.0, 40000.0], [3608.25, 45.0], [3609.5, 25492.0], [3611.25, 50710.0]]}}}
{"jsonrpc": "2.0", "method": "subscription", "params": {"channel": "book.ETH-7NOV25.none.20.100ms", "data": {"timestamp": 1762233821760, "change_id": 94867728257, "instrument_name": "ETH-7NOV25", "bids": [[3591.0, 10263.0], [3590.75, 29082.0], [3590.5, 10195.0], [3590.25, 25871.0], [3590.0, 3678.0], [3589.25, 614.0], [3588.5, 4257.0], [3588.25, 15157.0], [3588.0, 1501.0], [3586.75, 160.0], [3582.75, 45.0], [3580.0, 179000.0], [3579.5, 400.0], [3577.25, 25387.0], [3577.0, 40000.0], [3575.5, 49330.0], [3575.0, 18928.0], [3573.5, 112817.0], [3570.25, 49857.0], [3564.0, 75025.0]], "asks": [[3591.5, 1000.0], [3591.75, 7463.0], [3592.0, 25524.0], [3592.25, 2500.0], [3593.0, 746.0], [3593.25, 3187.0], [3593.5, 3678.0], [3597.25, 3371.0], [3597.5, 17426.0], [3597.75, 10275.0], [3598.25, 21930.0], [3599.0, 1500.0], [3601.0, 11.0], [3603.0, 402.0], [3605.0, 25122.0], [3607.0, 40000.0], [3608.25, 45.0], [3611.25, 50710.0], [3613.0, 76475.0], [3613.75, 51185.0]]}}}
{"jsonrpc": "2.0", "method": "subscription", "params": {"channel": "book.ETH-14NOV25.none.20.100ms", "data": {"timestamp": 1762233821717, "change_id": 94867728082, "instrument_name": "ETH-14NOV25", "bids": [[3593.5, 806.0], [3593.25, 4267.0], [3593.0, 5997.0], [3592.75, 10037.0], [3592.5, 31391.0], [3592.25, 24787.0], [3590.5, 448.0], [3590.25, 5835.0], [3590.0, 14516.0], [3588.75, 160.0], [3585.5, 11.0], [3583.75, 445.0], [3579.25, 40000.0], [3578.5, 18623.0], [3575.75, 40000.0], [3572.0, 17811.0], [3569.25, 40000.0], [3567.5, 18376.0], [3566.25, 37923.0], [3564.0, 38571.0]], "asks": [[3594.0, 25746.0], [3594.25, 2500.0], [3594.75, 1727.0], [3595.0, 5251.0], [3598.75, 3068.0], [3599.0, 10278.0], [3599.25, 4346.0], [3599.5, 14560.0], [3602.5, 21930.0], [3605.25, 400.0], [3607.75, 2.0], [3608.0, 40000.0], [3610.5, 56.0], [3611.25, 40000.0], [3618.75, 46161.0], [3621.5, 18658.0], [3622.75, 37965.0], [3624.25, 38516.0], [3626.0, 37322.0], [3627.25, 181.0]]}}}
{"jsonrpc": "2.0", "method": "subscription", "params": {"channel": "book.ETH-7NOV25.none.20.100ms", "data": {"timestamp": 1762233822094, "change_id": 94867729990, "instrument_name": "ETH-7NOV25", "bids": [[3591.0, 2800.0], [3590.75, 836.0], [3590.5, 10263.0], [3590.25, 28598.0], [3590.0, 3678.0], [3589.25, 614.0], [3588.5, 4257.0], [3588.25, 15157.0], [3588.0, 1501.0], [3587.5, 160.0], [3582.75, 45.0], [3581.5, 4452.0], [3580.0, 179000.0], [3579.5, 400.0], [3577.25, 25387.0], [3577.0, 40000.0], [3575.5, 49330.0], [3575.0, 18928.0], [3573.5, 112817.0], [3570.25, 49857.0]], "asks": [[3591.5, 8463.0], [3591.75, 25000.0], [3592.0, 746.0], [3592.25, 2500.0], [3593.0, 160.0], [3593.25, 1098.0], [3593.5, 3678.0], [3597.25, 4286.0], [3597.5, 17426.0], [3597.75, 10275.0], [3598.0, 6546.0], [3598.25, 21930.0], [3599.0, 1500.0], [3601.0, 11.0], [3603.0, 402.0], [3605.0, 25122.0], [3607.0, 40000.0], [3608.25, 45.0], [3611.25, 50710.0], [3613.0, 76475.0]]}}}
{"jsonrpc": "2.0", "method": "subscription", "params": {"channel": "book.ETH-14NOV25.none.20.100ms", "data": {"timestamp": 1762233822047, "change_id": 94867729710, "instrument_name": "ETH-14NOV25", "bids": [[3593.5, 2700.0], [3593.25, 4267.0], [3593.0, 5251.0], [3592.75, 7537.0], [3592.5, 25000.0], [3592.25, 2500.0], [3590.5, 448.0], [3590.25, 5835.0], [3590.0, 14516.0], [3589.25, 160.0], [3585.5, 11.0], [3583.75, 445.0], [3579.5, 4452.0], [3579.25, 40000.0], [3578.5, 18623.0], [3575.75, 40000.0], [3572.0, 17811.0], [3569.25, 40000.0], [3567.5, 18376.0], [3566.25, 37923.0]], "asks": [[3594.0, 26746.0], [3594.25, 2500.0], [3594.75, 1727.0], [3595.0, 5251.0], [3598.75, 3068.0], [3599.0, 10278.0], [3599.25, 4346.0], [3599.5, 14560.0], [3602.5, 21930.0], [3605.25, 400.0], [3607.75, 2.0], [3608.0, 40000.0], [3610.5, 56.0], [3611.25, 40000.0], [3618.75, 46161.0], [3621.5, 18658.0], [3622.75, 37965.0], [3624.25, 38516.0], [3626.0, 37322.0], [3627.25, 181.0]]}}}
{"jsonrpc": "2.0", "method": "subscription", "params": {"channel": "book.ETH-7NOV25.none.20.100ms", "data": {"timestamp": 1762233822408, "change_id": 94867731157, "instrument_name": "ETH-7NOV25", "bids": [[3591.0, 28546.0], [3590.75, 3336.0], [3590.5, 9290.0], [3590.25, 25871.0], [3590.0, 3678.0], [3589.25, 614.0], [3588.5, 4257.0], [3588.25, 15157.0], [3588.0, 1501.0], [3587.5, 160.0], [3581.5, 4452.0], [3580.0, 179000.0], [3579.5, 400.0], [3577.25, 25387.0], [3577.0, 40000.0], [3575.75, 17811.0], [3575.5, 49330.0], [3575.0, 18928.0], [3573.5, 112817.0], [3570.25, 49857.0]], "asks": [[3591.5, 1000.0], [3592.0, 8113.0], [3592.25, 25000.0], [3593.0, 160.0], [3593.25, 1098.0], [3593.5, 3678.0], [3597.25, 4286.0], [3597.5, 17426.0], [3597.75, 10275.0], [3598.0, 6546.0], [3598.25, 21930.0], [3599.0, 1500.0], [3601.0, 11.0], [3603.0, 402.0], [3605.0, 25122.0], [3607.0, 40000.0], [3608.25, 45.0], [3611.25, 50710.0], [3613.0, 76475.0], [3613.75, 51185.0]]}}}
{"jsonrpc": "2.0", "method": "subscription", "params": {"channel": "book.ETH-14NOV25.none.20.100ms", "data": {"timestamp": 1762233822422, "change_id": 94867731190, "instrument_name": "ETH-14NOV25", "bids": [[3593.5, 3506.0], [3593.25, 4267.0], [3593.0, 13364.0], [3592.75, 27500.0], [3590.5, 448.0], [3590.25, 5835.0], [3590.0, 14516.0], [3589.25, 160.0], [3583.75, 400.0], [3579.5, 4452.0], [3579.25, 40000.0], [3578.5, 18623.0], [3575.75, 40000.0], [3572.0, 17811.0], [3569.25, 40000.0], [3567.5, 18376.0], [3566.25, 37923.0], [3564.0, 38571.0], [3561.25, 37252.0], [3559.5, 36521.0]], "asks": [[3594.0, 1000.0], [3594.5, 25000.0], [3594.75, 1727.0], [3595.0, 5251.0], [3598.75, 3068.0], [3599.0, 10278.0], [3599.25, 4346.0], [3599.5, 14560.0], [3602.5, 21930.0], [3605.25, 400.0], [3607.75, 2.0], [3608.0, 40000.0], [3610.5, 56.0], [3611.25, 40000.0], [3618.75, 46161.0], [3621.5, 18658.0], [3622.75, 37965.0], [3624.25, 38516.0], [3626.0, 37322.0], [3627.25, 181.0]]}}}
{"jsonrpc": "2.0", "method": "subscription", "params": {"channel": "book.ETH-14NOV25.none.20.100ms", "data": {"timestamp": 1762233822671, "change_id": 94867731777, "instrument_name": "ETH-14NOV25", "bids": [[3593.5, 4149.0], [3593.25, 6767.0], [3593.0, 13364.0], [3592.75, 25000.0], [3590.5, 448.0], [3590.25, 5995.0], [3590.0, 14516.0], [3583.75, 400.0], [3579.5, 4452.0], [3579.25, 40000.0], [3578.5, 18623.0], [3575.75, 40000.0], [3572.0, 17811.0], [3569.25, 40000.0], [3567.5, 18376.0], [3566.25, 37923.0], [3564.0, 38571.0], [3561.25, 37252.0], [3559.5, 36521.0], [3554.0, 25610.0]], "asks": [[3594.0, 1000.0], [3594.25, 7463.0], [3594.5, 25794.0], [3594.75, 2660.0], [3595.25, 1567.0], [3595.5, 5251.0], [3598.75, 3068.0], [3599.0, 10278.0], [3599.25, 4346.0], [3599.5, 14560.0], [3602.5, 21930.0], [3605.25, 400.0], [3607.75, 2.0], [3608.0, 40000.0], [3610.5, 56.0], [3618.75, 46161.0], [3621.5, 18658.0], [3622.75, 77965.0], [3624.25, 38516.0], [3626.0, 37322.0]]}}}
{"jsonrpc": "2.0", "method": "subscription", "params": {"channel": "book.ETH-7NOV25.none.20.100ms", "data": {"timestamp": 1762233822650, "change_id": 94867731716, "instrument_name": "ETH-7NOV25", "bids": [[3591.0, 30371.0], [3590.75, 836.0], [3590.5, 9290.0], [3590.25, 25871.0], [3590.0, 3678.0], [3589.25, 614.0], [3588.5, 4417.0], [3588.25, 15157.0], [3588.0, 1501.0], [3581.5, 4452.0], [3580.0, 179000.0], [3579.5, 400.0], [3577.25, 25387.0], [3577.0, 40000.0], [3575.75, 17811.0], [3575.5, 49330.0], [3575.0, 18928.0], [3573.5, 112817.0], [3570.25, 49857.0], [3564.0, 75025.0]], "asks": [[3591.5, 1000.0], [3592.0, 8113.0], [3592.25, 25000.0], [3592.5, 746.0], [3592.75, 2500.0], [3593.0, 839.0], [3593.25, 3372.0], [3593.5, 3678.0], [3597.25, 4286.0], [3597.5, 17426.0], [3597.75, 10275.0], [3598.0, 6546.0], [3598.25, 21930.0], [3599.0, 1500.0], [3601.0, 11.0], [3603.0, 402.0], [3605.0, 25122.0], [3607.0, 40000.0], [3608.25, 45.0], [3611.25, 50710.0]]}}}
{"jsonrpc": "2.0", "method": "subscription", "params": {"channel": "book.ETH-7NOV25.none.20.100ms", "data": {"timestamp": 1762233823075, "change_id": 94867732838, "instrument_name": "ETH-7NOV25", "bids": [[3591.0, 31071.0], [3590.75, 836.0], [3590.5, 9290.0], [3590.25, 25871.0], [3590.0, 3678.0], [3589.25, 614.0], [3589.0, 160.0], [3588.5, 4257.0], [3588.25, 15157.0], [3588.0, 1501.0], [3581.5, 4452.0], [3581.25, 18924.0], [3580.0, 179000.0], [3579.5, 400.0], [3577.25, 25387.0], [3577.0, 40000.0], [3575.5, 49330.0], [3575.0, 18928.0], [3573.5, 112817.0], [3570.25, 49857.0]], "asks": [[3591.5, 1000.0], [3592.0, 8113.0], [3592.25, 25000.0], [3592.5, 746.0], [3592.75, 2500.0], [3593.0, 160.0], [3593.25, 1098.0], [3593.5, 3678.0], [3594.5, 3064.0], [3594.75, 10265.0], [3597.25, 4286.0], [3597.5, 14359.0], [3598.0, 6546.0], [3598.25, 21930.0], [3599.0, 1500.0], [3601.0, 11.0], [3603.0, 402.0], [3605.0, 25122.0], [3607.0, 40000.0], [3608.25, 45.0]]}}}
{"jsonrpc": "2.0", "method": "subscription", "params": {"channel": "book.ETH-14NOV25.none.20.100ms", "data": {"timestamp": 1762233823035, "change_id": 94867732702, "instrument_name": "ETH-14NOV25", "bids": [[3593.5, 4149.0], [3593.25, 6767.0], [3593.0, 13364.0], [3592.75, 25000.0], [3590.75, 160.0], [3590.5, 448.0], [3590.25, 5835.0], [3590.0, 14516.0], [3583.75, 400.0], [3583.5, 1113.0], [3579.5, 4452.0], [3579.25, 40000.0], [3578.5, 18623.0], [3575.75, 40000.0], [3572.0, 17811.0], [3569.25, 40000.0], [3567.5, 18376.0], [3566.25, 37923.0], [3564.0, 38571.0], [3561.25, 37252.0]], "asks": [[3594.0, 1000.0], [3594.25, 7463.0], [3594.5, 25794.0], [3594.75, 2660.0], [3595.25, 1567.0], [3595.5, 5251.0], [3596.0, 3065.0], [3596.25, 10269.0], [3599.25, 4346.0], [3599.5, 14560.0], [3602.5, 21930.0], [3605.25, 400.0], [3607.75, 2.0], [3608.0, 40000.0], [3610.5, 56.0], [3618.75, 46161.0], [3621.5, 18658.0], [3622.75, 77965.0], [3624.25, 38516.0], [3626.0, 37322.0]]}}}
{"jsonrpc": "2.0", "method": "subscription", "params": {"channel": "book.ETH-14NOV25.none.20.100ms", "data": {"timestamp": 1762233823424, "change_id": 94867733501, "instrument_name": "ETH-14NOV25", "bids": [[3593.5, 3506.0], [3593.25, 4267.0], [3593.0, 15864.0], [3592.75, 25000.0], [3590.75, 160.0], [3590.5, 448.0], [3590.25, 5835.0], [3590.0, 14516.0], [3583.75, 400.0], [3583.5, 1113.0], [3579.5, 4452.0], [3579.25, 40000.0], [3578.5, 18623.0], [3572.0, 17811.0], [3569.25, 40000.0], [3567.5, 18376.0], [3566.25, 37923.0], [3564.0, 78571.0], [3561.25, 37252.0], [3559.5, 36521.0]], "asks": [[3594.0, 6737.0], [3594.25, 25000.0], [3594.5, 794.0], [3594.75, 2660.0], [3595.25, 1567.0], [3595.5, 5251.0], [3596.0, 3065.0], [3596.25, 10269.0], [3599.25, 4346.0], [3599.5, 14560.0], [3602.5, 21930.0], [3605.25, 400.0], [3607.75, 2.0], [3608.0, 40000.0], [3610.5, 56.0], [3618.75, 46161.0], [3621.5, 18658.0], [3622.75, 77965.0], [3624.25, 38516.0], [3626.0, 37322.0]]}}}
{"jsonrpc": "2.0", "method": "subscription", "params": {"channel": "book.ETH-7NOV25.none.20.100ms", "data": {"timestamp": 1762233823401, "change_id": 94867733493, "instrument_name": "ETH-7NOV25", "bids": [[3591.0, 28571.0], [3590.75, 3336.0], [3590.5, 9290.0], [3590.25, 25871.0], [3590.0, 3678.0], [3589.25, 614.0], [3589.0, 160.0], [3588.5, 4257.0], [3588.25, 15157.0], [3588.0, 1501.0], [3581.5, 4452.0], [3581.25, 18924.0], [3580.0, 179000.0], [3579.5, 400.0], [3577.25, 25387.0], [3577.0, 40000.0], [3575.5, 49330.0], [3575.0, 18928.0], [3573.5, 72817.0], [3570.25, 49857.0]], "asks": [[3591.5, 1000.0], [3592.0, 8113.0], [3592.25, 25746.0], [3592.5, 2500.0], [3593.0, 160.0], [3593.25, 1098.0], [3593.5, 3678.0], [3594.5, 3064.0], [3594.75, 10265.0], [3597.25, 4286.0], [3597.5, 14359.0], [3598.0, 6546.0], [3598.25, 21930.0], [3599.0, 1500.0], [3601.0, 11.0], [3603.0, 402.0], [3605.0, 25122.0], [3607.0, 40000.0], [3608.25, 45.0], [3611.25, 50710.0]]}}}
{"jsonrpc": "2.0", "method": "subscription", "params": {"channel": "book.ETH-14NOV25.none.20.100ms", "data": {"timestamp": 1762233823710, "change_id": 94867733970, "instrument_name": "ETH-14NOV25", "bids": [[3593.5, 4197.0], [3593.25, 6767.0], [3593.0, 13364.0], [3592.75, 25000.0], [3590.5, 448.0], [3590.25, 5835.0], [3590.0, 14516.0], [3589.25, 160.0], [3583.75, 400.0], [3583.5, 1113.0], [3579.5, 4452.0], [3579.25, 40000.0], [3578.5, 18623.0], [3577.25, 45.0], [3572.0, 17811.0], [3569.25, 40000.0], [3567.5, 18376.0], [3566.25, 37923.0], [3564.0, 78571.0], [3561.25, 37252.0]], "asks": [[3594.0, 6737.0], [3594.25, 25000.0], [3594.5, 794.0], [3594.75, 2660.0], [3595.25, 1567.0], [3595.5, 5251.0], [3596.0, 3065.0], [3596.25, 10269.0], [3599.25, 4346.0], [3599.5, 14560.0], [3602.5, 21930.0], [3605.25, 400.0], [3607.75, 2.0], [3608.0, 40000.0], [3610.5, 56.0], [3618.75, 46161.0], [3621.5, 18658.0], [3622.75, 77965.0], [3624.25, 38516.0], [3626.0, 37322.0]]}}}
{"jsonrpc": "2.0", "method": "subscription", "params": {"channel": "book.ETH-7NOV25.none.20.100ms", "data": {"timestamp": 1762233823711, "change_id": 94867733972, "instrument_name": "ETH-7NOV25", "bids": [[3591.25, 2453.0], [3591.0, 31071.0], [3590.75, 836.0], [3590.5, 9290.0], [3590.25, 25871.0], [3590.0, 3678.0], [3589.25, 614.0], [3588.5, 4257.0], [3588.25, 15157.0], [3588.0, 1501.0], [3587.5, 160.0], [3581.5, 4452.0], [3581.25, 18924.0], [3580.25, 45.0], [3580.0, 179000.0], [3579.5, 400.0], [3577.25, 25387.0], [3577.0, 40000.0], [3575.5, 49330.0], [3575.0, 18928.0]], "asks": [[3591.5, 1000.0], [3592.0, 8113.0], [3592.25, 25746.0], [3592.5, 2500.0], [3593.0, 160.0], [3593.25, 3289.0], [3593.5, 3678.0], [3594.5, 3064.0], [3594.75, 10265.0], [3597.25, 4286.0], [3597.5, 14359.0], [3598.0, 6546.0], [3598.25, 21930.0], [3599.0, 1500.0], [3601.0, 11.0], [3603.0, 402.0], [3605.0, 25122.0], [3607.0, 40000.0], [3608.25, 45.0], [3611.25, 50710.0]]}}}
{"jsonrpc": "2.0", "method": "subscription", "params": {"channel": "book.ETH-14NOV25.none.20.100ms", "data": {"timestamp": 1762233824078, "change_id": 94867734718, "instrument_name": "ETH-14NOV25", "bids": [[3593.5, 9448.0], [3593.25, 12663.0], [3593.0, 30240.0], [3592.75, 17555.0], [3590.25, 4333.0], [3590.0, 14676.0], [3583.75, 400.0], [3583.5, 1113.0], [3579.5, 4452.0], [3579.25, 40000.0], [3578.5, 18623.0], [3577.25, 45.0], [3572.0, 17811.0], [3569.25, 40000.0], [3567.5, 18376.0], [3566.25, 37923.0], [3564.0, 78571.0], [3561.25, 37252.0], [3559.5, 36521.0], [3554.0, 25610.0]], "asks": [[3594.0, 1000.0], [3594.25, 25000.0], [3594.5, 794.0], [3594.75, 2500.0], [3595.25, 1567.0], [3595.5, 5411.0], [3596.0, 3065.0], [3596.25, 10269.0], [3599.25, 4346.0], [3599.5, 14560.0], [3602.5, 21930.0], [3605.25, 400.0], [3607.75, 2.0], [3608.0, 40000.0], [3610.5, 56.0], [3618.75, 46161.0], [3621.5, 18658.0], [3622.75, 77965.0], [3624.25, 38516.0], [3626.0, 37322.0]]}}}
{"jsonrpc": "2.0", "method": "subscription", "params": {"channel": "book.ETH-7NOV25.none.20.100ms", "data": {"timestamp": 1762233824028, "change_id": 94867734486, "instrument_name": "ETH-7NOV25", "bids": [[3591.25, 4953.0], [3591.0, 28571.0], [3590.75, 836.0], [3590.5, 9290.0], [3590.25, 25871.0], [3590.0, 3678.0], [3589.25, 614.0], [3588.5, 4257.0], [3588.25, 15317.0], [3588.0, 1501.0], [3581.5, 4452.0], [3581.25, 18924.0], [3580.25, 45.0], [3580.0, 179000.0], [3579.5, 400.0], [3577.25, 25387.0], [3577.0, 40000.0], [3575.5, 49330.0], [3575.0, 18928.0], [3573.5, 72817.0]], "asks": [[3591.5, 889.0], [3592.0, 5700.0], [3592.25, 25746.0], [3592.5, 2500.0], [3593.75, 1258.0], [3594.0, 3678.0], [3594.5, 3064.0], [3594.75, 10265.0], [3597.25, 4286.0], [3597.5, 14359.0], [3598.0, 6546.0], [3598.25, 21930.0], [3599.0, 1500.0], [3601.0, 11.0], [3603.0, 402.0], [3605.0, 25122.0], [3607.0, 40000.0], [3608.25, 45.0], [3611.25, 50710.0], [3613.0, 76475.0]]}}}
{"jsonrpc": "2.0", "method": "subscription", "params": {"channel": "book.ETH-14NOV25.none.20.100ms", "data": {"timestamp": 1762233824380, "change_id": 94867736352, "instrument_name": "ETH-14NOV25", "bids": [[3594.5, 3265.0], [3594.25, 4997.0], [3594.0, 8757.0], [3593.75, 12536.0], [3593.5, 26497.0], [3593.25, 2500.0], [3593.0, 5240.0], [3592.75, 17555.0], [3591.0, 448.0], [3590.75, 1501.0], [3590.5, 160.0], [3590.0, 14516.0], [3583.75, 400.0], [3583.5, 1113.0], [3579.5, 4452.0], [3579.25, 40000.0], [3578.5, 18623.0], [3577.25, 45.0], [3572.0, 17811.0], [3569.25, 40000.0]], "asks": [[3595.0, 25000.0], [3595.5, 160.0], [3596.0, 4241.0], [3596.25, 15520.0], [3600.75, 4466.0], [3601.0, 14962.0], [3602.5, 21930.0], [3605.25, 400.0], [3607.75, 2.0], [3608.0, 40000.0], [3610.5, 56.0], [3618.75, 46161.0], [3621.5, 18658.0], [3622.75, 77965.0], [3624.25, 38516.0], [3626.0, 37322.0], [3627.25, 181.0], [3629.5, 36591.0], [3634.75, 25328.0], [3643.5, 24883.0]]}}}
{"jsonrpc": "2.0", "method": "subscription", "params": {"channel": "book.ETH-7NOV25.none.20.100ms", "data": {"timestamp": 1762233824394, "change_id": 94867736428, "instrument_name": "ETH-7NOV25", "bids": [[3592.0, 3636.0], [3591.75, 10170.0], [3591.5, 32956.0], [3591.25, 2500.0], [3589.25, 614.0], [3588.75, 160.0], [3588.5, 4257.0], [3588.25, 15157.0], [3588.0, 1501.0], [3582.0, 400.0], [3581.5, 4452.0], [3581.25, 18924.0], [3580.25, 45.0], [3580.0, 179000.0], [3577.25, 25387.0], [3577.0, 40000.0], [3575.5, 49330.0], [3575.0, 18928.0], [3573.5, 72817.0], [3570.25, 49857.0]], "asks": [[3592.5, 3636.0], [3592.75, 3636.0], [3593.0, 3378.0], [3593.25, 1937.0], [3593.75, 160.0], [3594.25, 1098.0], [3594.5, 6742.0], [3594.75, 10265.0], [3598.0, 6546.0], [3598.25, 21930.0], [3599.0, 16121.0], [3601.0, 11.0], [3603.0, 402.0], [3605.0, 25122.0], [3607.0, 40000.0], [3608.25, 45.0], [3611.25, 50710.0], [3613.0, 76475.0], [3613.75, 51185.0], [3615.0, 25492.0]]}}}
{"jsonrpc": "2.0", "method": "subscription", "params": {"channel": "book.ETH-14NOV25.none.20.100ms", "data": {"timestamp": 1762233824743, "change_id": 94867737188, "instrument_name": "ETH-14NOV25", "bids": [[3594.5, 3265.0], [3594.25, 4997.0], [3594.0, 8697.0], [3593.75, 12336.0], [3593.5, 26497.0], [3591.0, 608.0], [3590.75, 1501.0], [3590.0, 14516.0], [3583.75, 400.0], [3583.5, 1113.0], [3579.5, 4452.0], [3579.25, 40000.0], [3578.5, 18623.0], [3577.25, 45.0], [3572.0, 17811.0], [3569.25, 40000.0], [3567.5, 18376.0], [3566.25, 37923.0], [3564.0, 78571.0], [3561.25, 37252.0]], "asks": [[3595.0, 25000.0], [3595.5, 160.0], [3596.0, 4241.0], [3596.25, 18020.0], [3600.75, 4466.0], [3601.0, 14962.0], [3602.5, 21930.0], [3605.25, 400.0], [3607.75, 2.0], [3608.0, 40000.0], [3610.5, 56.0], [3618.75, 46161.0], [3621.5, 18658.0], [3622.75, 77965.0], [3624.25, 38516.0], [3626.0, 37322.0], [3627.25, 181.0], [3629.5, 36591.0], [3634.75, 25328.0], [3643.5, 24883.0]]}}}
{"jsonrpc": "2.0", "method": "subscription", "params": {"channel": "book.ETH-7NOV25.none.20.100ms", "data": {"timestamp": 1762233824534, "change_id": 94867736860, "instrument_name": "ETH-7NOV25", "bids": [[3592.0, 3636.0], [3591.75, 10170.0], [3591.5, 35456.0], [3591.25, 8200.0], [3589.5, 231.0], [3589.25, 774.0], [3588.5, 4257.0], [3588.25, 15157.0], [3588.0, 1501.0], [3582.0, 400.0], [3581.5, 4452.0], [3581.25, 18924.0], [3580.25, 45.0], [3580.0, 179000.0], [3577.25, 25387.0], [3577.0, 40000.0], [3575.5, 49330.0], [3575.0, 18928.0], [3573.5, 72817.0], [3570.25, 49857.0]], "asks": [[3592.5, 836.0], [3592.75, 3636.0], [3593.0, 2800.0], [3593.75, 160.0], [3594.0, 746.0], [3594.25, 3598.0], [3594.5, 6742.0], [3594.75, 10265.0], [3598.0, 6546.0], [3598.25, 21930.0], [3599.0, 16121.0], [3601.0, 11.0], [3603.0, 402.0], [3605.0, 25122.0], [3607.0, 40000.0], [3608.25, 45.0], [3611.25, 50710.0], [3613.0, 76475.0], [3613.75, 51185.0], [3615.0, 25492.0]]}}}
{"jsonrpc": "2.0", "method": "subscription", "params": {"channel": "book.ETH-14NOV25.none.20.100ms", "data": {"timestamp": 1762233825065, "change_id": 94867738033, "instrument_name": "ETH-14NOV25", "bids": [[3594.5, 2700.0], [3593.75, 1567.0], [3593.5, 5251.0], [3593.25, 7463.0], [3593.0, 25000.0], [3591.0, 160.0], [3590.25, 4333.0], [3590.0, 14516.0], [3583.75, 400.0], [3583.5, 1113.0], [3579.5, 4452.0], [3579.25, 40000.0], [3578.5, 18623.0], [3577.25, 45.0], [3572.0, 17811.0], [3569.25, 40000.0], [3567.5, 18376.0], [3566.5, 71244.0], [3566.25, 37923.0], [3564.0, 78571.0]], "asks": [[3595.0, 25000.0], [3595.5, 1727.0], [3595.75, 7751.0], [3596.0, 3065.0], [3596.25, 10269.0], [3600.75, 4466.0], [3601.0, 14962.0], [3602.5, 21930.0], [3605.25, 400.0], [3607.75, 2.0], [3608.0, 40000.0], [3610.5, 56.0], [3618.75, 46161.0], [3621.5, 18658.0], [3622.75, 77965.0], [3624.25, 38516.0], [3626.0, 37322.0], [3627.25, 181.0], [3629.5, 36591.0], [3634.75, 25328.0]]}}}
{"jsonrpc": "2.0", "method": "subscription", "params": {"channel": "book.ETH-7NOV25.none.20.100ms", "data": {"timestamp": 1762233825015, "change_id": 94867737813, "instrument_name": "ETH-7NOV25", "bids": [[3592.0, 2800.0], [3591.75, 5373.0], [3591.5, 12653.0], [3591.25, 35700.0], [3589.5, 231.0], [3589.25, 774.0], [3588.5, 4257.0], [3588.25, 14709.0], [3582.0, 400.0], [3581.75, 11.0], [3581.5, 4452.0], [3581.25, 18924.0], [3580.25, 45.0], [3580.0, 179000.0], [3577.25, 25387.0], [3577.0, 40000.0], [3575.5, 49330.0], [3575.0, 18928.0], [3573.5, 72817.0], [3570.25, 49857.0]], "asks": [[3592.25, 2800.0], [3592.5, 28636.0], [3592.75, 2800.0], [3593.5, 794.0], [3593.75, 3406.0], [3594.0, 2073.0], [3594.25, 1098.0], [3594.5, 6742.0], [3594.75, 10265.0], [3598.0, 6546.0], [3598.25, 21930.0], [3599.0, 16121.0], [3601.0, 11.0], [3603.0, 402.0], [3605.0, 25122.0], [3607.0, 40000.0], [3608.25, 45.0], [3611.25, 50710.0], [3613.0, 76475.0], [3613.75, 51185.0]]}}}
{"jsonrpc": "2.0", "method": "subscription", "params": {"channel": "book.ETH-14NOV25.none.20.100ms", "data": {"timestamp": 1762233825385, "change_id": 94867739079, "instrument_name": "ETH-14NOV25", "bids": [[3594.5, 2700.0], [3594.25, 1567.0], [3594.0, 5997.0], [3593.75, 2500.0], [3593.5, 7463.0], [3593.25, 25000.0], [3591.5, 160.0], [3591.25, 496.0], [3591.0, 1501.0], [3590.25, 4333.0], [3590.0, 14516.0], [3583.75, 400.0], [3583.5, 1113.0], [3579.5, 4452.0], [3579.25, 40000.0], [3578.5, 18623.0], [3577.25, 45.0], [3572.0, 17811.0], [3569.25, 40000.0], [3567.5, 18376.0]], "asks": [[3595.0, 25000.0], [3595.5, 1727.0], [3595.75, 7751.0], [3596.0, 3065.0], [3596.25, 10269.0], [3600.75, 4466.0], [3601.0, 14962.0], [3602.5, 21930.0], [3605.25, 400.0], [3607.75, 2.0], [3608.0, 40000.0], [3610.5, 56.0], [3618.75, 46161.0], [3621.5, 18658.0], [3622.75, 77965.0], [3624.25, 38516.0], [3626.0, 37322.0], [3627.25, 181.0], [3629.5, 36591.0], [3634.75, 25328.0]]}}}
{"jsonrpc": "2.0", "method": "subscription", "params": {"channel": "book.ETH-7NOV25.none.20.100ms", "data": {"timestamp": 1762233825405, "change_id": 94867739122, "instrument_name": "ETH-7NOV25", "bids": [[3592.0, 3636.0], [3591.75, 8861.0], [3591.5, 36237.0], [3591.25, 8200.0], [3589.75, 160.0], [3589.5, 231.0], [3589.25, 614.0], [3588.5, 4257.0], [3588.25, 14709.0], [3582.0, 400.0], [3581.75, 11.0], [3581.5, 4452.0], [3581.25, 18924.0], [3580.25, 45.0], [3580.0, 179000.0], [3577.25, 25387.0], [3577.0, 40000.0], [3575.5, 49330.0], [3575.0, 18928.0], [3573.5, 72817.0]], "asks": [[3592.5, 10991.0], [3592.75, 27800.0], [3593.5, 794.0], [3593.75, 2660.0], [3594.25, 1098.0], [3594.5, 6742.0], [3594.75, 10265.0], [3598.0, 6546.0], [3598.25, 21930.0], [3599.0, 16121.0], [3601.0, 11.0], [3603.0, 402.0], [3605.0, 25122.0], [3607.0, 40000.0], [3608.25, 45.0], [3611.25, 50710.0], [3613.0, 76475.0], [3613.75, 51185.0], [3615.0, 25492.0], [3616.75, 40000.0]]}}}
{"jsonrpc": "2.0", "method": "subscription", "params": {"channel": "book.ETH-14NOV25.none.20.100ms", "data": {"timestamp": 1762233825670, "change_id": 94867739709, "instrument_name": "ETH-14NOV25", "bids": [[3594.5, 2700.0], [3593.75, 1567.0], [3593.5, 5997.0], [3593.25, 2500.0], [3591.5, 160.0], [3591.25, 496.0], [3591.0, 1501.0], [3590.25, 4333.0], [3590.0, 14516.0], [3583.75, 400.0], [3583.5, 1113.0], [3579.5, 4452.0], [3579.25, 40000.0], [3578.5, 18623.0], [3577.25, 45.0], [3572.0, 17811.0], [3569.25, 40000.0], [3567.5, 18376.0], [3566.5, 71244.0], [3566.25, 37923.0]], "asks": [[3595.0, 25000.0], [3595.5, 1727.0], [3595.75, 7751.0], [3596.0, 3065.0], [3596.25, 10269.0], [3600.75, 4466.0], [3601.0, 14962.0], [3602.5, 21930.0], [3605.25, 400.0], [3607.75, 2.0], [3608.0, 40000.0], [3610.5, 56.0], [3618.75, 46161.0], [3621.5, 18658.0], [3622.75, 77965.0], [3624.25, 38516.0], [3626.0, 37322.0], [3627.25, 181.0], [3629.5, 36591.0], [3634.75, 25328.0]]}}}
{"jsonrpc": "2.0", "method": "subscription", "params": {"channel": "book.ETH-7NOV25.none.20.100ms", "data": {"timestamp": 1762233825734, "change_id": 94867739772, "instrument_name": "ETH-7NOV25", "bids": [[3592.0, 2800.0], [3591.75, 5373.0], [3591.5, 8737.0], [3591.25, 17438.0], [3591.0, 25000.0], [3589.75, 160.0], [3589.5, 601.0], [3589.25, 2114.0], [3588.5, 4257.0], [3588.25, 14709.0], [3582.0, 400.0], [3581.75, 11.0], [3581.5, 4452.0], [3581.25, 18924.0], [3580.25, 45.0], [3580.0, 179000.0], [3577.25, 25387.0], [3577.0, 40000.0], [3575.5, 49330.0], [3575.0, 18928.0]], "asks": [[3592.5, 28636.0], [3592.75, 2800.0], [3593.25, 1307.0], [3593.5, 5450.0], [3593.75, 160.0], [3594.25, 1098.0], [3594.5, 6742.0], [3594.75, 10265.0], [3598.0, 6546.0], [3598.25, 21930.0], [3599.0, 16121.0], [3601.0, 11.0], [3603.0, 402.0], [3605.0, 25122.0], [3607.0, 40000.0], [3608.25, 45.0], [3611.25, 50710.0], [3613.0, 76475.0], [3613.75, 51185.0], [3615.0, 25492.0]]}}}
{"jsonrpc": "2.0", "method": "subscription", "params": {"channel": "book.ETH-14NOV25.none.20.100ms", "data": {"timestamp": 1762233825869, "change_id": 94867740078, "instrument_name": "ETH-14NOV25", "bids": [[3594.5, 2700.0], [3594.25, 1567.0], [3594.0, 6057.0], [3593.75, 746.0], [3593.5, 9867.0], [3593.25, 25000.0], [3591.5, 160.0], [3591.25, 496.0], [3591.0, 1501.0], [3590.25, 4333.0], [3590.0, 14516.0], [3583.75, 400.0], [3583.5, 1113.0], [3579.5, 4452.0], [3579.25, 40000.0], [3578.5, 18623.0], [3577.25, 45.0], [3572.0, 17811.0], [3569.25, 40000.0], [3567.5, 18376.0]], "asks": [[3595.0, 25000.0], [3595.5, 1727.0], [3595.75, 7751.0], [3596.0, 3065.0], [3596.25, 10269.0], [3600.75, 4466.0], [3601.0, 14962.0], [3602.5, 21930.0], [3605.25, 400.0], [3607.75, 2.0], [3608.0, 40000.0], [3610.5, 56.0], [3618.75, 46161.0], [3621.5, 18658.0], [3622.75, 77965.0], [3624.25, 38516.0], [3626.0, 37322.0], [3627.25, 181.0], [3629.5, 36591.0], [3634.75, 25328.0]]}}}
{"jsonrpc": "2.0", "method": "subscription", "params": {"channel": "book.ETH-7NOV25.none.20.100ms", "data": {"timestamp": 1762233826019, "change_id": 94867740293, "instrument_name": "ETH-7NOV25", "bids": [[3592.0, 2800.0], [3591.75, 5373.0], [3591.5, 12477.0], [3591.25, 35700.0], [3589.75, 160.0], [3589.5, 601.0], [3589.25, 2114.0], [3588.5, 4257.0], [3588.25, 14709.0], [3582.0, 400.0], [3581.75, 11.0], [3581.5, 4452.0], [3581.25, 18924.0], [3580.25, 45.0], [3580.0, 179000.0], [3577.25, 25387.0], [3577.0, 40000.0], [3575.5, 49330.0], [3575.0, 18928.0], [3573.5, 72817.0]], "asks": [[3592.5, 27800.0], [3593.25, 1307.0], [3593.5, 5450.0], [3593.75, 160.0], [3594.25, 1098.0], [3594.5, 6742.0], [3594.75, 10265.0], [3598.0, 6546.0], [3598.25, 21930.0], [3599.0, 16121.0], [3601.0, 11.0], [3603.0, 402.0], [3605.0, 25122.0], [3607.0, 40000.0], [3608.25, 45.0], [3611.25, 50710.0], [3613.0, 76475.0], [3613.75, 51185.0], [3615.0, 25492.0], [3616.75, 40000.0]]}}}
{"jsonrpc": "2.0", "method": "subscription", "params": {"channel": "book.ETH-14NOV25.none.20.100ms", "data": {"timestamp": 1762233826375, "change_id": 94867741876, "instrument_name": "ETH-14NOV25", "bids": [[3593.75, 2700.0], [3593.5, 2700.0], [3593.0, 7463.0], [3592.75, 25000.0], [3590.25, 4333.0], [3590.0, 14676.0], [3583.75, 400.0], [3583.5, 1113.0], [3579.5, 4452.0], [3579.25, 40000.0], [3578.5, 18623.0], [3577.25, 45.0], [3572.0, 17811.0], [3569.25, 40000.0], [3567.5, 18376.0], [3566.5, 71244.0], [3566.25, 37923.0], [3564.0, 78571.0], [3561.25, 37252.0], [3559.75, 181.0]], "asks": [[3594.0, 26000.0], [3595.0, 1727.0], [3595.25, 6045.0], [3595.5, 2500.0], [3596.0, 3065.0], [3596.25, 10269.0], [3599.25, 14812.0], [3602.5, 21930.0], [3605.25, 400.0], [3607.75, 2.0], [3608.0, 40000.0], [3610.5, 56.0], [3618.75, 46161.0], [3621.5, 18658.0], [3622.75, 77965.0], [3624.25, 38516.0], [3626.0, 37322.0], [3627.25, 181.0], [3629.5, 36591.0], [3634.75, 25328.0]]}}}
{"jsonrpc": "2.0", "method": "subscription", "params": {"channel": "book.ETH-7NOV25.none.20.100ms", "data": {"timestamp": 1762233826368, "change_id": 94867741676, "instrument_name": "ETH-7NOV25", "bids": [[3591.5, 2800.0], [3591.0, 6327.0], [3590.75, 25000.0], [3589.5, 231.0], [3589.25, 614.0], [3588.5, 4257.0], [3588.25, 14869.0], [3582.0, 400.0], [3581.75, 11.0], [3581.5, 4452.0], [3581.25, 18924.0], [3580.25, 45.0], [3580.0, 179000.0], [3577.25, 25387.0], [3577.0, 40000.0], [3575.5, 49330.0], [3575.0, 18928.0], [3573.5, 72817.0], [3570.25, 49857.0], [3569.0, 40000.0]], "asks": [[3592.0, 28636.0], [3592.25, 2800.0], [3593.0, 794.0], [3593.25, 3304.0], [3593.5, 2156.0], [3594.25, 1098.0], [3594.5, 6742.0], [3594.75, 10265.0], [3597.0, 4376.0], [3597.25, 14659.0], [3598.0, 6546.0], [3598.25, 21930.0], [3599.0, 1500.0], [3601.0, 11.0], [3603.0, 402.0], [3605.0, 25122.0], [3607.0, 40000.0], [3608.25, 45.0], [3611.25, 50710.0], [3613.0, 76475.0]]}}}
{"jsonrpc": "2.0", "method": "subscription", "params": {"channel": "book.ETH-14NOV25.none.20.100ms", "data": {"timestamp": 1762233826715, "change_id": 94867743335, "instrument_name": "ETH-14NOV25", "bids": [[3592.75, 2270.0], [3592.5, 15414.0], [3592.25, 25000.0], [3590.5, 4614.0], [3590.25, 15416.0], [3590.0, 1501.0], [3583.75, 332.0], [3583.5, 1113.0], [3581.5, 400.0], [3579.5, 4452.0], [3579.25, 40000.0], [3578.5, 18623.0], [3577.25, 45.0], [3572.0, 17811.0], [3569.25, 40000.0], [3567.5, 18376.0], [3566.5, 71244.0], [3566.25, 37923.0], [3564.0, 78571.0], [3561.25, 37252.0]], "asks": [[3593.75, 6032.0], [3594.0, 25000.0], [3594.5, 1728.0], [3594.75, 5251.0], [3595.0, 3065.0], [3595.25, 11063.0], [3595.5, 2500.0], [3599.0, 4421.0], [3599.25, 14812.0], [3602.5, 21930.0], [3605.25, 400.0], [3607.75, 2.0], [3608.0, 40000.0], [3610.5, 56.0], [3618.75, 46161.0], [3621.5, 18658.0], [3622.75, 77965.0], [3624.25, 38516.0], [3626.0, 37322.0], [3627.25, 181.0]]}}}
{"jsonrpc": "2.0", "method": "subscription", "params": {"channel": "book.ETH-7NOV25.none.20.100ms", "data": {"timestamp": 1762233826726, "change_id": 94867743342, "instrument_name": "ETH-7NOV25", "bids": [[3590.5, 2333.0], [3590.25, 31478.0], [3589.25, 614.0], [3588.75, 160.0], [3588.25, 15076.0], [3588.0, 1500.0], [3581.75, 11.0], [3581.5, 4452.0], [3581.25, 18924.0], [3580.25, 45.0], [3580.0, 179000.0], [3579.75, 400.0], [3577.25, 25387.0], [3577.0, 40000.0], [3575.5, 49330.0], [3575.0, 18928.0], [3573.5, 72817.0], [3570.25, 49857.0], [3569.0, 40000.0], [3564.0, 75025.0]], "asks": [[3591.0, 1000.0], [3591.75, 2800.0], [3592.0, 25000.0], [3592.75, 2660.0], [3593.0, 3678.0], [3594.0, 10265.0], [3597.25, 14659.0], [3598.25, 21930.0], [3599.0, 1500.0], [3601.0, 11.0], [3603.0, 402.0], [3605.0, 25122.0], [3607.0, 40000.0], [3608.25, 45.0], [3611.25, 50710.0], [3613.0, 76475.0], [3613.75, 51185.0], [3615.0, 25492.0], [3616.75, 40000.0], [3623.5, 73073.0]]}}}
{"jsonrpc": "2.0", "method": "subscription", "params": {"channel": "book.ETH-14NOV25.none.20.100ms", "data": {"timestamp": 1762233827013, "change_id": 94867743979, "instrument_name": "ETH-14NOV25", "bids": [[3593.25, 1568.0], [3593.0, 10105.0], [3592.75, 25000.0], [3591.5, 160.0], [3590.5, 4454.0], [3590.25, 15416.0], [3590.0, 1501.0], [3583.75, 332.0], [3583.5, 1113.0], [3581.5, 400.0], [3579.5, 4452.0], [3579.25, 40000.0], [3578.5, 18623.0], [3577.25, 45.0], [3572.0, 17811.0], [3569.25, 40000.0], [3567.5, 18376.0], [3566.5, 71244.0], [3566.25, 37923.0], [3564.0, 78571.0]], "asks": [[3593.75, 6032.0], [3594.0, 25000.0], [3595.25, 6205.0], [3595.5, 2500.0], [3596.75, 3066.0], [3597.0, 10271.0], [3599.0, 4421.0], [3599.25, 14812.0], [3602.5, 21930.0], [3605.25, 400.0], [3607.75, 2.0], [3608.0, 40000.0], [3610.5, 56.0], [3618.75, 46161.0], [3621.5, 18658.0], [3622.75, 77965.0], [3624.25, 38516.0], [3626.0, 37322.0], [3627.25, 181.0], [3629.5, 36591.0]]}}}
{"jsonrpc": "2.0", "method": "subscription", "params": {"channel": "book.ETH-7NOV25.none.20.100ms", "data": {"timestamp": 1762233827041, "change_id": 94867744167, "instrument_name": "ETH-7NOV25", "bids": [[3590.5, 31431.0], [3590.25, 3678.0], [3589.75, 160.0], [3589.25, 614.0], [3588.5, 4500.0], [3588.25, 15524.0], [3588.0, 1500.0], [3581.75, 1340.0], [3581.5, 10101.0], [3581.25, 18924.0], [3580.25, 45.0], [3580.0, 179000.0], [3579.75, 400.0], [3577.25, 25387.0], [3577.0, 40000.0], [3575.5, 49330.0], [3575.0, 18928.0], [3573.5, 72817.0], [3570.25, 49857.0], [3569.0, 40000.0]], "asks": [[3591.0, 885.0], [3591.75, 7463.0], [3592.0, 25000.0], [3592.5, 593.0], [3592.75, 1827.0], [3593.25, 1098.0], [3593.5, 3838.0], [3595.25, 3065.0], [3595.5, 10268.0], [3597.0, 4376.0], [3597.25, 14659.0], [3598.0, 6546.0], [3598.25, 21930.0], [3599.0, 1500.0], [3601.0, 11.0], [3603.0, 402.0], [3605.0, 25122.0], [3607.0, 40000.0], [3608.25, 45.0], [3611.25, 50710.0]]}}}
{"jsonrpc": "2.0", "method": "subscription", "params": {"channel": "book.ETH-14NOV25.none.20.100ms", "data": {"timestamp": 1762233827313, "change_id": 94867744879, "instrument_name": "ETH-14NOV25", "bids": [[3593.25, 1568.0], [3593.0, 5411.0], [3592.5, 13915.0], [3592.25, 49787.0], [3590.5, 4454.0], [3590.25, 15416.0], [3590.0, 1501.0], [3583.75, 332.0], [3583.5, 1113.0], [3581.5, 400.0], [3579.5, 22263.0], [3579.25, 40000.0], [3578.5, 18623.0], [3577.25, 45.0], [3569.25, 40000.0], [3567.5, 18376.0], [3566.5, 71244.0], [3566.25, 37923.0], [3564.0, 78571.0], [3561.25, 37252.0]], "asks": [[3593.75, 6032.0], [3594.0, 25000.0], [3594.75, 906.0], [3595.0, 4115.0], [3595.25, 6045.0], [3596.75, 3066.0], [3597.0, 10271.0], [3599.0, 4421.0], [3599.25, 14812.0], [3602.5, 21930.0], [3605.25, 400.0], [3607.75, 2.0], [3608.0, 40000.0], [3610.5, 56.0], [3618.75, 46161.0], [3621.5, 18658.0], [3622.75, 77965.0], [3624.25, 38516.0], [3626.0, 37322.0], [3627.25, 181.0]]}}}
{"jsonrpc": "2.0", "method": "subscription", "params": {"channel": "book.ETH-7NOV25.none.20.100ms", "data": {"timestamp": 1762233827351, "change_id": 94867744975, "instrument_name": "ETH-7NOV25", "bids": [[3590.75, 2960.0], [3590.5, 35087.0], [3590.25, 28450.0], [3589.25, 614.0], [3588.5, 4500.0], [3588.25, 15524.0], [3588.0, 1500.0], [3581.75, 1340.0], [3581.5, 10101.0], [3581.25, 18924.0], [3580.25, 45.0], [3580.0, 179000.0], [3579.75, 400.0], [3577.25, 25387.0], [3577.0, 40000.0], [3575.5, 49330.0], [3575.0, 18928.0], [3573.5, 72817.0], [3570.25, 49857.0], [3569.0, 40000.0]], "asks": [[3591.0, 885.0], [3591.5, 7430.0], [3591.75, 25000.0], [3592.75, 746.0], [3593.0, 2660.0], [3593.25, 1098.0], [3593.5, 3678.0], [3595.25, 3065.0], [3595.5, 10268.0], [3597.0, 4376.0], [3597.25, 14659.0], [3598.0, 6546.0], [3598.25, 21930.0], [3599.0, 1500.0], [3601.0, 11.0], [3603.0, 402.0], [3605.0, 25122.0], [3607.0, 40000.0], [3608.25, 45.0], [3611.25, 50710.0]]}}}
{"jsonrpc": "2.0", "method": "subscription", "params": {"channel": "book.ETH-7NOV25.none.20.100ms", "data": {"timestamp": 1762233827646, "change_id": 94867745919, "instrument_name": "ETH-7NOV25", "bids": [[3590.75, 160.0], [3590.5, 10087.0], [3590.25, 28450.0], [3590.0, 25000.0], [3589.25, 614.0], [3588.5, 4500.0], [3588.25, 15524.0], [3588.0, 1500.0], [3581.75, 1340.0], [3581.5, 10101.0], [3581.25, 18924.0], [3580.25, 45.0], [3580.0, 179000.0], [3579.75, 400.0], [3577.25, 25387.0], [3577.0, 40000.0], [3575.5, 49330.0], [3575.0, 18928.0], [3573.5, 72817.0], [3570.25, 49857.0]], "asks": [[3591.0, 885.0], [3591.25, 7463.0], [3591.5, 25000.0], [3592.5, 160.0], [3592.75, 746.0], [3593.0, 2500.0], [3593.25, 1098.0], [3593.5, 3678.0], [3595.25, 3065.0], [3595.5, 10268.0], [3597.0, 4376.0], [3597.25, 14659.0], [3598.0, 6546.0], [3598.25, 21930.0], [3599.0, 1500.0], [3601.0, 11.0], [3603.0, 402.0], [3605.0, 25122.0], [3607.0, 40000.0], [3608.25, 45.0]]}}}
{"jsonrpc": "2.0", "method": "subscription", "params": {"channel": "book.ETH-14NOV25.none.20.100ms", "data": {"timestamp": 1762233827664, "change_id": 94867746012, "instrument_name": "ETH-14NOV25", "bids": [[3593.0, 3506.0], [3592.75, 4268.0], [3592.5, 19166.0], [3592.25, 49947.0], [3590.5, 4454.0], [3590.25, 15416.0], [3590.0, 1501.0], [3583.75, 332.0], [3583.5, 1113.0], [3581.5, 400.0], [3579.5, 22263.0], [3579.25, 40000.0], [3578.5, 18623.0], [3577.25, 45.0], [3569.25, 40000.0], [3567.5, 18376.0], [3566.5, 71244.0], [3566.25, 37923.0], [3564.0, 78571.0], [3561.25, 37252.0]], "asks": [[3593.5, 25000.0], [3594.25, 160.0], [3594.5, 1393.0], [3594.75, 5963.0], [3595.0, 2500.0], [3596.75, 3066.0], [3597.0, 10271.0], [3599.0, 4421.0], [3599.25, 14812.0], [3602.5, 21930.0], [3605.25, 400.0], [3607.75, 2.0], [3608.0, 40000.0], [3610.5, 56.0], [3618.75, 46161.0], [3621.5, 18658.0], [3622.75, 77965.0], [3624.25, 38516.0], [3626.0, 37322.0], [3627.25, 181.0]]}}}
{"jsonrpc": "2.0", "method": "subscription", "params": {"channel": "book.ETH-7NOV25.none.20.100ms", "data": {"timestamp": 1762233828043, "change_id": 94867747133, "instrument_name": "ETH-7NOV25", "bids": [[3590.75, 160.0], [3590.5, 2833.0], [3590.25, 7463.0], [3590.0, 28678.0], [3589.25, 614.0], [3588.5, 4500.0], [3588.25, 15524.0], [3588.0, 1500.0], [3581.75, 1340.0], [3581.5, 10101.0], [3581.25, 18924.0], [3580.25, 45.0], [3580.0, 179000.0], [3579.75, 400.0], [3577.25, 25387.0], [3577.0, 40000.0], [3575.5, 49330.0], [3575.0, 18928.0], [3573.5, 72817.0], [3570.25, 49857.0]], "asks": [[3591.0, 3685.0], [3591.25, 25000.0], [3592.0, 746.0], [3592.25, 2500.0], [3592.5, 643.0], [3592.75, 1619.0], [3593.25, 1098.0], [3593.5, 3678.0], [3595.25, 3065.0], [3595.5, 10268.0], [3597.0, 4376.0], [3597.25, 14659.0], [3598.0, 6546.0], [3598.25, 21930.0], [3599.0, 1500.0], [3601.0, 11.0], [3603.0, 402.0], [3605.0, 25122.0], [3607.0, 40000.0], [3608.25, 45.0]]}}}
{"jsonrpc": "2.0", "method": "subscription", "params": {"channel": "book.ETH-14NOV25.none.20.100ms", "data": {"timestamp": 1762233828021, "change_id": 94867746962, "instrument_name": "ETH-14NOV25", "bids": [[3593.0, 3506.0], [3592.75, 4267.0], [3592.5, 6045.0], [3592.25, 2660.0], [3592.0, 7463.0], [3591.75, 25000.0], [3590.5, 4454.0], [3590.25, 15416.0], [3583.75, 332.0], [3583.5, 1113.0], [3581.5, 400.0], [3579.5, 22263.0], [3579.25, 40000.0], [3578.5, 18623.0], [3577.25, 45.0], [3569.25, 40000.0], [3567.5, 18376.0], [3566.5, 71244.0], [3566.25, 37923.0], [3564.0, 78571.0]], "asks": [[3593.5, 26000.0], [3594.0, 794.0], [3594.25, 2660.0], [3594.5, 1393.0], [3594.75, 5515.0], [3596.75, 3066.0], [3597.0, 10271.0], [3599.0, 4421.0], [3599.25, 14812.0], [3602.5, 21930.0], [3605.25, 400.0], [3607.75, 2.0], [3608.0, 40000.0], [3610.5, 56.0], [3614.5, 40000.0], [3618.75, 46161.0], [3621.5, 18658.0], [3622.75, 37965.0], [3624.25, 38516.0], [3626.0, 37322.0]]}}}
{"jsonrpc": "2.0", "method": "subscription", "params": {"channel": "book.ETH-14NOV25.none.20.100ms", "data": {"timestamp": 1762233828375, "change_id": 94867749203, "instrument_name": "ETH-14NOV25", "bids": [[3591.5, 565.0], [3591.25, 3251.0], [3591.0, 2700.0], [3590.75, 160.0], [3589.75, 448.0], [3589.5, 1501.0], [3588.25, 4308.0], [3588.0, 14431.0], [3583.75, 332.0], [3583.5, 1113.0], [3581.5, 400.0], [3579.5, 22263.0], [3579.25, 40000.0], [3578.5, 18623.0], [3577.25, 45.0], [3569.25, 40000.0], [3567.5, 18376.0], [3566.5, 71244.0], [3566.25, 37923.0], [3564.0, 78571.0]], "asks": [[3593.5, 1615.0], [3593.75, 5411.0], [3594.0, 794.0], [3594.25, 2500.0], [3595.75, 3066.0], [3596.0, 10271.0], [3599.0, 4421.0], [3599.25, 14812.0], [3602.5, 21930.0], [3605.25, 400.0], [3607.75, 2.0], [3608.0, 40000.0], [3610.5, 56.0], [3614.5, 40000.0], [3618.75, 46161.0], [3621.5, 18658.0], [3622.75, 37965.0], [3624.25, 38516.0], [3626.0, 37322.0], [3627.25, 181.0]]}}}
{"jsonrpc": "2.0", "method": "subscription", "params": {"channel": "book.ETH-7NOV25.none.20.100ms", "data": {"timestamp": 1762233828375, "change_id": 94867749202, "instrument_name": "ETH-7NOV25", "bids": [[3589.25, 614.0], [3589.0, 160.0], [3588.0, 1500.0], [3586.0, 14435.0], [3581.75, 11.0], [3581.5, 4452.0], [3581.25, 18924.0], [3580.25, 45.0], [3580.0, 179000.0], [3579.75, 400.0], [3577.25, 25387.0], [3577.0, 40000.0], [3575.5, 49330.0], [3575.0, 18928.0], [3573.5, 72817.0], [3570.25, 49857.0], [3569.0, 40000.0], [3564.25, 71244.0], [3564.0, 75025.0], [3563.75, 48742.0]], "asks": [[3590.5, 28800.0], [3590.75, 2800.0], [3591.5, 2500.0], [3592.0, 160.0], [3594.25, 21917.0], [3594.75, 10268.0], [3597.25, 14659.0], [3599.0, 1500.0], [3601.0, 11.0], [3603.0, 402.0], [3605.0, 25122.0], [3607.0, 40000.0], [3608.25, 45.0], [3611.25, 50710.0], [3612.5, 40000.0], [3613.0, 76475.0], [3613.75, 51185.0], [3615.0, 25492.0], [3616.75, 40000.0], [3623.5, 73073.0]]}}}
{"jsonrpc": "2.0", "method": "subscription", "params": {"channel": "book.ETH-14NOV25.none.20.100ms", "data": {"timestamp": 1762233828689, "change_id": 94867750514, "instrument_name": "ETH-14NOV25", "bids": [[3591.5, 2270.0], [3591.25, 8662.0], [3591.0, 2700.0], [3588.25, 4308.0], [3588.0, 14431.0], [3583.75, 332.0], [3583.5, 1113.0], [3581.5, 400.0], [3579.5, 22263.0], [3578.5, 18623.0], [3577.25, 45.0], [3576.25, 40000.0], [3569.25, 40000.0], [3567.5, 18376.0], [3566.5, 71244.0], [3566.25, 37923.0], [3564.0, 78571.0], [3561.25, 37252.0], [3559.75, 181.0], [3559.5, 36521.0]], "asks": [[3592.0, 4613.0], [3592.25, 25000.0], [3593.0, 1567.0], [3593.25, 5411.0], [3594.0, 794.0], [3594.25, 2500.0], [3595.75, 3066.0], [3596.0, 10271.0], [3597.5, 15065.0], [3597.75, 21917.0], [3603.0, 400.0], [3607.75, 2.0], [3608.0, 40000.0], [3610.5, 56.0], [3614.5, 40000.0], [3618.75, 46161.0], [3621.5, 18658.0], [3622.75, 37965.0], [3624.25, 38516.0], [3626.0, 37322.0]]}}}
{"jsonrpc": "2.0", "method": "subscription", "params": {"channel": "book.ETH-7NOV25.none.20.100ms", "data": {"timestamp": 1762233828692, "change_id": 94867750519, "instrument_name": "ETH-7NOV25", "bids": [[3589.5, 2960.0], [3589.25, 2312.0], [3589.0, 6178.0], [3588.25, 448.0], [3588.0, 1500.0], [3586.25, 4309.0], [3586.0, 14435.0], [3581.75, 1340.0], [3581.5, 10101.0], [3581.25, 18924.0], [3580.25, 45.0], [3580.0, 179000.0], [3579.75, 400.0], [3577.0, 40000.0], [3575.0, 18928.0], [3570.25, 49857.0], [3569.75, 25387.0], [3569.0, 40000.0], [3568.75, 49330.0], [3566.75, 72817.0]], "asks": [[3590.0, 11098.0], [3590.25, 27800.0], [3591.0, 746.0], [3591.25, 2500.0], [3591.5, 160.0], [3591.75, 1572.0], [3592.0, 5265.0], [3594.0, 6542.0], [3594.25, 21917.0], [3594.5, 3065.0], [3594.75, 10268.0], [3595.5, 14381.0], [3599.0, 1500.0], [3601.0, 11.0], [3603.0, 402.0], [3605.0, 25122.0], [3607.0, 40000.0], [3608.25, 45.0], [3612.5, 40000.0], [3613.75, 51185.0]]}}}
{"jsonrpc": "2.0", "method": "subscription", "params": {"channel": "book.ETH-14NOV25.none.20.100ms", "data": {"timestamp": 1762233828905, "change_id": 94867751018, "instrument_name": "ETH-14NOV25", "bids": [[3591.5, 4970.0], [3591.25, 11162.0], [3591.0, 2014.0], [3590.75, 6746.0], [3588.75, 448.0], [3588.5, 1501.0], [3588.25, 4308.0], [3588.0, 14431.0], [3583.75, 332.0], [3583.5, 1113.0], [3581.5, 400.0], [3579.5, 22263.0], [3578.5, 18623.0], [3577.25, 45.0], [3576.25, 40000.0], [3569.25, 40000.0], [3567.5, 18376.0], [3566.5, 71244.0], [3566.25, 37923.0], [3564.0, 78571.0]], "asks": [[3592.0, 4613.0], [3592.25, 25000.0], [3593.0, 1567.0], [3593.25, 6157.0], [3593.5, 2500.0], [3594.0, 4480.0], [3594.25, 15010.0], [3595.75, 3066.0], [3596.0, 10271.0], [3597.5, 15065.0], [3597.75, 21917.0], [3603.0, 400.0], [3607.75, 2.0], [3608.0, 40000.0], [3610.5, 56.0], [3614.5, 40000.0], [3618.75, 46161.0], [3621.5, 18658.0], [3622.75, 37965.0], [3624.25, 38516.0]]}}}
{"jsonrpc": "2.0", "method": "subscription", "params": {"channel": "book.ETH-7NOV25.none.20.100ms", "data": {"timestamp": 1762233828932, "change_id": 94867751042, "instrument_name": "ETH-7NOV25", "bids": [[3589.5, 2960.0], [3589.25, 2312.0], [3589.0, 8190.0], [3588.75, 6742.0], [3588.25, 448.0], [3588.0, 1500.0], [3586.25, 4309.0], [3586.0, 14435.0], [3581.75, 1340.0], [3581.5, 10101.0], [3581.25, 18924.0], [3580.25, 45.0], [3580.0, 179000.0], [3579.75, 400.0], [3577.0, 40000.0], [3575.0, 18928.0], [3570.25, 49857.0], [3569.75, 25387.0], [3569.0, 40000.0], [3568.75, 49330.0]], "asks": [[3590.0, 11098.0], [3590.25, 25000.0], [3591.0, 746.0], [3591.25, 2500.0], [3591.5, 160.0], [3591.75, 1098.0], [3592.0, 3678.0], [3594.0, 6542.0], [3594.25, 21917.0], [3594.5, 3065.0], [3594.75, 10268.0], [3595.5, 14381.0], [3599.0, 1500.0], [3601.0, 11.0], [3603.0, 402.0], [3605.0, 25122.0], [3607.0, 40000.0], [3608.25, 45.0], [3612.5, 40000.0], [3613.75, 51185.0]]}}}
{"jsonrpc": "2.0", "method": "subscription", "params": {"channel": "book.ETH-14NOV25.none.20.100ms", "data": {"timestamp": 1762233829264, "change_id": 94867751895, "instrument_name": "ETH-14NOV25", "bids": [[3591.5, 4970.0], [3591.25, 11162.0], [3591.0, 2014.0], [3590.75, 6746.0], [3588.75, 448.0], [3588.5, 1501.0], [3588.25, 4308.0], [3588.0, 14431.0], [3581.5, 400.0], [3578.5, 18623.0], [3577.25, 45.0], [3576.25, 40000.0], [3569.25, 40000.0], [3567.5, 18376.0], [3566.25, 37923.0], [3564.0, 78571.0], [3561.25, 37252.0], [3559.75, 181.0], [3559.5, 36521.0], [3554.0, 25610.0]], "asks": [[3592.0, 4613.0], [3592.25, 25000.0], [3593.0, 1567.0], [3593.25, 7911.0], [3594.0, 4480.0], [3594.25, 15010.0], [3595.75, 3066.0], [3596.0, 10271.0], [3597.5, 15065.0], [3597.75, 21917.0], [3603.0, 400.0], [3607.75, 2.0], [3608.0, 40000.0], [3610.5, 56.0], [3614.5, 40000.0], [3618.75, 46161.0], [3621.5, 18658.0], [3622.75, 37965.0], [3624.25, 38516.0], [3626.0, 37322.0]]}}}
{"jsonrpc": "2.0", "method": "subscription", "params": {"channel": "book.ETH-7NOV25.none.20.100ms", "data": {"timestamp": 1762233829265, "change_id": 94867751901, "instrument_name": "ETH-7NOV25", "bids": [[3589.5, 2960.0], [3589.25, 2312.0], [3589.0, 8190.0], [3588.75, 6742.0], [3588.25, 448.0], [3588.0, 1500.0], [3586.25, 4309.0], [3586.0, 14435.0], [3581.75, 11.0], [3580.25, 45.0], [3580.0, 179000.0], [3579.75, 400.0], [3577.0, 40000.0], [3575.0, 18928.0], [3570.25, 49857.0], [3569.75, 25387.0], [3569.0, 40000.0], [3568.75, 49330.0], [3566.75, 72817.0], [3564.0, 75025.0]], "asks": [[3590.0, 11098.0], [3590.25, 25000.0], [3590.75, 746.0], [3591.0, 2500.0], [3591.5, 160.0], [3591.75, 1098.0], [3592.0, 3678.0], [3594.0, 6542.0], [3594.25, 21917.0], [3594.5, 3065.0], [3594.75, 10268.0], [3595.5, 14381.0], [3599.0, 1500.0], [3601.0, 11.0], [3603.0, 402.0], [3605.0, 25122.0], [3607.0, 40000.0], [3608.25, 45.0], [3612.5, 40000.0], [3613.75, 51185.0]]}}}
{"jsonrpc": "2.0", "method": "subscription", "params": {"channel": "book.ETH-14NOV25.none.20.100ms", "data": {"timestamp": 1762233829686, "change_id": 94867752672, "instrument_name": "ETH-14NOV25", "bids": [[3591.5, 4970.0], [3591.25, 18003.0], [3591.0, 27014.0], [3590.75, 6746.0], [3588.75, 448.0], [3588.5, 1501.0], [3588.25, 4308.0], [3588.0, 14431.0], [3581.5, 400.0], [3578.5, 18623.0], [3576.5, 4452.0], [3576.25, 40000.0], [3570.5, 17811.0], [3569.25, 40000.0], [3567.5, 18376.0], [3566.25, 37923.0], [3564.0, 78571.0], [3561.25, 37252.0], [3559.5, 36521.0], [3554.0, 25610.0]], "asks": [[3592.0, 4613.0], [3592.25, 25000.0], [3593.0, 1567.0], [3593.25, 7911.0], [3594.0, 4480.0], [3594.25, 15010.0], [3595.75, 3066.0], [3596.0, 10271.0], [3597.5, 15065.0], [3597.75, 21917.0], [3603.0, 400.0], [3607.75, 2.0], [3608.0, 40000.0], [3610.5, 56.0], [3614.5, 40000.0], [3618.75, 46161.0], [3621.5, 18658.0], [3622.75, 37965.0], [3624.25, 38516.0], [3626.0, 37322.0]]}}}
{"jsonrpc": "2.0", "method": "subscription", "params": {"channel": "book.ETH-7NOV25.none.20.100ms", "data": {"timestamp": 1762233829670, "change_id": 94867752665, "instrument_name": "ETH-7NOV25", "bids": [[3589.5, 2960.0], [3589.25, 2312.0], [3589.0, 8190.0], [3588.75, 6742.0], [3588.25, 448.0], [3588.0, 1500.0], [3586.25, 4309.0], [3586.0, 14435.0], [3580.25, 4452.0], [3580.0, 179000.0], [3579.75, 400.0], [3577.0, 40000.0], [3575.0, 18928.0], [3570.25, 49857.0], [3569.75, 25387.0], [3569.0, 40000.0], [3568.75, 49330.0], [3566.75, 72817.0], [3564.0, 75025.0], [3563.75, 48742.0]], "asks": [[3590.0, 11098.0], [3590.25, 25000.0], [3590.75, 746.0], [3591.0, 3030.0], [3591.25, 1774.0], [3591.5, 160.0], [3591.75, 1098.0], [3592.0, 3678.0], [3594.0, 6542.0], [3594.25, 21917.0], [3594.5, 3065.0], [3594.75, 10268.0], [3595.5, 14381.0], [3599.0, 1500.0], [3601.0, 11.0], [3603.0, 402.0], [3605.0, 25122.0], [3607.0, 40000.0], [3608.25, 45.0], [3612.5, 40000.0]]}}}
{"jsonrpc": "2.0", "method": "subscription", "params": {"channel": "book.ETH-14NOV25.none.20.100ms", "data": {"timestamp": 1762233829971, "change_id": 94867753751, "instrument_name": "ETH-14NOV25", "bids": [[3592.5, 7951.0], [3592.25, 2700.0], [3592.0, 2700.0], [3591.75, 160.0], [3591.25, 27500.0], [3590.75, 6746.0], [3588.5, 1501.0], [3588.0, 14431.0], [3581.5, 400.0], [3578.5, 18623.0], [3576.5, 4452.0], [3576.25, 40000.0], [3570.5, 17811.0], [3569.25, 40000.0], [3567.5, 18376.0], [3566.25, 37923.0], [3564.0, 78571.0], [3561.25, 37252.0], [3559.5, 36521.0], [3554.0, 25610.0]], "asks": [[3593.0, 25000.0], [3594.25, 160.0], [3594.5, 5251.0], [3596.0, 10271.0], [3597.75, 21917.0], [3599.0, 15059.0], [3603.0, 400.0], [3607.75, 2.0], [3608.0, 40000.0], [3610.5, 56.0], [3614.5, 40000.0], [3618.75, 46161.0], [3621.5, 18658.0], [3622.75, 37965.0], [3624.25, 38516.0], [3626.0, 37322.0], [3627.25, 181.0], [3629.5, 36591.0], [3634.75, 25328.0], [3643.5, 24883.0]]}}}
{"jsonrpc": "2.0", "method": "subscription", "params": {"channel": "book.ETH-7NOV25.none.20.100ms", "data": {"timestamp": 1762233829985, "change_id": 94867753761, "instrument_name": "ETH-7NOV25", "bids": [[3590.25, 3684.0], [3590.0, 3546.0], [3589.75, 11014.0], [3589.5, 28695.0], [3589.25, 4148.0], [3589.0, 5690.0], [3588.75, 6742.0], [3586.25, 4309.0], [3586.0, 14435.0], [3580.25, 4452.0], [3580.0, 179000.0], [3579.75, 400.0], [3577.0, 40000.0], [3575.0, 18928.0], [3573.75, 17811.0], [3570.25, 49857.0], [3569.75, 25387.0], [3569.0, 40000.0], [3568.75, 49330.0], [3566.75, 72817.0]], "asks": [[3590.75, 10263.0], [3591.0, 25530.0], [3591.25, 1774.0], [3592.5, 1258.0], [3592.75, 3678.0], [3594.0, 6542.0], [3594.25, 21917.0], [3594.5, 3065.0], [3594.75, 10268.0], [3596.75, 4419.0], [3597.0, 14805.0], [3599.0, 1500.0], [3601.0, 11.0], [3603.0, 402.0], [3605.0, 25122.0], [3607.0, 40000.0], [3608.25, 45.0], [3612.5, 40000.0], [3613.75, 51185.0], [3615.0, 25492.0]]}}}
{"jsonrpc": "2.0", "method": "subscription", "params": {"channel": "book.ETH-14NOV25.none.20.100ms", "data": {"timestamp": 1762233830285, "change_id": 94867754872, "instrument_name": "ETH-14NOV25", "bids": [[3592.5, 2700.0], [3592.0, 5251.0], [3591.75, 160.0], [3591.5, 2500.0], [3591.25, 25000.0], [3588.5, 1501.0], [3588.0, 14431.0], [3581.5, 400.0], [3579.5, 1113.0], [3578.5, 18623.0], [3576.5, 4452.0], [3576.25, 40000.0], [3570.5, 17811.0], [3569.25, 40000.0], [3567.5, 18376.0], [3566.25, 37923.0], [3564.0, 78571.0], [3561.25, 37252.0], [3559.5, 36521.0], [3554.0, 25610.0]], "asks": [[3593.0, 25000.0], [3593.25, 2500.0], [3593.75, 160.0], [3594.0, 5251.0], [3596.0, 10271.0], [3597.75, 21917.0], [3599.0, 15059.0], [3603.0, 400.0], [3607.75, 2.0], [3608.0, 40000.0], [3610.5, 56.0], [3614.5, 40000.0], [3618.75, 46161.0], [3621.5, 18658.0], [3622.75, 37965.0], [3624.25, 38516.0], [3626.0, 37322.0], [3627.25, 181.0], [3629.5, 36591.0], [3634.75, 25328.0]]}}}
{"jsonrpc": "2.0", "method": "subscription", "params": {"channel": "book.ETH-7NOV25.none.20.100ms", "data": {"timestamp": 1762233830296, "change_id": 94867754883, "instrument_name": "ETH-7NOV25", "bids": [[3590.25, 2800.0], [3590.0, 3546.0], [3589.75, 11014.0], [3589.5, 28695.0], [3589.25, 4148.0], [3589.0, 3678.0], [3587.75, 448.0], [3587.5, 1500.0], [3586.25, 4309.0], [3586.0, 14435.0], [3580.25, 22263.0], [3580.0, 179000.0], [3579.75, 400.0], [3577.0, 40000.0], [3575.0, 18928.0], [3570.25, 49857.0], [3569.75, 25387.0], [3569.0, 40000.0], [3568.75, 49330.0], [3566.75, 72817.0]], "asks": [[3590.75, 27800.0], [3591.0, 746.0], [3591.25, 2500.0], [3592.0, 160.0], [3592.5, 1098.0], [3592.75, 3678.0], [3594.0, 6542.0], [3594.25, 21917.0], [3594.5, 3065.0], [3594.75, 10268.0], [3596.75, 4419.0], [3597.0, 14805.0], [3599.0, 1500.0], [3601.0, 11.0], [3603.0, 402.0], [3605.0, 25122.0], [3607.0, 40000.0], [3608.25, 45.0], [3612.5, 40000.0], [3613.75, 51185.0]]}}}
{"jsonrpc": "2.0", "method": "subscription", "params": {"channel": "book.ETH-14NOV25.none.20.100ms", "data": {"timestamp": 1762233830677, "change_id": 94867755611, "instrument_name": "ETH-14NOV25", "bids": [[3592.5, 2700.0], [3592.25, 1567.0], [3592.0, 5251.0], [3591.75, 8273.0], [3591.5, 27500.0], [3588.5, 1501.0], [3588.0, 14431.0], [3581.5, 400.0], [3579.5, 1113.0], [3578.5, 18623.0], [3576.5, 4452.0], [3576.25, 40000.0], [3572.25, 45.0], [3570.5, 17811.0], [3569.25, 40000.0], [3567.5, 18376.0], [3566.25, 37923.0], [3564.0, 78571.0], [3561.25, 37252.0], [3559.5, 36521.0]], "asks": [[3593.0, 25000.0], [3593.25, 746.0], [3593.5, 2500.0], [3593.75, 1727.0], [3594.0, 5251.0], [3595.75, 3066.0], [3596.0, 10271.0], [3597.5, 6542.0], [3597.75, 21917.0], [3599.0, 15059.0], [3603.0, 400.0], [3607.75, 2.0], [3608.0, 40000.0], [3610.5, 56.0], [3614.5, 40000.0], [3618.75, 46161.0], [3621.5, 18658.0], [3622.75, 37965.0], [3624.25, 38516.0], [3626.0, 37322.0]]}}}
{"jsonrpc": "2.0", "method": "subscription", "params": {"channel": "book.ETH-7NOV25.none.20.100ms", "data": {"timestamp": 1762233830554, "change_id": 94867755222, "instrument_name": "ETH-7NOV25", "bids": [[3590.25, 2800.0], [3590.0, 3546.0], [3589.75, 11014.0], [3589.5, 31195.0], [3589.25, 1648.0], [3589.0, 3678.0], [3587.75, 448.0], [3587.5, 1500.0], [3586.25, 4309.0], [3586.0, 14435.0], [3580.25, 23376.0], [3580.0, 179000.0], [3579.75, 400.0], [3577.0, 40000.0], [3575.0, 18928.0], [3570.25, 49857.0], [3569.75, 25387.0], [3569.0, 40000.0], [3568.75, 49330.0], [3566.75, 72817.0]], "asks": [[3590.75, 27800.0], [3591.0, 746.0], [3591.25, 2500.0], [3591.5, 474.0], [3591.75, 1588.0], [3592.0, 160.0], [3592.5, 1098.0], [3592.75, 3678.0], [3594.0, 6542.0], [3594.25, 21917.0], [3594.5, 3065.0], [3594.75, 10268.0], [3596.75, 4419.0], [3597.0, 14805.0], [3599.0, 1500.0], [3601.0, 11.0], [3603.0, 402.0], [3605.0, 25122.0], [3607.0, 40000.0], [3608.25, 45.0]]}}}
{"jsonrpc": "2.0", "method": "subscription", "params": {"channel": "book.ETH-14NOV25.none.20.100ms", "data": {"timestamp": 1762233831021, "change_id": 94867756089, "instrument_name": "ETH-14NOV25", "bids": [[3592.5, 2700.0], [3592.25, 1567.0], [3592.0, 6045.0], [3591.75, 10773.0], [3591.5, 25000.0], [3588.5, 1501.0], [3588.0, 14431.0], [3581.5, 400.0], [3579.5, 1113.0], [3578.5, 18623.0], [3576.5, 4452.0], [3576.25, 40000.0], [3572.25, 45.0], [3570.5, 17811.0], [3569.25, 40000.0], [3567.5, 18376.0], [3566.25, 37923.0], [3564.0, 78571.0], [3561.25, 37252.0], [3559.5, 36521.0]], "asks": [[3593.0, 25746.0], [3593.25, 2500.0], [3593.75, 1727.0], [3594.0, 5251.0], [3595.0, 3064.0], [3595.25, 10265.0], [3597.5, 6542.0], [3597.75, 21917.0], [3599.0, 15059.0], [3603.0, 400.0], [3607.75, 2.0], [3608.0, 40000.0], [3610.5, 56.0], [3614.5, 40000.0], [3618.75, 46161.0], [3621.5, 18658.0], [3622.75, 37965.0], [3624.25, 38516.0], [3626.0, 37322.0], [3627.25, 181.0]]}}}
{"jsonrpc": "2.0", "method": "subscription", "params": {"channel": "book.ETH-7NOV25.none.20.100ms", "data": {"timestamp": 1762233830993, "change_id": 94867756053, "instrument_name": "ETH-7NOV25", "bids": [[3590.25, 2800.0], [3590.0, 4467.0], [3589.75, 13514.0], [3589.5, 28695.0], [3589.25, 1648.0], [3589.0, 3678.0], [3587.75, 448.0], [3587.5, 1500.0], [3586.25, 4309.0], [3586.0, 14435.0], [3580.25, 23376.0], [3580.0, 179000.0], [3579.75, 400.0], [3577.0, 40000.0], [3575.0, 18928.0], [3570.25, 49857.0], [3569.75, 25387.0], [3569.0, 40000.0], [3568.75, 49330.0], [3566.75, 72817.0]], "asks": [[3590.75, 27800.0], [3591.0, 746.0], [3591.25, 2500.0], [3592.0, 160.0], [3592.5, 1098.0], [3592.75, 3678.0], [3594.0, 6542.0], [3594.25, 21917.0], [3594.5, 3065.0], [3594.75, 10268.0], [3596.75, 4419.0], [3597.0, 14805.0], [3599.0, 1500.0], [3601.0, 11.0], [3603.0, 402.0], [3605.0, 25122.0], [3607.0, 40000.0], [3608.25, 45.0], [3612.5, 40000.0], [3613.75, 51185.0]]}}}
{"jsonrpc": "2.0", "method": "subscription", "params": {"channel": "book.ETH-7NOV25.none.20.100ms", "data": {"timestamp": 1762233831311, "change_id": 94867756862, "instrument_name": "ETH-7NOV25", "bids": [[3590.25, 3327.0], [3590.0, 4467.0], [3589.75, 13514.0], [3589.5, 28695.0], [3589.25, 1648.0], [3589.0, 3678.0], [3587.75, 448.0], [3587.5, 1500.0], [3586.25, 4309.0], [3586.0, 14435.0], [3580.25, 23376.0], [3580.0, 179000.0], [3579.75, 400.0], [3577.0, 40000.0], [3575.0, 18928.0], [3570.25, 49857.0], [3569.75, 25387.0], [3569.0, 40000.0], [3568.75, 49330.0], [3566.75, 72817.0]], "asks": [[3590.75, 25000.0], [3591.0, 746.0], [3591.25, 2500.0], [3591.75, 704.0], [3592.0, 2357.0], [3592.5, 1098.0], [3592.75, 3678.0], [3593.5, 3063.0], [3593.75, 10261.0], [3594.0, 6542.0], [3594.25, 21917.0], [3596.75, 4419.0], [3597.0, 14805.0], [3599.0, 1500.0], [3601.0, 11.0], [3603.0, 402.0], [3605.0, 25122.0], [3607.0, 40000.0], [3608.25, 45.0], [3612.5, 40000.0]]}}}
{"jsonrpc": "2.0", "method": "subscription", "params": {"channel": "book.ETH-14NOV25.none.20.100ms", "data": {"timestamp": 1762233831627, "change_id": 94867757453, "instrument_name": "ETH-14NOV25", "bids": [[3592.5, 2700.0], [3592.25, 1567.0], [3592.0, 5251.0], [3591.75, 906.0], [3591.5, 2500.0], [3591.25, 7463.0], [3591.0, 25000.0], [3588.75, 448.0], [3588.5, 1501.0], [3588.0, 14431.0], [3581.5, 400.0], [3579.5, 1113.0], [3578.5, 18623.0], [3576.5, 4452.0], [3576.25, 40000.0], [3572.25, 45.0], [3570.5, 17811.0], [3569.25, 40000.0], [3567.5, 18376.0], [3566.25, 37923.0]], "asks": [[3593.0, 27500.0], [3593.75, 1727.0], [3594.0, 5251.0], [3595.0, 3064.0], [3595.25, 10265.0], [3597.5, 6542.0], [3597.75, 21917.0], [3599.0, 15059.0], [3603.0, 400.0], [3607.75, 2.0], [3608.0, 40000.0], [3610.5, 56.0], [3614.5, 40000.0], [3618.75, 46161.0], [3621.5, 18658.0], [3622.75, 37965.0], [3624.25, 38516.0], [3626.0, 37322.0], [3627.25, 181.0], [3629.5, 36591.0]]}}}
{"jsonrpc": "2.0", "method": "subscription", "params": {"channel": "book.ETH-7NOV25.none.20.100ms", "data": {"timestamp": 1762233831581, "change_id": 94867757423, "instrument_name": "ETH-7NOV25", "bids": [[3590.25, 2443.0], [3590.0, 2960.0], [3589.75, 3461.0], [3589.5, 3730.0], [3589.25, 11542.0], [3589.0, 28678.0], [3587.75, 448.0], [3587.5, 1500.0], [3586.25, 4309.0], [3586.0, 14435.0], [3580.25, 23376.0], [3580.0, 179000.0], [3579.75, 400.0], [3577.0, 40000.0], [3575.0, 18928.0], [3570.25, 49857.0], [3569.75, 25387.0], [3569.0, 40000.0], [3568.75, 49330.0], [3566.75, 72817.0]], "asks": [[3590.75, 25746.0], [3591.0, 2500.0], [3592.0, 160.0], [3592.5, 1098.0], [3592.75, 3678.0], [3593.5, 3063.0], [3593.75, 10261.0], [3594.0, 6542.0], [3594.25, 21917.0], [3596.75, 4419.0], [3597.0, 14805.0], [3599.0, 1500.0], [3601.0, 11.0], [3603.0, 402.0], [3605.0, 25122.0], [3607.0, 40000.0], [3608.25, 45.0], [3612.5, 40000.0], [3613.75, 51185.0], [3615.0, 25492.0]]}}}
{"jsonrpc": "2.0", "method": "subscription", "params": {"channel": "book.ETH-14NOV25.none.20.100ms", "data": {"timestamp": 1762233832018, "change_id": 94867758447, "instrument_name": "ETH-14NOV25", "bids": [[3592.25, 4918.0], [3592.0, 7751.0], [3591.75, 160.0], [3591.5, 8113.0], [3591.25, 27500.0], [3588.75, 448.0], [3588.5, 1501.0], [3588.0, 14431.0], [3581.5, 400.0], [3579.75, 11.0], [3579.5, 18924.0], [3578.5, 18623.0], [3576.5, 4452.0], [3576.25, 40000.0], [3572.25, 45.0], [3569.25, 40000.0], [3567.5, 18376.0], [3566.25, 37923.0], [3564.0, 78571.0], [3561.25, 37252.0]], "asks": [[3593.25, 160.0], [3595.0, 3064.0], [3595.25, 10265.0], [3597.5, 6542.0], [3597.75, 21917.0], [3599.0, 15059.0], [3603.0, 400.0], [3607.75, 2.0], [3608.0, 40000.0], [3610.5, 56.0], [3614.5, 40000.0], [3618.75, 46161.0], [3621.5, 18658.0], [3622.75, 37965.0], [3624.25, 38516.0], [3626.0, 37322.0], [3627.25, 181.0], [3629.5, 36591.0], [3634.75, 25328.0], [3643.5, 24883.0]]}}}
{"jsonrpc": "2.0", "method": "subscription", "params": {"channel": "book.ETH-7NOV25.none.20.100ms", "data": {"timestamp": 1762233832014, "change_id": 94867758437, "instrument_name": "ETH-7NOV25", "bids": [[3590.0, 160.0], [3589.75, 836.0], [3589.5, 10193.0], [3589.25, 29826.0], [3589.0, 3678.0], [3587.75, 448.0], [3587.5, 1500.0], [3586.25, 4309.0], [3586.0, 14435.0], [3581.5, 11.0], [3580.25, 23421.0], [3580.0, 179000.0], [3579.75, 400.0], [3577.0, 40000.0], [3575.0, 18928.0], [3570.25, 49857.0], [3569.75, 25387.0], [3569.0, 40000.0], [3568.75, 49330.0], [3566.75, 72817.0]], "asks": [[3590.5, 8856.0], [3590.75, 28546.0], [3591.5, 160.0], [3591.75, 558.0], [3592.0, 1868.0], [3593.5, 3063.0], [3593.75, 10261.0], [3594.0, 6542.0], [3594.25, 21917.0], [3596.75, 4419.0], [3597.0, 14805.0], [3599.0, 1500.0], [3601.0, 11.0], [3603.0, 402.0], [3605.0, 25122.0], [3607.0, 40000.0], [3608.25, 45.0], [3612.5, 40000.0], [3613.75, 51185.0], [3615.0, 25492.0]]}}}
{"jsonrpc": "2.0", "method": "subscription", "params": {"channel": "book.ETH-14NOV25.none.20.100ms", "data": {"timestamp": 1762233832347, "change_id": 94867759458, "instrument_name": "ETH-14NOV25", "bids": [[3592.25, 2700.0], [3592.0, 1615.0], [3591.75, 6157.0], [3591.5, 10613.0], [3591.25, 25000.0], [3589.25, 448.0], [3589.0, 1501.0], [3588.0, 14431.0], [3581.5, 400.0], [3579.75, 11.0], [3579.5, 18924.0], [3578.5, 18623.0], [3576.5, 4452.0], [3576.25, 40000.0], [3572.25, 45.0], [3569.5, 71244.0], [3569.25, 40000.0], [3567.5, 18376.0], [3566.25, 37923.0], [3564.0, 78571.0]], "asks": [[3592.75, 25000.0], [3593.0, 794.0], [3593.25, 2500.0], [3593.5, 1567.0], [3593.75, 5251.0], [3594.0, 160.0], [3595.0, 3064.0], [3595.25, 10265.0], [3597.5, 6542.0], [3597.75, 21917.0], [3599.0, 15059.0], [3603.0, 400.0], [3607.75, 2.0], [3608.0, 40000.0], [3610.5, 56.0], [3614.5, 40000.0], [3618.75, 46161.0], [3621.5, 18658.0], [3622.75, 37965.0], [3624.25, 38516.0]]}}}
{"jsonrpc": "2.0", "method": "subscription", "params": {"channel": "book.ETH-7NOV25.none.20.100ms", "data": {"timestamp": 1762233832339, "change_id": 94867759448, "instrument_name": "ETH-7NOV25", "bids": [[3590.0, 160.0], [3589.75, 7612.0], [3589.5, 31230.0], [3589.25, 1648.0], [3589.0, 3678.0], [3586.25, 4309.0], [3586.0, 14435.0], [3581.5, 11.0], [3580.5, 6991.0], [3580.25, 23421.0], [3580.0, 179000.0], [3579.75, 400.0], [3577.0, 40000.0], [3575.0, 18928.0], [3570.25, 49857.0], [3569.75, 25387.0], [3569.0, 40000.0], [3568.75, 49330.0], [3566.75, 72817.0], [3564.25, 71244.0]], "asks": [[3590.5, 836.0], [3590.75, 3546.0], [3591.0, 2500.0], [3591.75, 1027.0], [3592.0, 3678.0], [3592.25, 160.0], [3593.5, 3063.0], [3593.75, 10261.0], [3594.0, 6542.0], [3594.25, 21917.0], [3596.75, 4419.0], [3597.0, 14805.0], [3599.0, 1500.0], [3601.0, 11.0], [3603.0, 402.0], [3605.0, 25122.0], [3607.0, 40000.0], [3608.25, 45.0], [3612.5, 40000.0], [3613.75, 51185.0]]}}}
{"jsonrpc": "2.0", "method": "subscription", "params": {"channel": "book.ETH-14NOV25.none.20.100ms", "data": {"timestamp": 1762233832677, "change_id": 94867760263, "instrument_name": "ETH-14NOV25", "bids": [[3592.75, 3506.0], [3592.5, 2700.0], [3591.75, 7463.0], [3591.5, 25000.0], [3591.0, 160.0], [3589.25, 448.0], [3589.0, 1501.0], [3588.0, 14431.0], [3581.5, 400.0], [3580.0, 6432.0], [3579.75, 11.0], [3579.5, 18924.0], [3578.5, 18623.0], [3576.5, 4452.0], [3576.25, 40000.0], [3572.5, 6298.0], [3572.25, 45.0], [3571.5, 37252.0], [3570.0, 18376.0], [3569.5, 71244.0]], "asks": [[3593.25, 25000.0], [3594.0, 1727.0], [3594.25, 5251.0], [3595.0, 3064.0], [3595.25, 10265.0], [3597.5, 6542.0], [3597.75, 21917.0], [3599.0, 15059.0], [3603.0, 400.0], [3607.5, 6161.0], [3607.75, 2.0], [3608.0, 40000.0], [3610.5, 56.0], [3614.25, 18658.0], [3614.5, 40000.0], [3615.75, 37965.0], [3617.0, 38516.0], [3618.5, 36591.0], [3618.75, 77322.0], [3627.25, 181.0]]}}}
{"jsonrpc": "2.0", "method": "subscription", "params": {"channel": "book.ETH-7NOV25.none.20.100ms", "data": {"timestamp": 1762233832672, "change_id": 94867760243, "instrument_name": "ETH-7NOV25", "bids": [[3589.75, 7612.0], [3589.5, 35257.0], [3589.25, 26574.0], [3586.25, 4309.0], [3586.0, 14435.0], [3581.5, 11.0], [3580.5, 6991.0], [3580.25, 34304.0], [3580.0, 179000.0], [3579.75, 400.0], [3577.0, 40000.0], [3575.0, 18928.0], [3572.0, 25320.0], [3570.25, 49857.0], [3569.75, 25387.0], [3569.0, 40000.0], [3568.75, 49330.0], [3566.75, 72817.0], [3564.25, 71244.0], [3564.0, 75025.0]], "asks": [[3592.0, 761.0], [3592.25, 3646.0], [3592.5, 3678.0], [3593.5, 3063.0], [3593.75, 10261.0], [3594.0, 6542.0], [3594.25, 21917.0], [3596.75, 4419.0], [3597.0, 14805.0], [3599.0, 1500.0], [3601.0, 11.0], [3603.0, 402.0], [3605.0, 25122.0], [3607.0, 40000.0], [3608.25, 45.0], [3612.5, 40000.0], [3613.75, 51185.0], [3615.0, 25492.0], [3616.75, 40000.0], [3619.25, 50710.0]]}}}
{"jsonrpc": "2.0", "method": "subscription", "params": {"channel": "book.ETH-14NOV25.none.20.100ms", "data": {"timestamp": 1762233832982, "change_id": 94867761759, "instrument_name": "ETH-14NOV25", "bids": [[3593.0, 7951.0], [3592.25, 25000.0], [3592.0, 160.0], [3590.0, 14450.0], [3581.5, 400.0], [3580.0, 6432.0], [3579.75, 11.0], [3579.5, 18924.0], [3578.5, 18623.0], [3576.5, 4452.0], [3576.25, 40000.0], [3572.5, 6298.0], [3572.25, 45.0], [3571.5, 37252.0], [3570.0, 18376.0], [3569.5, 71244.0], [3569.25, 40000.0], [3568.75, 37923.0], [3567.25, 38571.0], [3564.75, 25610.0]], "asks": [[3594.0, 160.0], [3594.75, 5251.0], [3595.25, 10265.0], [3597.75, 21917.0], [3599.0, 15059.0], [3603.0, 400.0], [3607.5, 6161.0], [3607.75, 2.0], [3608.0, 40000.0], [3610.5, 56.0], [3614.25, 18658.0], [3614.5, 40000.0], [3615.75, 37965.0], [3617.0, 38516.0], [3618.5, 36591.0], [3618.75, 77322.0], [3625.5, 25328.0], [3627.25, 181.0], [3632.5, 24883.0], [3660.0, 17807.0]]}}}
{"jsonrpc": "2.0", "method": "subscription", "params": {"channel": "book.ETH-7NOV25.none.20.100ms", "data": {"timestamp": 1762233832898, "change_id": 94867761237, "instrument_name": "ETH-7NOV25", "bids": [[3590.5, 2800.0], [3590.25, 27960.0], [3590.0, 2800.0], [3589.5, 3678.0], [3589.25, 25380.0], [3588.0, 14927.0], [3587.5, 1500.0], [3581.5, 11.0], [3580.25, 23421.0], [3580.0, 179000.0], [3579.75, 400.0], [3577.0, 40000.0], [3575.0, 18928.0], [3572.0, 25320.0], [3570.25, 49857.0], [3569.75, 25387.0], [3569.0, 40000.0], [3568.75, 49330.0], [3566.75, 72817.0], [3564.25, 71244.0]], "asks": [[3591.5, 2800.0], [3591.75, 27800.0], [3592.0, 2800.0], [3592.25, 2548.0], [3593.0, 3678.0], [3593.75, 10261.0], [3594.25, 21917.0], [3597.0, 14805.0], [3599.0, 1500.0], [3601.0, 11.0], [3603.0, 402.0], [3605.0, 25122.0], [3607.0, 40000.0], [3608.25, 45.0], [3612.5, 40000.0], [3613.75, 51185.0], [3615.0, 25492.0], [3616.75, 40000.0], [3619.25, 50710.0], [3621.0, 76475.0]]}}}
{"jsonrpc": "2.0", "method": "subscription", "params": {"channel": "book.ETH-14NOV25.none.20.100ms", "data": {"timestamp": 1762233833264, "change_id": 94867763629, "instrument_name": "ETH-14NOV25", "bids": [[3593.5, 7951.0], [3593.0, 160.0], [3592.75, 2500.0], [3592.5, 25000.0], [3590.5, 1501.0], [3590.0, 14450.0], [3581.5, 400.0], [3580.0, 6432.0], [3579.75, 11.0], [3579.5, 18924.0], [3578.5, 18623.0], [3576.5, 4452.0], [3576.25, 40000.0], [3573.0, 6298.0], [3572.25, 45.0], [3571.5, 37252.0], [3570.0, 18376.0], [3569.5, 71244.0], [3569.25, 40000.0], [3568.75, 37923.0]], "asks": [[3594.25, 25000.0], [3594.75, 160.0], [3595.25, 15516.0], [3597.75, 21917.0], [3599.0, 15059.0], [3603.0, 400.0], [3607.5, 6161.0], [3607.75, 2.0], [3608.0, 40000.0], [3610.5, 56.0], [3614.25, 18658.0], [3614.5, 40000.0], [3615.75, 37965.0], [3617.0, 38516.0], [3618.5, 36591.0], [3618.75, 77322.0], [3625.5, 25328.0], [3627.25, 181.0], [3632.5, 24883.0], [3660.0, 17807.0]]}}}
{"jsonrpc": "2.0", "method": "subscription", "params": {"channel": "book.ETH-7NOV25.none.20.100ms", "data": {"timestamp": 1762233833336, "change_id": 94867763712, "instrument_name": "ETH-7NOV25", "bids": [[3591.25, 160.0], [3591.0, 12704.0], [3590.75, 30300.0], [3589.5, 7576.0], [3589.25, 25380.0], [3588.25, 4456.0], [3588.0, 14927.0], [3587.5, 1500.0], [3581.5, 11.0], [3580.25, 23421.0], [3580.0, 179000.0], [3579.75, 400.0], [3577.0, 40000.0], [3575.0, 18928.0], [3572.25, 25320.0], [3570.25, 49857.0], [3569.75, 25387.0], [3569.0, 40000.0], [3568.75, 49330.0], [3566.75, 72817.0]], "asks": [[3591.75, 11098.0], [3592.0, 27800.0], [3593.0, 906.0], [3593.25, 3598.0], [3593.5, 6741.0], [3593.75, 10261.0], [3594.0, 6542.0], [3594.25, 21917.0], [3596.75, 4419.0], [3597.0, 14805.0], [3599.0, 1500.0], [3601.0, 11.0], [3603.0, 402.0], [3605.0, 25122.0], [3607.0, 40000.0], [3608.25, 45.0], [3612.5, 40000.0], [3613.75, 51185.0], [3615.0, 25492.0], [3616.75, 40000.0]]}}}
{"jsonrpc": "2.0", "method": "subscription", "params": {"channel": "book.ETH-14NOV25.none.20.100ms", "data": {"timestamp": 1762233833544, "change_id": 94867764070, "instrument_name": "ETH-14NOV25", "bids": [[3593.5, 5251.0], [3593.0, 906.0], [3592.75, 9963.0], [3592.5, 25000.0], [3590.75, 448.0], [3590.5, 1501.0], [3590.25, 4313.0], [3590.0, 14450.0], [3586.5, 18376.0], [3585.25, 37923.0], [3584.5, 38571.0], [3581.75, 49982.0], [3581.5, 400.0], [3579.75, 11.0], [3579.5, 18924.0], [3578.5, 18623.0], [3576.5, 4452.0], [3576.25, 40000.0], [3572.25, 45.0], [3572.0, 36521.0]], "asks": [[3594.0, 7415.0], [3594.25, 25000.0], [3594.75, 160.0], [3595.0, 4632.0], [3595.25, 18016.0], [3597.5, 6542.0], [3597.75, 21917.0], [3598.75, 4495.0], [3599.0, 15059.0], [3602.75, 6161.0], [3603.0, 400.0], [3605.75, 18658.0], [3607.0, 37965.0], [3607.75, 38518.0], [3608.0, 40000.0], [3610.25, 37322.0], [3610.5, 56.0], [3614.5, 40000.0], [3618.5, 36591.0], [3618.75, 40000.0]]}}}
{"jsonrpc": "2.0", "method": "subscription", "params": {"channel": "book.ETH-7NOV25.none.20.100ms", "data": {"timestamp": 1762233833550, "change_id": 94867764077, "instrument_name": "ETH-7NOV25", "bids": [[3591.25, 2094.0], [3591.0, 12704.0], [3590.75, 30300.0], [3589.25, 614.0], [3588.25, 4456.0], [3588.0, 14927.0], [3587.75, 448.0], [3587.5, 1500.0], [3586.5, 7578.0], [3586.25, 25387.0], [3585.75, 14725.0], [3585.5, 49330.0], [3584.5, 49857.0], [3581.75, 25320.0], [3581.5, 11.0], [3580.25, 23421.0], [3580.0, 179000.0], [3579.75, 400.0], [3577.25, 72817.0], [3577.0, 40000.0]], "asks": [[3591.75, 11098.0], [3592.0, 27800.0], [3593.0, 906.0], [3593.25, 4023.0], [3593.5, 8635.0], [3593.75, 10261.0], [3594.0, 6542.0], [3594.25, 21917.0], [3596.75, 4419.0], [3597.0, 14805.0], [3598.75, 25122.0], [3599.0, 1500.0], [3601.0, 11.0], [3603.0, 402.0], [3606.25, 25492.0], [3607.0, 90710.0], [3608.0, 51185.0], [3608.25, 45.0], [3612.25, 76475.0], [3612.5, 40000.0]]}}}
{"jsonrpc": "2.0", "method": "subscription", "params": {"channel": "book.ETH-14NOV25.none.20.100ms", "data": {"timestamp": 1762233833987, "change_id": 94867764968, "instrument_name": "ETH-14NOV25", "bids": [[3593.75, 2700.0], [3593.25, 1615.0], [3593.0, 5411.0], [3592.75, 7463.0], [3592.5, 27500.0], [3590.75, 448.0], [3590.5, 1501.0], [3590.25, 4313.0], [3590.0, 14450.0], [3586.5, 18376.0], [3585.25, 37923.0], [3584.5, 38571.0], [3581.75, 49982.0], [3581.5, 400.0], [3579.75, 11.0], [3579.5, 18924.0], [3578.5, 18623.0], [3576.5, 4452.0], [3576.25, 40000.0], [3572.25, 45.0]], "asks": [[3594.25, 25000.0], [3594.75, 906.0], [3595.0, 7132.0], [3595.25, 15516.0], [3597.5, 6542.0], [3597.75, 21917.0], [3598.75, 4495.0], [3599.0, 15059.0], [3602.75, 6161.0], [3603.0, 400.0], [3605.75, 18658.0], [3607.0, 37965.0], [3607.75, 38518.0], [3608.0, 40000.0], [3610.25, 37322.0], [3610.5, 56.0], [3614.5, 40000.0], [3618.5, 36591.0], [3618.75, 40000.0], [3625.5, 25328.0]]}}}
{"jsonrpc": "2.0", "method": "subscription", "params": {"channel": "book.ETH-7NOV25.none.20.100ms", "data": {"timestamp": 1762233833956, "change_id": 94867764896, "instrument_name": "ETH-7NOV25", "bids": [[3591.25, 4894.0], [3591.0, 7314.0], [3590.75, 6401.0], [3590.5, 17617.0], [3590.25, 25000.0], [3589.25, 614.0], [3588.25, 4456.0], [3588.0, 14927.0], [3587.75, 448.0], [3587.5, 1500.0], [3586.5, 7578.0], [3586.25, 25387.0], [3585.75, 14725.0], [3585.5, 49330.0], [3584.5, 49857.0], [3581.75, 25320.0], [3581.5, 11.0], [3580.25, 23421.0], [3580.0, 179000.0], [3579.75, 400.0]], "asks": [[3591.75, 27800.0], [3592.75, 794.0], [3593.0, 2660.0], [3593.25, 1098.0], [3593.5, 6741.0], [3593.75, 10261.0], [3594.0, 6542.0], [3594.25, 21917.0], [3596.75, 4419.0], [3597.0, 14805.0], [3598.75, 25122.0], [3599.0, 1500.0], [3601.0, 11.0], [3603.0, 402.0], [3606.25, 25492.0], [3607.0, 90710.0], [3608.0, 51185.0], [3608.25, 45.0], [3612.25, 76475.0], [3612.5, 40000.0]]}}}
{"jsonrpc": "2.0", "method": "subscription", "params": {"channel": "book.ETH-14NOV25.none.20.100ms", "data": {"timestamp": 1762233834283, "change_id": 94867765834, "instrument_name": "ETH-14NOV25", "bids": [[3593.75, 2700.0], [3593.25, 1615.0], [3593.0, 5411.0], [3592.75, 7463.0], [3592.5, 27500.0], [3590.75, 448.0], [3590.5, 1501.0], [3590.25, 4313.0], [3590.0, 14450.0], [3587.0, 3554.0], [3586.75, 18215.0], [3586.5, 18376.0], [3585.25, 37923.0], [3584.5, 38571.0], [3581.75, 37252.0], [3581.5, 400.0], [3579.75, 11.0], [3579.5, 18924.0], [3578.5, 18623.0], [3576.5, 4452.0]], "asks": [[3594.25, 25000.0], [3594.75, 906.0], [3595.0, 7132.0], [3595.25, 15516.0], [3597.5, 6542.0], [3597.75, 21917.0], [3598.75, 4495.0], [3599.0, 15059.0], [3602.75, 6161.0], [3603.0, 400.0], [3605.75, 18658.0], [3607.0, 37965.0], [3607.75, 38518.0], [3608.0, 40000.0], [3610.25, 37322.0], [3610.5, 56.0], [3614.5, 40000.0], [3618.5, 36591.0], [3618.75, 40000.0], [3625.5, 25328.0]]}}}
{"jsonrpc": "2.0", "method": "subscription", "params": {"channel": "book.ETH-7NOV25.none.20.100ms", "data": {"timestamp": 1762233834273, "change_id": 94867765822, "instrument_name": "ETH-7NOV25", "bids": [[3591.25, 4894.0], [3591.0, 7314.0], [3590.75, 6401.0], [3590.5, 20117.0], [3590.25, 25000.0], [3589.25, 614.0], [3588.25, 4456.0], [3588.0, 14927.0], [3587.75, 448.0], [3587.5, 1500.0], [3586.5, 7578.0], [3586.25, 25387.0], [3585.75, 14725.0], [3585.5, 49330.0], [3584.5, 75177.0], [3581.5, 11.0], [3580.25, 23421.0], [3580.0, 179000.0], [3579.75, 400.0], [3577.25, 72817.0]], "asks": [[3591.75, 27800.0], [3592.5, 746.0], [3592.75, 2500.0], [3593.0, 827.0], [3593.25, 3334.0], [3593.5, 6741.0], [3593.75, 10261.0], [3594.0, 6542.0], [3594.25, 21917.0], [3596.75, 4419.0], [3597.0, 14805.0], [3598.75, 25122.0], [3599.0, 1500.0], [3601.0, 11.0], [3603.0, 402.0], [3606.25, 25492.0], [3607.0, 90710.0], [3608.0, 51185.0], [3608.25, 45.0], [3612.25, 76475.0]]}}}
{"jsonrpc": "2.0", "method": "subscription", "params": {"channel": "book.ETH-14NOV25.none.20.100ms", "data": {"timestamp": 1762233834648, "change_id": 94867766520, "instrument_name": "ETH-14NOV25", "bids": [[3593.25, 1615.0], [3593.0, 5411.0], [3592.25, 7463.0], [3592.0, 25000.0], [3590.75, 448.0], [3590.5, 1501.0], [3590.25, 4313.0], [3590.0, 14450.0], [3587.0, 3554.0], [3586.75, 18215.0], [3586.5, 18376.0], [3585.25, 37923.0], [3584.5, 38571.0], [3581.75, 37252.0], [3581.5, 400.0], [3579.75, 11.0], [3579.5, 18924.0], [3578.5, 18623.0], [3576.5, 4452.0], [3576.25, 40000.0]], "asks": [[3593.75, 25000.0], [3594.25, 160.0], [3594.5, 1615.0], [3594.75, 5997.0], [3595.0, 5564.0], [3595.25, 10265.0], [3597.5, 6542.0], [3597.75, 21917.0], [3598.75, 4495.0], [3599.0, 15059.0], [3602.75, 6161.0], [3603.0, 400.0], [3605.75, 18658.0], [3607.0, 37965.0], [3607.75, 38518.0], [3608.0, 40000.0], [3610.25, 37322.0], [3610.5, 56.0], [3614.5, 40000.0], [3618.5, 36591.0]]}}}
{"jsonrpc": "2.0", "method": "subscription", "params": {"channel": "book.ETH-7NOV25.none.20.100ms", "data": {"timestamp": 1762233834648, "change_id": 94867766518, "instrument_name": "ETH-7NOV25", "bids": [[3591.25, 2960.0], [3591.0, 3636.0], [3590.75, 6401.0], [3590.5, 21295.0], [3590.25, 27500.0], [3589.25, 614.0], [3588.25, 4456.0], [3588.0, 14927.0], [3587.75, 448.0], [3587.5, 1500.0], [3586.5, 7578.0], [3586.25, 25387.0], [3585.75, 14725.0], [3585.5, 49330.0], [3584.5, 75177.0], [3581.5, 11.0], [3580.25, 23421.0], [3580.0, 179000.0], [3579.75, 400.0], [3577.25, 72817.0]], "asks": [[3591.75, 27800.0], [3592.25, 746.0], [3592.5, 2660.0], [3593.0, 667.0], [3593.25, 3334.0], [3593.5, 6741.0], [3593.75, 10261.0], [3594.0, 6542.0], [3594.25, 21917.0], [3596.75, 4419.0], [3597.0, 14805.0], [3598.75, 25122.0], [3599.0, 1500.0], [3601.0, 11.0], [3603.0, 402.0], [3606.25, 25492.0], [3607.0, 90710.0], [3608.0, 51185.0], [3608.25, 45.0], [3612.25, 76475.0]]}}}
