{"jsonrpc": "2.0", "id": 1, "result": ["book.ETH-6MAR26.none.20.100ms", "book.ETH-13MAR26.none.20.100ms"], "usIn": 1772206832164153, "usOut": 1772206832164386, "usDiff": 233, "testnet": false}
{"jsonrpc": "2.0", "method": "subscription", "params": {"channel": "book.ETH-6MAR26.none.20.100ms", "data": {"timestamp": 1772206832120, "change_id": 111089230840, "instrument_name": "ETH-6MAR26", "bids": [[1944.5, 1917.0], [1944.25, 4874.0], [1942.5, 2179.0], [1942.25, 7301.0], [1938.5, 66.0], [1938.25, 19292.0], [1936.5, 46355.0], [1933.25, 206.0], [1931.5, 40000.0], [1929.5, 20339.0], [1928.25, 40000.0], [1925.75, 19818.0], [1925.25, 39472.0], [1924.25, 120370.0], [1923.0, 59398.0], [1921.5, 60738.0], [1918.75, 40380.0], [1917.0, 39416.0], [1908.5, 39024.0], [1908.0, 19240.0]], "asks": [[1945.5, 4954.0], [1947.0, 2162.0], [1947.25, 7244.0], [1947.5, 76.0], [1949.5, 6686.0], [1949.75, 21745.0], [1952.75, 66.0], [1953.0, 40000.0], [1956.0, 40000.0], [1958.5, 41271.0], [1959.25, 5084.0], [1960.25, 19844.0], [1960.5, 20337.0], [1963.0, 19542.0], [1963.5, 40678.0], [1964.5, 40732.0], [1965.75, 59586.0], [1966.0, 206.0], [1966.25, 39168.0], [1967.5, 60678.0]]}}}
{"jsonrpc": "2.0", "method": "subscription", "params": {"channel": "book.ETH-13MAR26.none.20.100ms", "data": {"timestamp": 1772206832094, "change_id": 111089230819, "instrument_name": "ETH-13MAR26", "bids": [[1945.5, 2149.0], [1945.25, 11762.0], [1937.75, 7745.0], [1937.5, 26757.0], [1936.75, 19292.0], [1930.75, 206.0], [1929.5, 5051.0], [1929.25, 81358.0], [1924.0, 29105.0], [1922.25, 29521.0], [1921.0, 14846.0], [1920.25, 30500.0], [1919.5, 29344.0], [1913.5, 41176.0], [1913.25, 19750.0], [1903.25, 9731.0], [1886.0, 7124.0]], "asks": [[1946.5, 5051.0], [1948.5, 21745.0], [1953.0, 20405.0], [1953.25, 5084.0], [1953.5, 1271.0], [1959.25, 8.0], [1961.0, 206.0], [1961.75, 4906.0], [1963.25, 15111.0], [1965.5, 81354.0], [1967.0, 29420.0], [1967.75, 59902.0], [1968.25, 30092.0], [1972.25, 20170.0], [1973.25, 9.0], [1974.0, 20241.0], [1980.75, 19896.0], [1987.0, 11.0], [1997.5, 10092.0], [2001.0, 11.0]]}}}
{"jsonrpc": "2.0", "method": "subscription", "params": {"channel": "book.ETH-13MAR26.none.20.100ms", "data": {"timestamp": 1772206832094, "change_id": 111089230819, "instrument_name": "ETH-13MAR26", "bids": [[1945.5, 2149.0], [1945.25, 11762.0], [1937.75, 7745.0], [1937.5, 26757.0], [1936.75, 19292.0], [1930.75, 206.0], [1929.5, 5051.0], [1929.25, 81358.0], [1924.0, 29105.0], [1922.25, 29521.0], [1921.0, 14846.0], [1920.25, 30500.0], [1919.5, 29344.0], [1913.5, 41176.0], [1913.25, 19750.0], [1903.25, 9731.0], [1886.0, 7124.0]], "asks": [[1946.5, 5051.0], [1948.5, 21745.0], [1953.0, 20405.0], [1953.25, 5084.0], [1953.5, 1271.0], [1959.25, 8.0], [1961.0, 206.0], [1961.75, 4906.0], [1963.25, 15111.0], [1965.5, 81354.0], [1967.0, 29420.0], [1967.75, 59902.0], [1968.25, 30092.0], [1972.25, 20170.0], [1973.25, 9.0], [1974.0, 20241.0], [1980.75, 19896.0], [1987.0, 11.0], [1997.5, 10092.0], [2001.0, 11.0]]}}}
{"jsonrpc": "2.0", "method": "subscription", "params": {"channel": "book.ETH-6MAR26.none.20.100ms", "data": {"timestamp": 1772206832120, "change_id": 111089230840, "instrument_name": "ETH-6MAR26", "bids": [[1944.5, 1917.0], [1944.25, 4874.0], [1942.5, 2179.0], [1942.25, 7301.0], [1938.5, 66.0], [1938.25, 19292.0], [1936.5, 46355.0], [1933.25, 206.0], [1931.5, 40000.0], [1929.5, 20339.0], [1928.25, 40000.0], [1925.75, 19818.0], [1925.25, 39472.0], [1924.25, 120370.0], [1923.0, 59398.0], [1921.5, 60738.0], [1918.75, 40380.0], [1917.0, 39416.0], [1908.5, 39024.0], [1908.0, 19240.0]], "asks": [[1945.5, 4954.0], [1947.0, 2162.0], [1947.25, 7244.0], [1947.5, 76.0], [1949.5, 6686.0], [1949.75, 21745.0], [1952.75, 66.0], [1953.0, 40000.0], [1956.0, 40000.0], [1958.5, 41271.0], [1959.25, 5084.0], [1960.25, 19844.0], [1960.5, 20337.0], [1963.0, 19542.0], [1963.5, 40678.0], [1964.5, 40732.0], [1965.75, 59586.0], [1966.0, 206.0], [1966.25, 39168.0], [1967.5, 60678.0]]}}}
{"jsonrpc": "2.0", "method": "subscription", "params": {"channel": "book.ETH-13MAR26.none.20.100ms", "data": {"timestamp": 1772206832507, "change_id": 111089231180, "instrument_name": "ETH-13MAR26", "bids": [[1945.5, 1508.0], [1945.25, 5051.0], [1937.75, 7745.0], [1937.5, 26757.0], [1936.75, 19292.0], [1930.75, 206.0], [1929.5, 5051.0], [1929.25, 81358.0], [1924.0, 29105.0], [1922.25, 29521.0], [1921.0, 14846.0], [1920.25, 30500.0], [1919.5, 29344.0], [1913.5, 41176.0], [1913.25, 19750.0], [1903.25, 9731.0], [1886.0, 7124.0]], "asks": [[1946.5, 5051.0], [1948.5, 21745.0], [1953.0, 20405.0], [1953.25, 5084.0], [1953.5, 1271.0], [1959.25, 8.0], [1961.0, 206.0], [1961.75, 4906.0], [1963.25, 15111.0], [1965.5, 81354.0], [1967.0, 29420.0], [1967.75, 59902.0], [1968.25, 30092.0], [1972.25, 20170.0], [1973.25, 9.0], [1974.0, 20241.0], [1980.75, 19896.0], [1987.0, 11.0], [1997.5, 10092.0], [2001.0, 11.0]]}}}
{"jsonrpc": "2.0", "method": "subscription", "params": {"channel": "book.ETH-6MAR26.none.20.100ms", "data": {"timestamp": 1772206832504, "change_id": 111089231173, "instrument_name": "ETH-6MAR26", "bids": [[1944.5, 625.0], [1944.25, 1292.0], [1944.0, 4329.0], [1942.5, 2179.0], [1942.25, 7301.0], [1938.5, 66.0], [1938.25, 19292.0], [1936.5, 46355.0], [1933.25, 206.0], [1931.5, 40000.0], [1929.5, 20339.0], [1928.25, 40000.0], [1925.75, 19818.0], [1925.25, 39472.0], [1924.25, 120370.0], [1923.0, 59398.0], [1921.5, 60738.0], [1918.75, 40380.0], [1917.0, 39416.0], [1908.5, 39024.0]], "asks": [[1945.5, 4954.0], [1945.75, 299.0], [1946.0, 1000.0], [1947.0, 2162.0], [1947.25, 7244.0], [1947.5, 76.0], [1949.5, 6686.0], [1949.75, 21745.0], [1952.75, 66.0], [1953.0, 40000.0], [1956.0, 40000.0], [1958.5, 41271.0], [1959.25, 5084.0], [1960.25, 19844.0], [1960.5, 20337.0], [1963.0, 19542.0], [1963.5, 40678.0], [1964.5, 40732.0], [1965.75, 59586.0], [1966.0, 206.0]]}}}
{"jsonrpc": "2.0", "method": "subscription", "params": {"channel": "book.ETH-6MAR26.none.20.100ms", "data": {"timestamp": 1772206832814, "change_id": 111089231392, "instrument_name": "ETH-6MAR26", "bids": [[1944.5, 625.0], [1944.25, 1292.0], [1944.0, 4329.0], [1942.5, 2179.0], [1942.25, 7301.0], [1938.5, 66.0], [1938.25, 19292.0], [1936.5, 46355.0], [1933.25, 206.0], [1931.5, 40000.0], [1929.5, 20339.0], [1928.25, 40000.0], [1925.75, 19818.0], [1925.25, 39472.0], [1924.25, 120370.0], [1923.0, 59398.0], [1921.5, 60738.0], [1918.75, 40380.0], [1917.0, 39416.0], [1908.5, 39024.0]], "asks": [[1945.25, 4329.0], [1945.5, 625.0], [1945.75, 299.0], [1946.0, 1000.0], [1947.0, 2162.0], [1947.25, 7244.0], [1947.5, 76.0], [1949.5, 6686.0], [1949.75, 21745.0], [1952.75, 66.0], [1953.0, 40000.0], [1956.0, 40000.0], [1958.5, 41271.0], [1959.25, 5084.0], [1960.25, 19844.0], [1960.5, 20337.0], [1963.0, 19542.0], [1963.5, 40678.0], [1964.5, 40732.0], [1965.75, 59586.0]]}}}
{"jsonrpc": "2.0", "method": "subscription", "params": {"channel": "book.ETH-13MAR26.none.20.100ms", "data": {"timestamp": 1772206832814, "change_id": 111089231452, "instrument_name": "ETH-13MAR26", "bids": [[1945.25, 1946.0], [1945.0, 4426.0], [1937.75, 7745.0], [1937.5, 26757.0], [1936.75, 19292.0], [1930.75, 206.0], [1929.5, 5051.0], [1929.25, 81358.0], [1924.0, 29105.0], [1922.25, 29521.0], [1921.0, 14846.0], [1920.25, 30500.0], [1919.5, 29344.0], [1913.5, 41176.0], [1913.25, 19750.0], [1903.25, 9731.0], [1886.0, 7124.0]], "asks": [[1946.25, 5051.0], [1948.5, 21745.0], [1953.0, 20405.0], [1953.25, 5084.0], [1953.5, 1271.0], [1959.25, 8.0], [1961.0, 206.0], [1961.75, 4906.0], [1963.25, 15111.0], [1965.5, 81354.0], [1967.0, 29420.0], [1967.75, 59902.0], [1968.25, 30092.0], [1972.25, 20170.0], [1973.25, 9.0], [1974.0, 20241.0], [1980.75, 19896.0], [1987.0, 11.0], [1997.5, 10092.0], [2001.0, 11.0]]}}}
{"jsonrpc": "2.0", "method": "subscription", "params": {"channel": "book.ETH-13MAR26.none.20.100ms", "data": {"timestamp": 1772206833103, "change_id": 111089232221, "instrument_name": "ETH-13MAR26", "bids": [[1945.25, 3328.0], [1945.0, 11136.0], [1937.75, 7745.0], [1937.5, 26757.0], [1936.75, 19292.0], [1930.75, 206.0], [1929.5, 5051.0], [1929.25, 81358.0], [1924.0, 29105.0], [1922.25, 29521.0], [1921.0, 14846.0], [1920.25, 30500.0], [1919.5, 29344.0], [1913.5, 41176.0], [1913.25, 19750.0], [1903.25, 9731.0], [1886.0, 7124.0]], "asks": [[1946.25, 5051.0], [1948.5, 21745.0], [1953.0, 20405.0], [1953.25, 5084.0], [1953.5, 1271.0], [1959.25, 8.0], [1961.0, 206.0], [1961.75, 4906.0], [1963.25, 15111.0], [1965.5, 81354.0], [1967.0, 29420.0], [1967.75, 59902.0], [1968.25, 30092.0], [1972.25, 20170.0], [1973.25, 9.0], [1974.0, 20241.0], [1980.75, 19896.0], [1987.0, 11.0], [1997.5, 10092.0], [2001.0, 11.0]]}}}
{"jsonrpc": "2.0", "method": "subscription", "params": {"channel": "book.ETH-6MAR26.none.20.100ms", "data": {"timestamp": 1772206833100, "change_id": 111089232218, "instrument_name": "ETH-6MAR26", "bids": [[1944.5, 2627.0], [1944.25, 8000.0], [1944.0, 4329.0], [1942.5, 2179.0], [1942.25, 7301.0], [1938.5, 66.0], [1938.25, 19292.0], [1936.5, 46355.0], [1933.25, 206.0], [1931.5, 40000.0], [1929.5, 20339.0], [1928.25, 40000.0], [1925.75, 19818.0], [1925.25, 39472.0], [1924.25, 120370.0], [1923.0, 59398.0], [1921.5, 60738.0], [1918.75, 40380.0], [1917.0, 39416.0], [1908.5, 39024.0]], "asks": [[1945.25, 4329.0], [1945.5, 625.0], [1945.75, 299.0], [1946.0, 1000.0], [1947.0, 2162.0], [1947.25, 7244.0], [1947.5, 76.0], [1949.5, 6686.0], [1949.75, 21745.0], [1952.75, 66.0], [1953.0, 40000.0], [1956.0, 40000.0], [1958.5, 41271.0], [1959.25, 5084.0], [1960.25, 19844.0], [1960.5, 20337.0], [1963.0, 19542.0], [1963.5, 40678.0], [1964.5, 40732.0], [1965.75, 59586.0]]}}}
{"jsonrpc": "2.0", "method": "subscription", "params": {"channel": "book.ETH-13MAR26.none.20.100ms", "data": {"timestamp": 1772206833314, "change_id": 111089232390, "instrument_name": "ETH-13MAR26", "bids": [[1945.25, 3328.0], [1945.0, 11136.0], [1937.75, 7745.0], [1937.5, 26757.0], [1936.75, 19292.0], [1930.75, 206.0], [1929.5, 5051.0], [1929.25, 81358.0], [1924.0, 29105.0], [1922.25, 29521.0], [1921.0, 14846.0], [1920.25, 30500.0], [1919.5, 29344.0], [1913.5, 41176.0], [1913.25, 19750.0], [1903.25, 9731.0], [1886.0, 7124.0]], "asks": [[1946.25, 5051.0], [1946.5, 6715.0], [1948.5, 21745.0], [1953.0, 20405.0], [1953.25, 5084.0], [1953.5, 1271.0], [1959.25, 8.0], [1961.0, 206.0], [1961.75, 4906.0], [1963.25, 15111.0], [1965.5, 81354.0], [1967.0, 29420.0], [1967.75, 59902.0], [1968.25, 30092.0], [1972.25, 20170.0], [1973.25, 9.0], [1974.0, 20241.0], [1980.75, 19896.0], [1987.0, 11.0], [1997.5, 10092.0]]}}}
{"jsonrpc": "2.0", "method": "subscription", "params": {"channel": "book.ETH-6MAR26.none.20.100ms", "data": {"timestamp": 1772206833276, "change_id": 111089232261, "instrument_name": "ETH-6MAR26", "bids": [[1944.5, 2627.0], [1944.25, 8000.0], [1944.0, 4329.0], [1942.5, 2179.0], [1942.25, 7301.0], [1938.5, 66.0], [1938.25, 19292.0], [1936.5, 46355.0], [1933.25, 206.0], [1931.5, 40000.0], [1929.5, 20339.0], [1928.25, 40000.0], [1925.75, 19818.0], [1925.25, 39472.0], [1924.25, 120370.0], [1923.0, 59398.0], [1921.5, 60738.0], [1918.75, 40380.0], [1917.0, 39416.0], [1908.5, 39024.0]], "asks": [[1945.25, 4329.0], [1945.5, 625.0], [1947.0, 2162.0], [1947.25, 7244.0], [1947.5, 76.0], [1949.5, 6686.0], [1949.75, 21745.0], [1952.75, 66.0], [1953.0, 40000.0], [1956.0, 40000.0], [1958.5, 41271.0], [1959.25, 5084.0], [1960.25, 19844.0], [1960.5, 20337.0], [1963.0, 19542.0], [1963.5, 40678.0], [1964.5, 40732.0], [1965.75, 59586.0], [1966.0, 206.0], [1966.25, 39168.0]]}}}
{"jsonrpc": "2.0", "method": "subscription", "params": {"channel": "book.ETH-13MAR26.none.20.100ms", "data": {"timestamp": 1772206833821, "change_id": 111089233692, "instrument_name": "ETH-13MAR26", "bids": [[1945.25, 625.0], [1945.0, 1321.0], [1944.75, 4426.0], [1937.75, 7745.0], [1937.5, 26757.0], [1936.75, 19292.0], [1930.75, 206.0], [1930.0, 5051.0], [1929.25, 81358.0], [1924.0, 29105.0], [1922.25, 29521.0], [1921.0, 14846.0], [1920.5, 20586.0], [1920.25, 30500.0], [1919.5, 29344.0], [1913.5, 20590.0], [1913.25, 19750.0], [1903.25, 9731.0]], "asks": [[1946.0, 5051.0], [1946.5, 6715.0], [1948.5, 21745.0], [1953.0, 20405.0], [1953.25, 5084.0], [1953.5, 1271.0], [1959.25, 8.0], [1961.0, 206.0], [1961.75, 4906.0], [1963.25, 15111.0], [1965.5, 81354.0], [1967.0, 29420.0], [1967.75, 59902.0], [1968.25, 30092.0], [1972.25, 20170.0], [1973.25, 9.0], [1974.0, 20241.0], [1980.75, 19896.0], [1987.0, 11.0], [1997.5, 10092.0]]}}}
{"jsonrpc": "2.0", "method": "subscription", "params": {"channel": "book.ETH-6MAR26.none.20.100ms", "data": {"timestamp": 1772206833720, "change_id": 111089233710, "instrument_name": "ETH-6MAR26", "bids": [[1944.5, 625.0], [1944.0, 1292.0], [1943.75, 4329.0], [1941.5, 7121.0], [1938.5, 5825.0], [1938.25, 19292.0], [1936.5, 46355.0], [1933.25, 206.0], [1931.5, 40000.0], [1929.5, 20339.0], [1928.25, 40000.0], [1925.75, 19818.0], [1925.25, 39472.0], [1924.25, 120370.0], [1923.0, 59398.0], [1921.5, 60738.0], [1918.75, 40380.0], [1917.0, 39416.0], [1908.5, 39024.0], [1908.0, 19240.0]], "asks": [[1945.0, 4329.0], [1945.25, 625.0], [1947.0, 2162.0], [1947.25, 7244.0], [1947.5, 76.0], [1949.5, 6686.0], [1949.75, 21745.0], [1952.75, 66.0], [1953.0, 40000.0], [1956.0, 40000.0], [1958.5, 41271.0], [1959.25, 5084.0], [1960.25, 19844.0], [1960.5, 20337.0], [1963.0, 19542.0], [1963.5, 40678.0], [1964.5, 40732.0], [1965.75, 59586.0], [1966.0, 206.0], [1966.25, 39168.0]]}}}
{"jsonrpc": "2.0", "method": "subscription", "params": {"channel": "book.ETH-6MAR26.none.20.100ms", "data": {"timestamp": 1772206834015, "change_id": 111089233897, "instrument_name": "ETH-6MAR26", "bids": [[1944.5, 625.0], [1944.0, 1292.0], [1943.75, 4329.0], [1942.5, 7095.0], [1938.5, 66.0], [1938.25, 19292.0], [1936.5, 46355.0], [1933.25, 206.0], [1931.5, 40000.0], [1929.5, 20339.0], [1928.25, 40000.0], [1925.75, 19818.0], [1925.25, 39472.0], [1924.25, 120370.0], [1923.0, 59398.0], [1921.5, 60738.0], [1918.75, 40380.0], [1917.0, 39416.0], [1908.5, 39024.0], [1908.0, 19240.0]], "asks": [[1945.25, 4954.0], [1947.0, 2162.0], [1947.25, 7244.0], [1947.5, 76.0], [1949.5, 6686.0], [1949.75, 21745.0], [1952.75, 66.0], [1953.0, 40000.0], [1956.0, 40000.0], [1958.5, 41271.0], [1959.25, 5084.0], [1960.25, 19844.0], [1960.5, 20337.0], [1963.0, 19542.0], [1963.5, 40678.0], [1964.5, 40732.0], [1965.75, 59586.0], [1966.0, 206.0], [1966.25, 39168.0], [1967.5, 60678.0]]}}}
{"jsonrpc": "2.0", "method": "subscription", "params": {"channel": "book.ETH-13MAR26.none.20.100ms", "data": {"timestamp": 1772206834014, "change_id": 111089233896, "instrument_name": "ETH-13MAR26", "bids": [[1945.25, 625.0], [1945.0, 1321.0], [1944.75, 4426.0], [1937.75, 7745.0], [1937.5, 26757.0], [1936.75, 19292.0], [1930.75, 206.0], [1930.0, 5051.0], [1929.25, 81358.0], [1924.0, 29105.0], [1922.25, 29521.0], [1921.0, 14846.0], [1920.5, 20586.0], [1920.25, 30500.0], [1919.5, 29344.0], [1913.5, 20590.0], [1913.25, 19750.0], [1903.25, 9731.0], [1885.5, 7051.0]], "asks": [[1946.0, 625.0], [1946.25, 4426.0], [1946.5, 6715.0], [1948.5, 21745.0], [1953.0, 20405.0], [1953.25, 5084.0], [1953.5, 1271.0], [1959.25, 8.0], [1961.0, 206.0], [1961.75, 4906.0], [1963.25, 15111.0], [1965.5, 81354.0], [1967.0, 29420.0], [1967.75, 59902.0], [1968.25, 30092.0], [1972.25, 20170.0], [1973.25, 9.0], [1974.0, 20241.0], [1980.75, 19896.0], [1987.0, 11.0]]}}}
{"jsonrpc": "2.0", "method": "subscription", "params": {"channel": "book.ETH-13MAR26.none.20.100ms", "data": {"timestamp": 1772206834514, "change_id": 111089234309, "instrument_name": "ETH-13MAR26", "bids": [[1945.25, 625.0], [1945.0, 8031.0], [1944.75, 4426.0], [1937.75, 7745.0], [1937.5, 26757.0], [1936.75, 19292.0], [1930.75, 206.0], [1930.0, 5051.0], [1929.25, 81358.0], [1924.0, 29105.0], [1922.25, 29521.0], [1921.0, 14846.0], [1920.5, 20586.0], [1920.25, 30500.0], [1919.5, 29344.0], [1913.5, 20590.0], [1913.25, 19750.0], [1903.25, 9731.0], [1885.5, 7051.0]], "asks": [[1946.0, 625.0], [1946.25, 4426.0], [1946.5, 7715.0], [1948.5, 21745.0], [1953.0, 20405.0], [1953.25, 5084.0], [1953.5, 1271.0], [1959.25, 8.0], [1961.0, 206.0], [1961.75, 4906.0], [1963.25, 15111.0], [1965.5, 81354.0], [1967.0, 29420.0], [1967.75, 59902.0], [1968.25, 30092.0], [1972.25, 20170.0], [1973.25, 9.0], [1974.0, 20241.0], [1980.75, 19896.0], [1987.0, 11.0]]}}}
{"jsonrpc": "2.0", "method": "subscription", "params": {"channel": "book.ETH-6MAR26.none.20.100ms", "data": {"timestamp": 1772206834385, "change_id": 111089234244, "instrument_name": "ETH-6MAR26", "bids": [[1944.5, 625.0], [1944.25, 6707.0], [1944.0, 1292.0], [1943.75, 4329.0], [1942.5, 7095.0], [1938.5, 66.0], [1938.25, 19292.0], [1936.5, 46355.0], [1933.25, 206.0], [1931.5, 40000.0], [1929.5, 20339.0], [1928.25, 40000.0], [1925.75, 19818.0], [1925.25, 39472.0], [1924.25, 120370.0], [1923.0, 59398.0], [1921.5, 60738.0], [1918.75, 40380.0], [1917.0, 39416.0], [1908.5, 39024.0]], "asks": [[1945.25, 4954.0], [1945.5, 299.0], [1945.75, 1000.0], [1947.0, 2162.0], [1947.25, 7244.0], [1947.5, 76.0], [1949.5, 6686.0], [1949.75, 21745.0], [1952.75, 66.0], [1953.0, 40000.0], [1956.0, 40000.0], [1958.5, 41271.0], [1959.25, 5084.0], [1960.25, 19844.0], [1960.5, 20337.0], [1963.0, 19542.0], [1963.5, 40678.0], [1964.5, 40732.0], [1965.75, 59586.0], [1966.0, 206.0]]}}}
{"jsonrpc": "2.0", "method": "subscription", "params": {"channel": "book.ETH-13MAR26.none.20.100ms", "data": {"timestamp": 1772206834602, "change_id": 111089234458, "instrument_name": "ETH-13MAR26", "bids": [[1945.25, 625.0], [1945.0, 1321.0], [1944.75, 4426.0], [1937.75, 7745.0], [1937.5, 26757.0], [1936.75, 19292.0], [1930.75, 206.0], [1929.5, 5051.0], [1929.25, 81358.0], [1924.0, 29105.0], [1922.25, 29521.0], [1921.0, 14846.0], [1920.5, 20586.0], [1920.25, 30500.0], [1919.5, 29344.0], [1913.5, 20590.0], [1913.25, 19750.0], [1903.25, 9731.0], [1885.5, 7051.0]], "asks": [[1946.0, 625.0], [1946.25, 4426.0], [1946.5, 7715.0], [1948.5, 21745.0], [1953.0, 20405.0], [1953.25, 5084.0], [1953.5, 1271.0], [1959.25, 8.0], [1961.0, 206.0], [1961.75, 4906.0], [1963.25, 15111.0], [1965.5, 81354.0], [1967.0, 29420.0], [1967.75, 59902.0], [1968.25, 30092.0], [1972.25, 20170.0], [1973.25, 9.0], [1974.0, 20241.0], [1980.75, 19896.0], [1987.0, 11.0]]}}}
{"jsonrpc": "2.0", "method": "subscription", "params": {"channel": "book.ETH-6MAR26.none.20.100ms", "data": {"timestamp": 1772206834810, "change_id": 111089234995, "instrument_name": "ETH-6MAR26", "bids": [[1944.5, 625.0], [1944.0, 1292.0], [1943.75, 4329.0], [1941.25, 2117.0], [1941.0, 7091.0], [1938.5, 66.0], [1938.25, 19292.0], [1936.5, 46355.0], [1933.25, 206.0], [1931.5, 40000.0], [1929.5, 20339.0], [1928.25, 40000.0], [1925.75, 19818.0], [1925.25, 39472.0], [1924.25, 120370.0], [1923.0, 59398.0], [1921.5, 60738.0], [1918.75, 40380.0], [1917.0, 39416.0], [1908.5, 39024.0]], "asks": [[1945.0, 1038.0], [1945.25, 5862.0], [1945.5, 7010.0], [1945.75, 1000.0], [1947.0, 2162.0], [1947.25, 7244.0], [1947.5, 76.0], [1949.5, 6686.0], [1949.75, 21745.0], [1952.75, 66.0], [1953.0, 40000.0], [1956.0, 40000.0], [1958.5, 41271.0], [1959.25, 5084.0], [1960.25, 19844.0], [1960.5, 20337.0], [1963.0, 19542.0], [1963.5, 40678.0], [1964.5, 40732.0], [1965.75, 59586.0]]}}}
{"jsonrpc": "2.0", "method": "subscription", "params": {"channel": "book.ETH-6MAR26.none.20.100ms", "data": {"timestamp": 1772206834929, "change_id": 111089235252, "instrument_name": "ETH-6MAR26", "bids": [[1944.5, 625.0], [1944.0, 1292.0], [1943.75, 4329.0], [1942.5, 2121.0], [1942.25, 7104.0], [1938.5, 66.0], [1938.25, 19292.0], [1936.5, 46355.0], [1933.25, 206.0], [1931.5, 40000.0], [1929.5, 20339.0], [1928.25, 40000.0], [1925.75, 19818.0], [1925.25, 39472.0], [1924.25, 120370.0], [1923.0, 59398.0], [1921.5, 60738.0], [1918.75, 40380.0], [1917.0, 39416.0], [1908.5, 39024.0]], "asks": [[1945.0, 1038.0], [1945.25, 5862.0], [1945.5, 7010.0], [1945.75, 1000.0], [1947.0, 2162.0], [1947.25, 7244.0], [1947.5, 76.0], [1949.5, 6686.0], [1949.75, 21745.0], [1952.75, 66.0], [1953.0, 40000.0], [1956.0, 40000.0], [1958.5, 41271.0], [1959.25, 5084.0], [1960.25, 19844.0], [1960.5, 20337.0], [1963.0, 19542.0], [1963.5, 40678.0], [1964.5, 40732.0], [1965.75, 59586.0]]}}}
{"jsonrpc": "2.0", "method": "subscription", "params": {"channel": "book.ETH-13MAR26.none.20.100ms", "data": {"timestamp": 1772206835372, "change_id": 111089236766, "instrument_name": "ETH-13MAR26", "bids": [[1944.5, 1321.0], [1944.25, 4426.0], [1937.75, 7990.0], [1937.5, 26757.0], [1936.75, 19292.0], [1930.75, 206.0], [1929.25, 81358.0], [1922.5, 34156.0], [1922.25, 29521.0], [1921.0, 14846.0], [1920.5, 20586.0], [1920.25, 30500.0], [1919.5, 29344.0], [1913.5, 20590.0], [1913.25, 19750.0], [1903.25, 9731.0], [1885.5, 7051.0]], "asks": [[1945.5, 4426.0], [1945.75, 625.0], [1948.5, 21745.0], [1953.0, 20405.0], [1953.25, 5084.0], [1953.5, 1271.0], [1959.25, 8.0], [1961.0, 206.0], [1961.75, 4906.0], [1963.25, 15111.0], [1965.5, 81354.0], [1967.0, 29420.0], [1967.75, 59902.0], [1968.25, 30092.0], [1972.25, 20170.0], [1973.25, 9.0], [1974.0, 20241.0], [1980.75, 19896.0], [1987.0, 11.0], [1997.5, 10092.0]]}}}
{"jsonrpc": "2.0", "method": "subscription", "params": {"channel": "book.ETH-6MAR26.none.20.100ms", "data": {"timestamp": 1772206835404, "change_id": 111089236653, "instrument_name": "ETH-6MAR26", "bids": [[1943.5, 1292.0], [1943.25, 4329.0], [1941.25, 2104.0], [1941.0, 7048.0], [1938.5, 5825.0], [1938.25, 19292.0], [1936.5, 46355.0], [1933.25, 206.0], [1931.5, 40000.0], [1929.5, 20339.0], [1928.25, 40000.0], [1926.0, 19528.0], [1925.75, 19818.0], [1925.25, 39472.0], [1924.25, 120370.0], [1923.0, 59398.0], [1921.5, 60738.0], [1918.75, 40380.0], [1917.0, 39416.0], [1908.5, 39024.0]], "asks": [[1944.5, 4329.0], [1945.0, 924.0], [1945.25, 2887.0], [1945.5, 7010.0], [1947.0, 2162.0], [1947.25, 7244.0], [1947.5, 76.0], [1949.5, 6686.0], [1949.75, 21745.0], [1952.75, 66.0], [1953.0, 40000.0], [1956.0, 40000.0], [1958.5, 41271.0], [1959.25, 5084.0], [1960.25, 19844.0], [1960.5, 20337.0], [1963.0, 19542.0], [1963.5, 40678.0], [1964.5, 40732.0], [1965.75, 59586.0]]}}}
{"jsonrpc": "2.0", "method": "subscription", "params": {"channel": "book.ETH-13MAR26.none.20.100ms", "data": {"timestamp": 1772206835835, "change_id": 111089237499, "instrument_name": "ETH-13MAR26", "bids": [[1944.5, 1946.0], [1944.25, 4426.0], [1937.75, 7990.0], [1937.5, 26757.0], [1936.75, 19292.0], [1930.75, 206.0], [1929.25, 81358.0], [1922.5, 34156.0], [1922.25, 29521.0], [1921.0, 14846.0], [1920.5, 20586.0], [1920.25, 30500.0], [1919.5, 29344.0], [1913.5, 20590.0], [1913.25, 19750.0], [1903.25, 9731.0], [1885.5, 7051.0]], "asks": [[1945.5, 5051.0], [1948.5, 21745.0], [1953.0, 20405.0], [1953.25, 5084.0], [1953.5, 1271.0], [1959.25, 8.0], [1961.0, 206.0], [1961.75, 4906.0], [1963.25, 15111.0], [1965.5, 81354.0], [1967.0, 29420.0], [1967.75, 59902.0], [1968.25, 30092.0], [1972.25, 20170.0], [1973.25, 9.0], [1974.0, 20241.0], [1980.75, 19896.0], [1987.0, 11.0], [1997.5, 10092.0], [2001.0, 11.0]]}}}
{"jsonrpc": "2.0", "method": "subscription", "params": {"channel": "book.ETH-6MAR26.none.20.100ms", "data": {"timestamp": 1772206835835, "change_id": 111089237542, "instrument_name": "ETH-6MAR26", "bids": [[1943.75, 625.0], [1943.5, 1292.0], [1943.25, 4329.0], [1941.25, 2104.0], [1941.0, 7048.0], [1938.5, 5825.0], [1938.25, 19292.0], [1936.5, 46355.0], [1933.25, 206.0], [1931.5, 40000.0], [1929.5, 20339.0], [1928.25, 40000.0], [1925.75, 19818.0], [1925.25, 39472.0], [1924.25, 120370.0], [1923.0, 59398.0], [1921.5, 60738.0], [1918.75, 40380.0], [1917.0, 39416.0], [1908.5, 39024.0]], "asks": [[1944.5, 4329.0], [1944.75, 625.0], [1945.0, 299.0], [1945.25, 1000.0], [1947.0, 2162.0], [1947.25, 7244.0], [1947.5, 76.0], [1949.5, 6686.0], [1949.75, 21745.0], [1952.75, 66.0], [1953.0, 40000.0], [1956.0, 40000.0], [1958.5, 41271.0], [1959.25, 5084.0], [1960.25, 19844.0], [1960.5, 20337.0], [1963.0, 19542.0], [1963.5, 40678.0], [1964.5, 40732.0], [1965.75, 59586.0]]}}}
{"jsonrpc": "2.0", "method": "subscription", "params": {"channel": "book.ETH-13MAR26.none.20.100ms", "data": {"timestamp": 1772206836161, "change_id": 111089238497, "instrument_name": "ETH-13MAR26", "bids": [[1944.5, 625.0], [1944.25, 1321.0], [1944.0, 4426.0], [1937.75, 1919.0], [1937.5, 6418.0], [1936.75, 39631.0], [1930.75, 206.0], [1929.25, 81358.0], [1923.0, 5051.0], [1922.5, 29105.0], [1922.25, 29521.0], [1921.0, 14846.0], [1920.5, 20586.0], [1920.25, 30500.0], [1919.5, 29344.0], [1913.5, 20590.0], [1913.25, 19750.0], [1903.25, 9731.0], [1885.5, 7051.0]], "asks": [[1945.25, 5051.0], [1948.5, 21745.0], [1953.0, 20405.0], [1953.25, 5084.0], [1953.5, 1271.0], [1959.25, 8.0], [1961.0, 206.0], [1961.75, 4906.0], [1963.25, 15111.0], [1965.5, 81354.0], [1967.0, 29420.0], [1967.75, 59902.0], [1968.25, 30092.0], [1972.25, 20170.0], [1973.25, 9.0], [1974.0, 20241.0], [1980.75, 19896.0], [1987.0, 11.0], [1997.5, 10092.0], [2001.0, 11.0]]}}}
{"jsonrpc": "2.0", "method": "subscription", "params": {"channel": "book.ETH-6MAR26.none.20.100ms", "data": {"timestamp": 1772206836151, "change_id": 111089238465, "instrument_name": "ETH-6MAR26", "bids": [[1943.25, 1917.0], [1943.0, 4329.0], [1941.25, 2104.0], [1941.0, 7048.0], [1938.5, 5825.0], [1938.25, 19292.0], [1936.5, 46355.0], [1933.25, 206.0], [1931.5, 40000.0], [1929.5, 20339.0], [1928.25, 40000.0], [1926.0, 19528.0], [1925.75, 19818.0], [1925.25, 39472.0], [1924.25, 120370.0], [1923.0, 59398.0], [1921.5, 60738.0], [1918.75, 40380.0], [1917.0, 39416.0], [1908.5, 39024.0]], "asks": [[1944.25, 4329.0], [1944.5, 625.0], [1945.0, 299.0], [1945.25, 1000.0], [1947.0, 2162.0], [1947.25, 7244.0], [1947.5, 76.0], [1949.5, 6686.0], [1949.75, 21745.0], [1952.75, 66.0], [1953.0, 40000.0], [1956.0, 40000.0], [1958.5, 41271.0], [1959.25, 5084.0], [1960.25, 19844.0], [1960.5, 20337.0], [1963.0, 19542.0], [1963.5, 40678.0], [1964.5, 40732.0], [1965.75, 59586.0]]}}}
{"jsonrpc": "2.0", "method": "subscription", "params": {"channel": "book.ETH-13MAR26.none.20.100ms", "data": {"timestamp": 1772206836380, "change_id": 111089240026, "instrument_name": "ETH-13MAR26", "bids": [[1944.0, 1946.0], [1943.75, 4426.0], [1937.75, 1919.0], [1937.5, 6418.0], [1936.75, 39631.0], [1930.75, 206.0], [1929.25, 81358.0], [1922.5, 29105.0], [1922.25, 29521.0], [1921.0, 14846.0], [1920.5, 20586.0], [1920.25, 30500.0], [1919.5, 29344.0], [1913.5, 20590.0], [1913.25, 19750.0], [1903.25, 9731.0], [1885.5, 7051.0]], "asks": [[1945.0, 5051.0], [1945.5, 1000.0], [1945.75, 6712.0], [1948.5, 21745.0], [1953.0, 20405.0], [1953.25, 5084.0], [1953.5, 1271.0], [1959.25, 8.0], [1961.0, 206.0], [1961.75, 4906.0], [1963.25, 15111.0], [1965.5, 81354.0], [1967.0, 29420.0], [1967.75, 59902.0], [1968.25, 30092.0], [1972.25, 20170.0], [1973.25, 9.0], [1974.0, 20241.0], [1980.75, 19896.0], [1987.0, 11.0]]}}}
{"jsonrpc": "2.0", "method": "subscription", "params": {"channel": "book.ETH-6MAR26.none.20.100ms", "data": {"timestamp": 1772206836359, "change_id": 111089240157, "instrument_name": "ETH-6MAR26", "bids": [[1943.25, 625.0], [1943.0, 1292.0], [1942.75, 4329.0], [1940.25, 2135.0], [1940.0, 7152.0], [1938.5, 5825.0], [1938.25, 19292.0], [1936.5, 46355.0], [1933.25, 206.0], [1931.5, 40000.0], [1929.5, 20339.0], [1928.25, 40000.0], [1925.75, 19818.0], [1925.25, 39472.0], [1924.25, 120370.0], [1923.25, 19528.0], [1923.0, 59398.0], [1921.5, 60738.0], [1918.75, 40380.0], [1917.0, 39416.0]], "asks": [[1944.0, 4329.0], [1944.25, 625.0], [1946.0, 2169.0], [1946.25, 7266.0], [1947.5, 76.0], [1949.5, 6686.0], [1949.75, 21745.0], [1951.25, 40000.0], [1952.75, 66.0], [1953.0, 40000.0], [1958.5, 41271.0], [1959.25, 5084.0], [1960.25, 19844.0], [1960.5, 20337.0], [1963.0, 19542.0], [1963.5, 40678.0], [1964.5, 40732.0], [1965.75, 59586.0], [1966.0, 206.0], [1966.25, 39168.0]]}}}
{"jsonrpc": "2.0", "method": "subscription", "params": {"channel": "book.ETH-13MAR26.none.20.100ms", "data": {"timestamp": 1772206836778, "change_id": 111089241052, "instrument_name": "ETH-13MAR26", "bids": [[1944.0, 2624.0], [1943.75, 7264.0], [1937.75, 3.0], [1937.5, 63.0], [1936.75, 39631.0], [1936.0, 6355.0], [1930.75, 206.0], [1929.25, 81358.0], [1922.5, 29105.0], [1922.25, 29521.0], [1921.0, 14846.0], [1920.5, 20586.0], [1920.25, 30500.0], [1919.5, 29344.0], [1913.5, 20590.0], [1913.25, 19750.0], [1903.25, 9731.0], [1885.5, 7051.0]], "asks": [[1945.0, 625.0], [1945.25, 4426.0], [1945.5, 1000.0], [1948.5, 21745.0], [1953.0, 20405.0], [1953.25, 5084.0], [1953.5, 1271.0], [1959.25, 8.0], [1961.0, 206.0], [1961.75, 4906.0], [1963.25, 15111.0], [1965.5, 81354.0], [1967.0, 29420.0], [1967.75, 59902.0], [1968.25, 30092.0], [1972.25, 20170.0], [1973.25, 9.0], [1974.0, 20241.0], [1980.75, 19896.0], [1987.0, 11.0]]}}}
{"jsonrpc": "2.0", "method": "subscription", "params": {"channel": "book.ETH-6MAR26.none.20.100ms", "data": {"timestamp": 1772206836731, "change_id": 111089240860, "instrument_name": "ETH-6MAR26", "bids": [[1943.25, 3516.0], [1943.0, 12324.0], [1941.5, 2199.0], [1941.25, 7366.0], [1938.5, 5825.0], [1938.25, 19292.0], [1936.5, 46355.0], [1933.25, 206.0], [1931.5, 40000.0], [1929.5, 20339.0], [1928.25, 40000.0], [1925.75, 19818.0], [1925.25, 39472.0], [1924.25, 120370.0], [1923.25, 19528.0], [1923.0, 59398.0], [1921.5, 60738.0], [1918.75, 40380.0], [1917.0, 39416.0], [1908.5, 39024.0]], "asks": [[1944.0, 4329.0], [1944.25, 625.0], [1946.0, 2169.0], [1946.25, 7266.0], [1947.5, 76.0], [1949.5, 6686.0], [1949.75, 21745.0], [1951.25, 40000.0], [1952.75, 66.0], [1953.0, 40000.0], [1958.5, 41271.0], [1959.25, 5084.0], [1960.25, 19844.0], [1960.5, 20337.0], [1963.0, 19542.0], [1963.5, 40678.0], [1964.5, 40732.0], [1965.75, 59586.0], [1966.0, 206.0], [1966.25, 39168.0]]}}}
{"jsonrpc": "2.0", "method": "subscription", "params": {"channel": "book.ETH-6MAR26.none.20.100ms", "data": {"timestamp": 1772206837092, "change_id": 111089241408, "instrument_name": "ETH-6MAR26", "bids": [[1943.25, 3516.0], [1943.0, 12324.0], [1941.5, 2199.0], [1941.25, 7366.0], [1938.5, 5825.0], [1938.25, 19292.0], [1936.5, 46355.0], [1931.5, 40000.0], [1929.5, 20339.0], [1928.25, 40000.0], [1926.0, 206.0], [1925.75, 19818.0], [1925.25, 39472.0], [1924.25, 120370.0], [1923.25, 19528.0], [1923.0, 59398.0], [1921.5, 60738.0], [1918.75, 40380.0], [1917.0, 39416.0], [1908.5, 39024.0]], "asks": [[1944.0, 4329.0], [1944.25, 625.0], [1946.0, 2169.0], [1946.25, 7266.0], [1947.5, 76.0], [1949.5, 6686.0], [1949.75, 21745.0], [1951.25, 40000.0], [1952.75, 66.0], [1953.0, 40000.0], [1958.5, 41271.0], [1959.25, 5084.0], [1960.25, 19844.0], [1960.5, 20337.0], [1963.0, 19542.0], [1963.5, 40678.0], [1964.5, 40732.0], [1965.75, 59586.0], [1966.0, 206.0], [1966.25, 39168.0]]}}}
{"jsonrpc": "2.0", "method": "subscription", "params": {"channel": "book.ETH-13MAR26.none.20.100ms", "data": {"timestamp": 1772206837057, "change_id": 111089241385, "instrument_name": "ETH-13MAR26", "bids": [[1944.0, 1946.0], [1943.75, 4426.0], [1937.75, 3.0], [1937.5, 63.0], [1936.75, 19292.0], [1936.0, 6355.0], [1935.5, 20339.0], [1930.75, 206.0], [1929.25, 81358.0], [1922.5, 29105.0], [1922.25, 29521.0], [1921.0, 14846.0], [1920.5, 20586.0], [1920.25, 30500.0], [1919.5, 29344.0], [1913.5, 20590.0], [1913.25, 19750.0], [1903.25, 9731.0], [1885.5, 7051.0]], "asks": [[1945.0, 625.0], [1945.25, 4426.0], [1945.5, 1000.0], [1948.5, 21745.0], [1953.0, 20405.0], [1953.25, 5084.0], [1953.5, 1271.0], [1959.25, 8.0], [1961.0, 206.0], [1961.75, 4906.0], [1963.25, 15111.0], [1965.5, 81354.0], [1967.0, 29420.0], [1967.75, 59902.0], [1968.25, 30092.0], [1972.25, 20170.0], [1973.25, 9.0], [1974.0, 20241.0], [1980.75, 19896.0], [1987.0, 11.0]]}}}
{"jsonrpc": "2.0", "method": "subscription", "params": {"channel": "book.ETH-13MAR26.none.20.100ms", "data": {"timestamp": 1772206837488, "change_id": 111089242207, "instrument_name": "ETH-13MAR26", "bids": [[1944.0, 1946.0], [1943.75, 4426.0], [1937.75, 3.0], [1937.5, 63.0], [1936.75, 19292.0], [1936.0, 6355.0], [1935.5, 20339.0], [1930.75, 206.0], [1929.25, 81358.0], [1922.75, 5051.0], [1922.5, 29105.0], [1922.25, 29521.0], [1921.0, 14846.0], [1920.5, 20586.0], [1920.25, 30500.0], [1919.5, 29344.0], [1913.5, 20590.0], [1913.25, 19750.0], [1903.25, 9731.0], [1885.5, 7051.0]], "asks": [[1945.0, 5051.0], [1945.5, 1000.0], [1948.5, 21745.0], [1953.0, 20405.0], [1953.25, 5084.0], [1953.5, 1271.0], [1959.25, 8.0], [1961.0, 206.0], [1961.75, 4906.0], [1963.25, 15111.0], [1965.5, 81354.0], [1967.0, 29420.0], [1967.75, 59902.0], [1968.25, 30092.0], [1972.25, 20170.0], [1973.25, 9.0], [1974.0, 20241.0], [1980.75, 19896.0], [1987.0, 11.0], [1997.5, 10092.0]]}}}
{"jsonrpc": "2.0", "method": "subscription", "params": {"channel": "book.ETH-6MAR26.none.20.100ms", "data": {"timestamp": 1772206837470, "change_id": 111089242125, "instrument_name": "ETH-6MAR26", "bids": [[1943.25, 625.0], [1943.0, 1292.0], [1942.75, 4329.0], [1940.25, 2213.0], [1940.0, 7413.0], [1938.5, 5825.0], [1938.25, 19292.0], [1936.5, 46355.0], [1931.5, 40000.0], [1929.5, 20339.0], [1928.25, 40000.0], [1926.0, 206.0], [1925.75, 19818.0], [1925.25, 39472.0], [1924.25, 120370.0], [1923.25, 19528.0], [1923.0, 59398.0], [1921.5, 60738.0], [1918.75, 40380.0], [1917.0, 39416.0]], "asks": [[1944.0, 4329.0], [1944.25, 625.0], [1946.0, 2169.0], [1946.25, 7266.0], [1947.5, 76.0], [1949.5, 6686.0], [1949.75, 21745.0], [1951.25, 40000.0], [1952.75, 66.0], [1953.0, 40000.0], [1958.5, 41271.0], [1959.25, 5084.0], [1960.25, 19844.0], [1960.5, 20337.0], [1963.0, 19542.0], [1963.5, 40678.0], [1964.5, 40732.0], [1965.75, 59586.0], [1966.0, 206.0], [1966.25, 39168.0]]}}}
{"jsonrpc": "2.0", "method": "subscription", "params": {"channel": "book.ETH-13MAR26.none.20.100ms", "data": {"timestamp": 1772206837700, "change_id": 111089242663, "instrument_name": "ETH-13MAR26", "bids": [[1944.0, 1946.0], [1943.75, 4426.0], [1937.75, 3.0], [1937.5, 63.0], [1936.75, 19292.0], [1936.0, 1271.0], [1934.75, 25423.0], [1930.75, 206.0], [1929.25, 81358.0], [1922.75, 5051.0], [1922.5, 29105.0], [1922.25, 29521.0], [1921.0, 14846.0], [1920.5, 20586.0], [1920.25, 30500.0], [1919.5, 29344.0], [1913.5, 20590.0], [1913.25, 19750.0], [1903.25, 9731.0], [1885.5, 7051.0]], "asks": [[1945.0, 5051.0], [1945.5, 1000.0], [1948.5, 21745.0], [1953.0, 20405.0], [1953.25, 5084.0], [1953.5, 1271.0], [1959.25, 8.0], [1961.0, 206.0], [1961.75, 4906.0], [1963.25, 15111.0], [1965.5, 81354.0], [1967.0, 29420.0], [1967.75, 59902.0], [1968.25, 30092.0], [1972.25, 20170.0], [1973.25, 9.0], [1974.0, 20241.0], [1980.75, 19896.0], [1987.0, 11.0], [1997.5, 10092.0]]}}}
{"jsonrpc": "2.0", "method": "subscription", "params": {"channel": "book.ETH-6MAR26.none.20.100ms", "data": {"timestamp": 1772206837729, "change_id": 111089242857, "instrument_name": "ETH-6MAR26", "bids": [[1943.25, 625.0], [1943.0, 1292.0], [1942.75, 4329.0], [1941.5, 2110.0], [1941.25, 7068.0], [1938.5, 5825.0], [1938.25, 19292.0], [1936.5, 46355.0], [1931.5, 40000.0], [1929.5, 20339.0], [1928.25, 40000.0], [1926.0, 206.0], [1925.75, 19818.0], [1925.25, 39472.0], [1924.25, 120370.0], [1923.25, 19528.0], [1923.0, 59398.0], [1921.5, 60738.0], [1918.75, 40380.0], [1917.0, 39416.0]], "asks": [[1944.0, 4329.0], [1944.25, 625.0], [1946.0, 2169.0], [1946.25, 7266.0], [1947.5, 76.0], [1949.5, 6686.0], [1949.75, 21745.0], [1951.25, 40000.0], [1952.75, 66.0], [1953.0, 40000.0], [1958.5, 41271.0], [1959.25, 5084.0], [1960.25, 19844.0], [1960.5, 20337.0], [1963.0, 19542.0], [1963.5, 40678.0], [1964.5, 40732.0], [1965.75, 59586.0], [1966.0, 206.0], [1966.25, 39168.0]]}}}
{"jsonrpc": "2.0", "method": "subscription", "params": {"channel": "book.ETH-13MAR26.none.20.100ms", "data": {"timestamp": 1772206838149, "change_id": 111089243834, "instrument_name": "ETH-13MAR26", "bids": [[1944.0, 3086.0], [1943.75, 11132.0], [1937.75, 3.0], [1937.5, 63.0], [1936.75, 19292.0], [1934.75, 25423.0], [1934.25, 1271.0], [1930.75, 206.0], [1923.5, 81359.0], [1922.75, 5051.0], [1922.5, 29105.0], [1922.25, 29521.0], [1921.0, 14846.0], [1920.5, 20586.0], [1920.25, 30500.0], [1919.5, 29344.0], [1913.5, 20590.0], [1913.25, 19750.0], [1903.25, 9731.0], [1885.5, 7051.0]], "asks": [[1945.0, 625.0], [1945.25, 4426.0], [1945.5, 1000.0], [1948.5, 21745.0], [1953.0, 20405.0], [1953.25, 5084.0], [1953.5, 1271.0], [1959.25, 8.0], [1961.0, 206.0], [1961.75, 4906.0], [1963.25, 15111.0], [1965.5, 81354.0], [1967.0, 29420.0], [1967.75, 59902.0], [1968.25, 30092.0], [1972.25, 20170.0], [1973.25, 9.0], [1974.0, 20241.0], [1980.75, 19896.0], [1987.0, 11.0]]}}}
{"jsonrpc": "2.0", "method": "subscription", "params": {"channel": "book.ETH-6MAR26.none.20.100ms", "data": {"timestamp": 1772206838151, "change_id": 111089243839, "instrument_name": "ETH-6MAR26", "bids": [[1943.25, 3193.0], [1943.0, 12324.0], [1941.5, 2110.0], [1941.25, 7068.0], [1938.5, 5825.0], [1938.25, 19292.0], [1936.5, 46355.0], [1931.5, 40000.0], [1929.5, 20339.0], [1928.25, 40000.0], [1926.0, 206.0], [1925.75, 19818.0], [1925.25, 39472.0], [1924.25, 120370.0], [1923.25, 19528.0], [1923.0, 59398.0], [1921.5, 60738.0], [1918.75, 40380.0], [1917.0, 39416.0], [1908.5, 39024.0]], "asks": [[1944.0, 4329.0], [1944.25, 625.0], [1946.0, 2169.0], [1946.25, 7266.0], [1947.5, 76.0], [1949.5, 6686.0], [1949.75, 21745.0], [1951.25, 40000.0], [1952.75, 66.0], [1955.5, 40000.0], [1958.5, 41271.0], [1959.25, 5084.0], [1960.25, 19844.0], [1960.5, 20337.0], [1963.0, 19542.0], [1963.5, 40678.0], [1964.5, 40732.0], [1965.75, 59586.0], [1966.0, 206.0], [1966.25, 39168.0]]}}}
{"jsonrpc": "2.0", "method": "subscription", "params": {"channel": "book.ETH-6MAR26.none.20.100ms", "data": {"timestamp": 1772206838729, "change_id": 111089245672, "instrument_name": "ETH-6MAR26", "bids": [[1943.25, 3193.0], [1943.0, 12324.0], [1941.5, 2110.0], [1941.25, 7068.0], [1938.5, 5825.0], [1938.25, 19292.0], [1936.5, 46355.0], [1931.5, 40000.0], [1929.5, 20339.0], [1928.25, 40000.0], [1926.0, 206.0], [1925.75, 19818.0], [1925.25, 39472.0], [1924.25, 120370.0], [1923.25, 19528.0], [1923.0, 59398.0], [1921.5, 60738.0], [1918.75, 40380.0], [1917.0, 39416.0], [1908.5, 39024.0]], "asks": [[1944.0, 4954.0], [1946.0, 2169.0], [1946.25, 7266.0], [1947.5, 76.0], [1949.5, 6686.0], [1949.75, 21745.0], [1951.25, 40000.0], [1952.75, 66.0], [1955.5, 40000.0], [1958.5, 41271.0], [1959.25, 5084.0], [1960.25, 19844.0], [1960.5, 20337.0], [1963.0, 19542.0], [1963.5, 40678.0], [1964.5, 40732.0], [1965.75, 59586.0], [1966.0, 206.0], [1966.25, 39168.0], [1967.5, 60678.0]]}}}
{"jsonrpc": "2.0", "method": "subscription", "params": {"channel": "book.ETH-13MAR26.none.20.100ms", "data": {"timestamp": 1772206839455, "change_id": 111089246750, "instrument_name": "ETH-13MAR26", "bids": [[1944.0, 1946.0], [1943.75, 4426.0], [1937.75, 3.0], [1937.5, 63.0], [1936.75, 19292.0], [1934.75, 25423.0], [1934.25, 1271.0], [1930.75, 206.0], [1923.5, 81359.0], [1922.75, 5051.0], [1922.5, 29105.0], [1922.25, 29521.0], [1921.0, 14846.0], [1920.5, 20586.0], [1920.25, 30500.0], [1919.5, 29344.0], [1913.5, 20590.0], [1913.25, 19750.0], [1903.25, 9731.0], [1885.5, 7051.0]], "asks": [[1945.0, 625.0], [1945.25, 4426.0], [1948.5, 21745.0], [1953.0, 20405.0], [1953.25, 5084.0], [1953.5, 1271.0], [1959.25, 8.0], [1961.0, 206.0], [1961.75, 4906.0], [1963.25, 15111.0], [1965.5, 81354.0], [1967.0, 29420.0], [1967.75, 59902.0], [1968.25, 30092.0], [1972.25, 20170.0], [1973.25, 9.0], [1974.0, 20241.0], [1980.75, 19896.0], [1987.0, 11.0], [1997.5, 10092.0]]}}}
{"jsonrpc": "2.0", "method": "subscription", "params": {"channel": "book.ETH-6MAR26.none.20.100ms", "data": {"timestamp": 1772206839290, "change_id": 111089246483, "instrument_name": "ETH-6MAR26", "bids": [[1943.25, 3193.0], [1943.0, 12324.0], [1941.5, 2110.0], [1941.25, 7068.0], [1938.5, 5825.0], [1938.25, 19292.0], [1936.5, 46355.0], [1931.5, 40000.0], [1929.5, 20339.0], [1928.25, 40000.0], [1926.0, 206.0], [1925.75, 19818.0], [1925.25, 39472.0], [1924.25, 120370.0], [1923.25, 19528.0], [1923.0, 59398.0], [1921.5, 60738.0], [1918.75, 40380.0], [1917.0, 39416.0], [1908.5, 39024.0]], "asks": [[1944.25, 4954.0], [1946.0, 2169.0], [1946.25, 7266.0], [1947.5, 76.0], [1949.5, 6686.0], [1949.75, 21745.0], [1951.25, 40000.0], [1952.75, 66.0], [1955.5, 40000.0], [1958.5, 41271.0], [1959.25, 5084.0], [1960.25, 19844.0], [1960.5, 20337.0], [1963.0, 19542.0], [1963.5, 40678.0], [1964.5, 40732.0], [1965.75, 59586.0], [1966.0, 206.0], [1966.25, 39168.0], [1967.5, 60678.0]]}}}
{"jsonrpc": "2.0", "method": "subscription", "params": {"channel": "book.ETH-13MAR26.none.20.100ms", "data": {"timestamp": 1772206839821, "change_id": 111089247516, "instrument_name": "ETH-13MAR26", "bids": [[1944.0, 8355.0], [1937.75, 3.0], [1937.5, 63.0], [1936.75, 19292.0], [1934.75, 25423.0], [1934.25, 1271.0], [1930.75, 206.0], [1923.5, 81359.0], [1922.75, 5051.0], [1922.5, 29105.0], [1922.25, 29521.0], [1921.0, 14846.0], [1920.5, 20586.0], [1920.25, 30500.0], [1919.5, 29344.0], [1913.5, 20590.0], [1913.25, 19750.0], [1903.25, 9731.0], [1885.5, 7051.0]], "asks": [[1945.0, 625.0], [1945.25, 4426.0], [1948.5, 21745.0], [1953.0, 20405.0], [1953.25, 5084.0], [1953.5, 1271.0], [1959.25, 8.0], [1961.0, 206.0], [1961.75, 4906.0], [1963.25, 15111.0], [1965.5, 81354.0], [1967.0, 29420.0], [1967.75, 59902.0], [1968.25, 30092.0], [1972.25, 20170.0], [1973.25, 9.0], [1974.0, 20241.0], [1980.75, 19896.0], [1987.0, 11.0], [1997.5, 10092.0]]}}}
{"jsonrpc": "2.0", "method": "subscription", "params": {"channel": "book.ETH-13MAR26.none.20.100ms", "data": {"timestamp": 1772206839834, "change_id": 111089247530, "instrument_name": "ETH-13MAR26", "bids": [[1944.0, 5250.0], [1943.75, 4426.0], [1937.75, 3.0], [1937.5, 63.0], [1936.75, 19292.0], [1934.75, 25423.0], [1934.25, 1271.0], [1930.75, 206.0], [1923.5, 81359.0], [1922.75, 5051.0], [1922.5, 29105.0], [1922.25, 29521.0], [1921.0, 14846.0], [1920.5, 20586.0], [1920.25, 30500.0], [1919.5, 29344.0], [1913.5, 20590.0], [1913.25, 19750.0], [1903.25, 9731.0], [1885.5, 7051.0]], "asks": [[1945.0, 625.0], [1945.25, 4426.0], [1948.5, 21745.0], [1953.0, 20405.0], [1953.25, 5084.0], [1953.5, 1271.0], [1959.25, 8.0], [1961.0, 206.0], [1961.75, 4906.0], [1963.25, 15111.0], [1965.5, 81354.0], [1967.0, 29420.0], [1967.75, 59902.0], [1968.25, 30092.0], [1972.25, 20170.0], [1973.25, 9.0], [1974.0, 20241.0], [1980.75, 19896.0], [1987.0, 11.0], [1997.5, 10092.0]]}}}
{"jsonrpc": "2.0", "method": "subscription", "params": {"channel": "book.ETH-6MAR26.none.20.100ms", "data": {"timestamp": 1772206839835, "change_id": 111089247534, "instrument_name": "ETH-6MAR26", "bids": [[1943.25, 3193.0], [1943.0, 12324.0], [1941.5, 2110.0], [1941.25, 7068.0], [1938.5, 5825.0], [1938.25, 19292.0], [1936.5, 46355.0], [1931.5, 40000.0], [1929.5, 20339.0], [1928.25, 40000.0], [1926.0, 206.0], [1925.75, 19818.0], [1925.25, 39472.0], [1924.25, 120370.0], [1923.25, 19528.0], [1923.0, 59398.0], [1921.5, 60738.0], [1918.75, 40380.0], [1917.0, 39416.0], [1908.5, 39024.0]], "asks": [[1944.0, 4329.0], [1944.25, 625.0], [1946.0, 2169.0], [1946.25, 7266.0], [1947.5, 76.0], [1949.5, 6686.0], [1949.75, 21745.0], [1951.25, 40000.0], [1952.75, 66.0], [1955.5, 40000.0], [1958.5, 41271.0], [1959.25, 5084.0], [1960.25, 19844.0], [1960.5, 20337.0], [1963.0, 19542.0], [1963.5, 40678.0], [1964.5, 40732.0], [1965.75, 59586.0], [1966.0, 206.0], [1966.25, 39168.0]]}}}
{"jsonrpc": "2.0", "method": "subscription", "params": {"channel": "book.ETH-13MAR26.none.20.100ms", "data": {"timestamp": 1772206840473, "change_id": 111089248747, "instrument_name": "ETH-13MAR26", "bids": [[1944.25, 1173.0], [1944.0, 5250.0], [1943.75, 4426.0], [1937.75, 3.0], [1937.5, 63.0], [1936.75, 19292.0], [1934.75, 25423.0], [1934.25, 1271.0], [1930.75, 206.0], [1923.5, 81359.0], [1922.75, 5051.0], [1922.5, 29105.0], [1922.25, 29521.0], [1921.0, 14846.0], [1920.5, 20586.0], [1920.25, 30500.0], [1919.5, 29344.0], [1913.5, 20590.0], [1913.25, 19750.0], [1903.25, 9731.0]], "asks": [[1945.0, 625.0], [1945.25, 4426.0], [1945.75, 1000.0], [1948.5, 21745.0], [1953.0, 20405.0], [1953.25, 5084.0], [1953.5, 1271.0], [1959.25, 8.0], [1961.0, 206.0], [1961.75, 4906.0], [1963.25, 15111.0], [1965.5, 81354.0], [1967.0, 29420.0], [1967.75, 59902.0], [1968.25, 30092.0], [1972.25, 20170.0], [1973.25, 9.0], [1974.0, 20241.0], [1980.75, 19896.0], [1987.0, 11.0]]}}}
{"jsonrpc": "2.0", "method": "subscription", "params": {"channel": "book.ETH-6MAR26.none.20.100ms", "data": {"timestamp": 1772206840272, "change_id": 111089248424, "instrument_name": "ETH-6MAR26", "bids": [[1943.25, 3193.0], [1943.0, 12324.0], [1941.5, 2110.0], [1941.25, 7068.0], [1938.5, 5825.0], [1938.25, 19292.0], [1936.5, 46355.0], [1931.5, 40000.0], [1929.5, 20339.0], [1928.25, 40000.0], [1926.0, 206.0], [1925.75, 19818.0], [1925.25, 39472.0], [1924.25, 120370.0], [1923.25, 19528.0], [1923.0, 59398.0], [1921.5, 60738.0], [1918.75, 40380.0], [1917.0, 39416.0], [1908.5, 39024.0]], "asks": [[1944.0, 4329.0], [1944.25, 625.0], [1944.75, 299.0], [1945.0, 1000.0], [1946.0, 2169.0], [1946.25, 7266.0], [1947.5, 76.0], [1949.5, 6686.0], [1949.75, 21745.0], [1951.25, 40000.0], [1952.75, 66.0], [1955.5, 40000.0], [1958.5, 41271.0], [1959.25, 5084.0], [1960.25, 19844.0], [1960.5, 20337.0], [1963.0, 19542.0], [1963.5, 40678.0], [1964.5, 40732.0], [1965.75, 59586.0]]}}}
{"jsonrpc": "2.0", "method": "subscription", "params": {"channel": "book.ETH-13MAR26.none.20.100ms", "data": {"timestamp": 1772206840755, "change_id": 111089249220, "instrument_name": "ETH-13MAR26", "bids": [[1944.0, 5250.0], [1943.75, 4426.0], [1937.75, 3.0], [1937.5, 63.0], [1936.75, 19292.0], [1934.75, 25423.0], [1934.5, 1271.0], [1930.75, 206.0], [1923.5, 81359.0], [1922.75, 5051.0], [1922.5, 29105.0], [1922.25, 29521.0], [1921.0, 14846.0], [1920.5, 20586.0], [1920.25, 30500.0], [1919.5, 29344.0], [1913.5, 20590.0], [1913.25, 19750.0], [1903.25, 9731.0], [1885.5, 7051.0]], "asks": [[1945.0, 625.0], [1945.25, 4426.0], [1945.75, 1000.0], [1948.5, 21745.0], [1953.0, 20405.0], [1953.25, 5084.0], [1953.5, 1271.0], [1959.25, 8.0], [1961.0, 206.0], [1961.75, 4906.0], [1963.25, 15111.0], [1965.5, 81354.0], [1967.0, 29420.0], [1967.75, 59902.0], [1968.25, 30092.0], [1972.25, 20170.0], [1973.25, 9.0], [1974.0, 20241.0], [1980.75, 19896.0], [1987.0, 11.0]]}}}
{"jsonrpc": "2.0", "method": "subscription", "params": {"channel": "book.ETH-13MAR26.none.20.100ms", "data": {"timestamp": 1772206841133, "change_id": 111089250451, "instrument_name": "ETH-13MAR26", "bids": [[1944.0, 625.0], [1943.75, 1321.0], [1943.5, 4426.0], [1937.75, 3.0], [1937.5, 63.0], [1936.75, 19292.0], [1934.75, 25423.0], [1934.5, 1271.0], [1930.75, 206.0], [1924.0, 5051.0], [1923.5, 81359.0], [1922.5, 29105.0], [1922.25, 29521.0], [1921.0, 14846.0], [1920.5, 20586.0], [1920.25, 30500.0], [1919.5, 29344.0], [1913.5, 20590.0], [1913.25, 19750.0], [1903.25, 9731.0]], "asks": [[1944.75, 5051.0], [1945.75, 1000.0], [1948.5, 21745.0], [1953.0, 20405.0], [1953.25, 5084.0], [1953.5, 1271.0], [1959.25, 8.0], [1961.0, 206.0], [1961.75, 4906.0], [1963.25, 15111.0], [1965.5, 81354.0], [1967.0, 29420.0], [1967.75, 59902.0], [1968.25, 30092.0], [1972.25, 20170.0], [1973.25, 9.0], [1974.0, 20241.0], [1980.75, 19896.0], [1987.0, 11.0], [1997.5, 10092.0]]}}}
{"jsonrpc": "2.0", "method": "subscription", "params": {"channel": "book.ETH-6MAR26.none.20.100ms", "data": {"timestamp": 1772206841141, "change_id": 111089250460, "instrument_name": "ETH-6MAR26", "bids": [[1942.75, 1917.0], [1942.5, 4329.0], [1941.5, 2110.0], [1941.25, 7068.0], [1938.5, 5825.0], [1938.25, 19292.0], [1936.5, 46355.0], [1931.5, 40000.0], [1929.5, 20339.0], [1928.25, 40000.0], [1926.0, 206.0], [1925.75, 19818.0], [1925.25, 39472.0], [1924.25, 120370.0], [1923.0, 59398.0], [1921.5, 60738.0], [1918.75, 40380.0], [1917.0, 39416.0], [1908.5, 39024.0], [1908.0, 19240.0]], "asks": [[1943.75, 609.0], [1944.0, 625.0], [1944.75, 299.0], [1945.0, 1000.0], [1946.0, 2169.0], [1946.25, 7266.0], [1947.5, 76.0], [1949.5, 150.0], [1949.75, 21745.0], [1951.25, 40000.0], [1952.75, 66.0], [1955.5, 40000.0], [1958.5, 41271.0], [1959.25, 5084.0], [1960.25, 19844.0], [1960.5, 20337.0], [1963.0, 19542.0], [1963.5, 40678.0], [1964.5, 40732.0], [1965.75, 59586.0]]}}}
{"jsonrpc": "2.0", "method": "subscription", "params": {"channel": "book.ETH-13MAR26.none.20.100ms", "data": {"timestamp": 1772206841462, "change_id": 111089251146, "instrument_name": "ETH-13MAR26", "bids": [[1943.75, 1321.0], [1943.5, 5051.0], [1937.75, 3.0], [1937.5, 63.0], [1936.75, 19292.0], [1934.75, 25423.0], [1934.5, 1271.0], [1930.75, 206.0], [1924.0, 5051.0], [1923.5, 81359.0], [1922.5, 29105.0], [1922.25, 29521.0], [1921.0, 14846.0], [1920.5, 20586.0], [1920.25, 30500.0], [1919.5, 29344.0], [1913.5, 20590.0], [1913.25, 19750.0], [1903.25, 9731.0], [1885.5, 7051.0]], "asks": [[1944.75, 5051.0], [1948.5, 21745.0], [1953.0, 20405.0], [1953.25, 5084.0], [1953.5, 1271.0], [1959.25, 8.0], [1961.0, 206.0], [1961.75, 4906.0], [1963.25, 15111.0], [1965.5, 81354.0], [1967.0, 29420.0], [1967.75, 59902.0], [1968.25, 30092.0], [1972.25, 20170.0], [1973.25, 9.0], [1974.0, 20241.0], [1980.75, 19896.0], [1987.0, 11.0], [1997.5, 10092.0], [2001.0, 11.0]]}}}
{"jsonrpc": "2.0", "method": "subscription", "params": {"channel": "book.ETH-6MAR26.none.20.100ms", "data": {"timestamp": 1772206841470, "change_id": 111089251186, "instrument_name": "ETH-6MAR26", "bids": [[1943.0, 625.0], [1942.75, 1292.0], [1942.5, 4329.0], [1939.75, 2174.0], [1939.5, 7282.0], [1938.5, 5825.0], [1938.25, 19292.0], [1936.5, 46355.0], [1931.5, 40000.0], [1929.5, 20339.0], [1928.25, 40000.0], [1926.0, 206.0], [1925.75, 19818.0], [1925.25, 39472.0], [1924.25, 120370.0], [1923.0, 59398.0], [1921.5, 60738.0], [1918.75, 40380.0], [1917.0, 39416.0], [1908.5, 39024.0]], "asks": [[1943.75, 4329.0], [1944.0, 625.0], [1946.0, 2169.0], [1946.25, 7266.0], [1947.5, 76.0], [1949.5, 150.0], [1949.75, 21745.0], [1951.25, 40000.0], [1952.75, 66.0], [1955.5, 40000.0], [1958.5, 41271.0], [1959.25, 5084.0], [1960.25, 19844.0], [1960.5, 20337.0], [1963.0, 19542.0], [1963.5, 40678.0], [1964.5, 40732.0], [1965.75, 59586.0], [1966.0, 206.0], [1966.25, 39168.0]]}}}
{"jsonrpc": "2.0", "method": "subscription", "params": {"channel": "book.ETH-13MAR26.none.20.100ms", "data": {"timestamp": 1772206841546, "change_id": 111089251572, "instrument_name": "ETH-13MAR26", "bids": [[1943.5, 1946.0], [1943.25, 4426.0], [1937.75, 3.0], [1937.5, 63.0], [1936.75, 19292.0], [1934.75, 25423.0], [1934.5, 1271.0], [1930.75, 206.0], [1923.5, 81359.0], [1922.5, 29105.0], [1922.25, 29521.0], [1921.0, 14846.0], [1920.5, 20586.0], [1920.25, 30500.0], [1919.5, 29344.0], [1913.5, 20590.0], [1913.25, 19750.0], [1903.25, 9731.0], [1885.5, 7051.0]], "asks": [[1944.5, 5051.0], [1948.5, 21745.0], [1953.0, 20405.0], [1953.25, 5084.0], [1953.5, 1271.0], [1959.25, 8.0], [1961.0, 206.0], [1961.75, 4906.0], [1963.25, 15111.0], [1965.5, 81354.0], [1967.0, 29420.0], [1967.75, 59902.0], [1968.25, 30092.0], [1972.25, 20170.0], [1973.25, 9.0], [1974.0, 20241.0], [1980.75, 19896.0], [1987.0, 11.0], [1997.5, 10092.0], [2001.0, 11.0]]}}}
{"jsonrpc": "2.0", "method": "subscription", "params": {"channel": "book.ETH-6MAR26.none.20.100ms", "data": {"timestamp": 1772206841803, "change_id": 111089252468, "instrument_name": "ETH-6MAR26", "bids": [[1942.75, 625.0], [1942.5, 1292.0], [1942.25, 4329.0], [1939.75, 2174.0], [1939.5, 7282.0], [1938.5, 5825.0], [1938.25, 19292.0], [1936.5, 46355.0], [1931.5, 40000.0], [1929.5, 20339.0], [1928.25, 40000.0], [1926.0, 206.0], [1924.25, 81354.0], [1919.0, 19528.0], [1918.75, 40380.0], [1917.75, 19818.0], [1917.25, 39472.0], [1917.0, 39416.0], [1916.25, 39016.0], [1914.75, 59398.0]], "asks": [[1943.5, 4329.0], [1943.75, 625.0], [1944.0, 299.0], [1944.25, 1000.0], [1946.0, 2169.0], [1946.25, 7266.0], [1947.5, 76.0], [1949.5, 150.0], [1949.75, 21745.0], [1951.25, 40000.0], [1952.75, 66.0], [1955.5, 40000.0], [1958.5, 41271.0], [1959.25, 5084.0], [1960.25, 19844.0], [1960.5, 20337.0], [1963.0, 19542.0], [1963.5, 40678.0], [1964.5, 40732.0], [1965.75, 59586.0]]}}}
{"jsonrpc": "2.0", "method": "subscription", "params": {"channel": "book.ETH-13MAR26.none.20.100ms", "data": {"timestamp": 1772206842034, "change_id": 111089253235, "instrument_name": "ETH-13MAR26", "bids": [[1943.5, 625.0], [1943.25, 1321.0], [1943.0, 4426.0], [1937.75, 3.0], [1937.5, 63.0], [1936.75, 19292.0], [1934.75, 25423.0], [1934.5, 1271.0], [1930.75, 206.0], [1923.5, 81359.0], [1922.75, 5051.0], [1922.5, 29105.0], [1922.25, 29521.0], [1921.0, 14846.0], [1920.5, 20586.0], [1920.25, 30500.0], [1919.5, 29344.0], [1913.5, 20590.0], [1913.25, 19750.0], [1903.25, 9731.0]], "asks": [[1944.25, 5051.0], [1945.0, 6709.0], [1948.5, 21745.0], [1953.0, 20405.0], [1953.25, 5084.0], [1953.5, 1271.0], [1959.25, 8.0], [1961.0, 206.0], [1961.75, 4906.0], [1963.25, 15111.0], [1965.5, 81354.0], [1967.0, 29420.0], [1967.75, 59902.0], [1968.25, 30092.0], [1972.25, 20170.0], [1973.25, 9.0], [1974.0, 20241.0], [1980.75, 19896.0], [1987.0, 11.0], [1997.5, 10092.0]]}}}
{"jsonrpc": "2.0", "method": "subscription", "params": {"channel": "book.ETH-6MAR26.none.20.100ms", "data": {"timestamp": 1772206842102, "change_id": 111089253322, "instrument_name": "ETH-6MAR26", "bids": [[1942.25, 1917.0], [1942.0, 4329.0], [1939.75, 2174.0], [1939.5, 7282.0], [1938.5, 5825.0], [1938.25, 19292.0], [1936.5, 46355.0], [1931.5, 40000.0], [1929.5, 20339.0], [1928.25, 40000.0], [1926.0, 206.0], [1924.25, 81354.0], [1918.75, 40380.0], [1917.75, 19818.0], [1917.25, 39472.0], [1917.0, 39416.0], [1916.25, 39016.0], [1914.75, 59398.0], [1913.25, 60738.0], [1908.5, 39024.0]], "asks": [[1943.25, 4329.0], [1943.5, 625.0], [1944.0, 299.0], [1944.25, 1000.0], [1946.0, 2169.0], [1946.25, 7266.0], [1947.5, 76.0], [1949.5, 150.0], [1949.75, 21745.0], [1951.25, 40000.0], [1952.75, 66.0], [1955.5, 40000.0], [1958.5, 41271.0], [1959.25, 5084.0], [1960.25, 19844.0], [1960.5, 20337.0], [1963.0, 19542.0], [1963.5, 40678.0], [1964.5, 40732.0], [1965.75, 59586.0]]}}}
{"jsonrpc": "2.0", "method": "subscription", "params": {"channel": "book.ETH-6MAR26.none.20.100ms", "data": {"timestamp": 1772206842399, "change_id": 111089254212, "instrument_name": "ETH-6MAR26", "bids": [[1942.5, 625.0], [1942.25, 1292.0], [1942.0, 4329.0], [1939.75, 2174.0], [1939.5, 7282.0], [1938.5, 5825.0], [1938.25, 19292.0], [1936.5, 46355.0], [1931.5, 40000.0], [1929.5, 20339.0], [1928.25, 40000.0], [1926.0, 206.0], [1924.25, 81354.0], [1919.0, 19528.0], [1918.75, 40380.0], [1917.75, 19818.0], [1917.25, 39472.0], [1917.0, 39416.0], [1916.25, 39016.0], [1914.75, 59398.0]], "asks": [[1943.0, 4329.0], [1943.25, 625.0], [1944.0, 299.0], [1944.25, 1000.0], [1946.0, 2169.0], [1946.25, 7266.0], [1947.5, 76.0], [1949.5, 150.0], [1949.75, 21745.0], [1951.25, 40000.0], [1952.75, 66.0], [1955.5, 40000.0], [1958.5, 41271.0], [1959.25, 5084.0], [1960.25, 19844.0], [1960.5, 20337.0], [1963.0, 19542.0], [1963.5, 40678.0], [1964.5, 40732.0], [1965.75, 59586.0]]}}}
{"jsonrpc": "2.0", "method": "subscription", "params": {"channel": "book.ETH-13MAR26.none.20.100ms", "data": {"timestamp": 1772206842457, "change_id": 111089254257, "instrument_name": "ETH-13MAR26", "bids": [[1943.0, 1946.0], [1942.75, 4426.0], [1937.75, 3.0], [1937.5, 63.0], [1936.75, 19292.0], [1934.75, 25423.0], [1934.5, 1271.0], [1930.75, 206.0], [1923.5, 81359.0], [1922.5, 29105.0], [1922.25, 29521.0], [1921.5, 5051.0], [1921.0, 14846.0], [1920.5, 20586.0], [1920.25, 30500.0], [1919.5, 29344.0], [1913.5, 20590.0], [1913.25, 19750.0], [1903.25, 9731.0], [1885.5, 7051.0]], "asks": [[1944.25, 5051.0], [1944.75, 1000.0], [1948.5, 21745.0], [1953.0, 20405.0], [1953.25, 5084.0], [1953.5, 1271.0], [1959.25, 8.0], [1961.0, 206.0], [1961.75, 4906.0], [1963.25, 15111.0], [1965.5, 81354.0], [1967.0, 29420.0], [1967.75, 59902.0], [1968.25, 30092.0], [1972.25, 20170.0], [1973.25, 9.0], [1974.0, 20241.0], [1980.75, 19896.0], [1987.0, 11.0], [1997.5, 10092.0]]}}}
{"jsonrpc": "2.0", "method": "subscription", "params": {"channel": "book.ETH-13MAR26.none.20.100ms", "data": {"timestamp": 1772206842720, "change_id": 111089254747, "instrument_name": "ETH-13MAR26", "bids": [[1943.25, 625.0], [1943.0, 6906.0], [1942.75, 4426.0], [1937.75, 3.0], [1937.5, 63.0], [1936.75, 19292.0], [1934.75, 25423.0], [1934.5, 1271.0], [1930.75, 206.0], [1923.5, 81359.0], [1922.5, 29105.0], [1922.25, 29521.0], [1921.5, 5051.0], [1921.0, 14846.0], [1920.5, 20586.0], [1920.25, 30500.0], [1919.5, 29344.0], [1913.5, 20590.0], [1913.25, 19750.0], [1903.25, 9731.0]], "asks": [[1944.25, 5051.0], [1944.75, 1000.0], [1948.5, 21745.0], [1953.0, 20405.0], [1953.25, 5084.0], [1953.5, 1271.0], [1959.25, 8.0], [1961.0, 206.0], [1961.75, 4906.0], [1963.25, 15111.0], [1965.5, 81354.0], [1967.0, 29420.0], [1967.75, 59902.0], [1968.25, 30092.0], [1972.25, 20170.0], [1973.25, 9.0], [1974.0, 20241.0], [1980.75, 19896.0], [1987.0, 11.0], [1997.5, 10092.0]]}}}
{"jsonrpc": "2.0", "method": "subscription", "params": {"channel": "book.ETH-6MAR26.none.20.100ms", "data": {"timestamp": 1772206842513, "change_id": 111089254361, "instrument_name": "ETH-6MAR26", "bids": [[1942.5, 625.0], [1942.25, 3127.0], [1942.0, 11029.0], [1939.75, 2174.0], [1939.5, 7282.0], [1938.5, 5825.0], [1938.25, 19292.0], [1936.5, 46355.0], [1931.5, 40000.0], [1929.5, 20339.0], [1928.25, 40000.0], [1926.0, 206.0], [1924.25, 81354.0], [1919.0, 19528.0], [1918.75, 40380.0], [1917.75, 19818.0], [1917.25, 39472.0], [1917.0, 39416.0], [1916.25, 39016.0], [1914.75, 59398.0]], "asks": [[1943.25, 4954.0], [1944.0, 299.0], [1944.25, 1000.0], [1946.0, 2169.0], [1946.25, 7266.0], [1947.5, 76.0], [1949.5, 150.0], [1949.75, 21745.0], [1951.25, 40000.0], [1952.75, 66.0], [1955.5, 40000.0], [1958.5, 41271.0], [1959.25, 5084.0], [1960.25, 19844.0], [1960.5, 20337.0], [1963.0, 19542.0], [1963.5, 40678.0], [1964.5, 40732.0], [1965.75, 59586.0], [1966.0, 206.0]]}}}
{"jsonrpc": "2.0", "method": "subscription", "params": {"channel": "book.ETH-6MAR26.none.20.100ms", "data": {"timestamp": 1772206843071, "change_id": 111089255785, "instrument_name": "ETH-6MAR26", "bids": [[1942.0, 1917.0], [1941.75, 4329.0], [1939.75, 2174.0], [1939.5, 7282.0], [1938.5, 5825.0], [1938.25, 19292.0], [1936.5, 6355.0], [1934.75, 40000.0], [1931.5, 40000.0], [1929.5, 20339.0], [1928.25, 40000.0], [1926.0, 206.0], [1924.25, 81354.0], [1919.25, 19528.0], [1918.75, 40380.0], [1917.75, 19818.0], [1917.25, 39472.0], [1917.0, 39416.0], [1916.25, 39016.0], [1914.75, 59398.0]], "asks": [[1942.75, 4329.0], [1943.25, 625.0], [1944.0, 299.0], [1944.25, 1000.0], [1945.0, 2155.0], [1945.25, 7219.0], [1947.5, 76.0], [1949.5, 150.0], [1949.75, 21745.0], [1951.25, 40000.0], [1952.75, 66.0], [1955.5, 40000.0], [1958.5, 41271.0], [1959.25, 5084.0], [1960.25, 19844.0], [1960.5, 20337.0], [1963.0, 19542.0], [1963.5, 40678.0], [1964.5, 40732.0], [1965.75, 59586.0]]}}}
{"jsonrpc": "2.0", "method": "subscription", "params": {"channel": "book.ETH-13MAR26.none.20.100ms", "data": {"timestamp": 1772206843032, "change_id": 111089255576, "instrument_name": "ETH-13MAR26", "bids": [[1943.0, 5585.0], [1942.75, 5051.0], [1937.75, 3.0], [1937.5, 63.0], [1936.75, 19292.0], [1934.75, 25423.0], [1934.5, 1271.0], [1930.75, 206.0], [1923.5, 81359.0], [1922.5, 29105.0], [1922.25, 29521.0], [1921.5, 5051.0], [1921.0, 14846.0], [1920.5, 20586.0], [1920.25, 30500.0], [1919.5, 29344.0], [1913.5, 20590.0], [1913.25, 19750.0], [1903.25, 9731.0], [1885.5, 7051.0]], "asks": [[1944.0, 5051.0], [1944.75, 1000.0], [1948.5, 21745.0], [1953.0, 20405.0], [1953.25, 5084.0], [1953.5, 1271.0], [1959.25, 8.0], [1961.0, 206.0], [1961.75, 4906.0], [1963.25, 15111.0], [1965.5, 81354.0], [1967.0, 29420.0], [1967.75, 59902.0], [1968.25, 30092.0], [1972.25, 20170.0], [1973.25, 9.0], [1974.0, 20241.0], [1980.75, 19896.0], [1987.0, 11.0], [1997.5, 10092.0]]}}}
{"jsonrpc": "2.0", "method": "subscription", "params": {"channel": "book.ETH-13MAR26.none.20.100ms", "data": {"timestamp": 1772206843417, "change_id": 111089256735, "instrument_name": "ETH-13MAR26", "bids": [[1943.25, 2133.0], [1943.0, 4426.0], [1937.75, 3.0], [1937.5, 63.0], [1936.75, 19292.0], [1934.75, 25423.0], [1934.5, 1271.0], [1930.75, 206.0], [1923.5, 81359.0], [1922.5, 29105.0], [1922.25, 29521.0], [1921.5, 5051.0], [1921.0, 14846.0], [1920.5, 20586.0], [1920.25, 30500.0], [1919.5, 29344.0], [1913.5, 20590.0], [1913.25, 19750.0], [1903.25, 9731.0], [1885.5, 7051.0]], "asks": [[1944.0, 625.0], [1944.25, 4426.0], [1944.75, 1000.0], [1948.5, 21745.0], [1953.0, 20405.0], [1953.25, 5084.0], [1953.5, 1271.0], [1959.25, 8.0], [1961.0, 206.0], [1961.75, 4906.0], [1963.25, 15111.0], [1965.5, 81354.0], [1967.0, 29420.0], [1967.75, 59902.0], [1968.25, 30092.0], [1972.25, 20170.0], [1973.25, 9.0], [1974.0, 20241.0], [1980.75, 19896.0], [1987.0, 11.0]]}}}
{"jsonrpc": "2.0", "method": "subscription", "params": {"channel": "book.ETH-6MAR26.none.20.100ms", "data": {"timestamp": 1772206843359, "change_id": 111089256674, "instrument_name": "ETH-6MAR26", "bids": [[1942.25, 1917.0], [1942.0, 6329.0], [1941.75, 6699.0], [1939.75, 2174.0], [1939.5, 7282.0], [1938.5, 5825.0], [1938.25, 19292.0], [1936.5, 6355.0], [1934.75, 40000.0], [1931.5, 40000.0], [1929.5, 20339.0], [1928.25, 40000.0], [1926.0, 206.0], [1924.25, 81354.0], [1919.5, 19528.0], [1918.75, 40380.0], [1917.75, 19818.0], [1917.25, 39472.0], [1917.0, 39416.0], [1916.25, 39016.0]], "asks": [[1943.25, 4954.0], [1943.75, 299.0], [1944.0, 1000.0], [1945.0, 2155.0], [1945.25, 7219.0], [1947.5, 76.0], [1949.5, 150.0], [1949.75, 21745.0], [1951.25, 40000.0], [1952.75, 66.0], [1955.5, 40000.0], [1958.5, 41271.0], [1959.25, 5084.0], [1960.25, 19844.0], [1960.5, 20337.0], [1963.0, 19542.0], [1963.5, 40678.0], [1964.5, 40732.0], [1965.75, 59586.0], [1966.0, 206.0]]}}}
{"jsonrpc": "2.0", "method": "subscription", "params": {"channel": "book.ETH-13MAR26.none.20.100ms", "data": {"timestamp": 1772206843569, "change_id": 111089256887, "instrument_name": "ETH-13MAR26", "bids": [[1943.25, 2133.0], [1943.0, 6427.0], [1942.75, 6702.0], [1937.75, 3.0], [1937.5, 63.0], [1936.75, 19292.0], [1934.75, 5084.0], [1934.5, 1271.0], [1933.75, 20339.0], [1930.75, 206.0], [1923.5, 81359.0], [1922.5, 29105.0], [1922.25, 29521.0], [1921.5, 5051.0], [1921.0, 14846.0], [1920.5, 20586.0], [1920.25, 30500.0], [1919.5, 29344.0], [1913.5, 20590.0], [1913.25, 19750.0]], "asks": [[1944.0, 625.0], [1944.25, 4426.0], [1944.75, 1000.0], [1948.5, 21745.0], [1953.0, 20405.0], [1953.25, 5084.0], [1953.5, 1271.0], [1959.25, 8.0], [1961.0, 206.0], [1961.75, 4906.0], [1963.25, 15111.0], [1965.5, 81354.0], [1967.0, 29420.0], [1967.75, 59902.0], [1968.25, 30092.0], [1972.25, 20170.0], [1973.25, 9.0], [1974.0, 20241.0], [1980.75, 19896.0], [1987.0, 11.0]]}}}
{"jsonrpc": "2.0", "method": "subscription", "params": {"channel": "book.ETH-6MAR26.none.20.100ms", "data": {"timestamp": 1772206843660, "change_id": 111089257057, "instrument_name": "ETH-6MAR26", "bids": [[1942.5, 2104.0], [1942.25, 4329.0], [1939.75, 2174.0], [1939.5, 7282.0], [1938.5, 5774.0], [1938.25, 19292.0], [1936.5, 6355.0], [1935.0, 51.0], [1934.75, 40000.0], [1931.5, 40000.0], [1929.5, 20339.0], [1928.25, 40000.0], [1926.0, 206.0], [1924.25, 81354.0], [1919.5, 19528.0], [1918.75, 40380.0], [1917.75, 19818.0], [1917.25, 39472.0], [1917.0, 39416.0], [1916.25, 39016.0]], "asks": [[1943.25, 4954.0], [1943.75, 299.0], [1944.0, 1000.0], [1945.0, 2155.0], [1945.25, 7219.0], [1947.5, 76.0], [1949.5, 150.0], [1949.75, 21745.0], [1951.25, 40000.0], [1952.75, 66.0], [1955.5, 40000.0], [1958.5, 41271.0], [1959.25, 5084.0], [1960.25, 19844.0], [1960.5, 20337.0], [1963.0, 19542.0], [1963.5, 40678.0], [1964.5, 40732.0], [1965.75, 59586.0], [1966.0, 206.0]]}}}
{"jsonrpc": "2.0", "method": "subscription", "params": {"channel": "book.ETH-6MAR26.none.20.100ms", "data": {"timestamp": 1772206843793, "change_id": 111089257532, "instrument_name": "ETH-6MAR26", "bids": [[1942.5, 2104.0], [1942.25, 6329.0], [1942.0, 6700.0], [1939.75, 2174.0], [1939.5, 7282.0], [1938.5, 5774.0], [1938.25, 19292.0], [1936.5, 6355.0], [1935.0, 51.0], [1934.75, 40000.0], [1931.5, 40000.0], [1929.5, 20339.0], [1928.25, 40000.0], [1926.0, 206.0], [1924.25, 81354.0], [1919.5, 19528.0], [1918.75, 40380.0], [1917.75, 19818.0], [1917.25, 39472.0], [1917.0, 39416.0]], "asks": [[1943.25, 4954.0], [1943.75, 299.0], [1944.0, 1000.0], [1945.0, 2155.0], [1945.25, 7219.0], [1947.5, 76.0], [1949.5, 150.0], [1949.75, 21745.0], [1951.25, 40000.0], [1952.75, 66.0], [1955.5, 40000.0], [1958.5, 41271.0], [1959.25, 5084.0], [1960.25, 19844.0], [1960.5, 20337.0], [1963.0, 19542.0], [1963.5, 40678.0], [1964.5, 40732.0], [1965.75, 59586.0], [1966.0, 206.0]]}}}
{"jsonrpc": "2.0", "method": "subscription", "params": {"channel": "book.ETH-13MAR26.none.20.100ms", "data": {"timestamp": 1772206844259, "change_id": 111089258166, "instrument_name": "ETH-13MAR26", "bids": [[1943.25, 625.0], [1943.0, 4426.0], [1937.75, 3.0], [1937.5, 63.0], [1936.75, 19292.0], [1934.75, 5084.0], [1934.5, 1271.0], [1933.75, 20339.0], [1930.75, 206.0], [1923.5, 81359.0], [1922.5, 29105.0], [1922.25, 29521.0], [1921.5, 5051.0], [1921.0, 14846.0], [1920.5, 20586.0], [1920.25, 30500.0], [1919.5, 29344.0], [1913.5, 20590.0], [1913.25, 19750.0], [1903.25, 9731.0]], "asks": [[1944.0, 625.0], [1944.25, 4426.0], [1944.75, 1000.0], [1948.5, 21745.0], [1953.0, 20405.0], [1953.25, 5084.0], [1953.5, 1271.0], [1959.25, 8.0], [1961.0, 206.0], [1961.75, 4906.0], [1963.25, 15111.0], [1965.5, 81354.0], [1967.0, 29420.0], [1967.75, 59902.0], [1968.25, 30092.0], [1972.25, 20170.0], [1973.25, 9.0], [1974.0, 20241.0], [1980.75, 19896.0], [1987.0, 11.0]]}}}
{"jsonrpc": "2.0", "method": "subscription", "params": {"channel": "book.ETH-6MAR26.none.20.100ms", "data": {"timestamp": 1772206844278, "change_id": 111089258180, "instrument_name": "ETH-6MAR26", "bids": [[1942.5, 625.0], [1942.0, 4329.0], [1939.5, 7282.0], [1938.5, 15.0], [1938.25, 19292.0], [1936.5, 6355.0], [1935.0, 51.0], [1934.75, 40000.0], [1931.5, 40000.0], [1929.5, 20339.0], [1928.25, 40000.0], [1926.0, 206.0], [1924.25, 81354.0], [1919.5, 19528.0], [1918.75, 40380.0], [1917.75, 19818.0], [1917.25, 39472.0], [1917.0, 39416.0], [1916.25, 39016.0], [1914.75, 59398.0]], "asks": [[1943.25, 4954.0], [1944.0, 1000.0], [1945.25, 7219.0], [1947.5, 76.0], [1949.5, 150.0], [1949.75, 21745.0], [1951.25, 40000.0], [1952.75, 66.0], [1955.5, 40000.0], [1958.5, 41271.0], [1959.25, 5084.0], [1960.25, 19844.0], [1960.5, 20337.0], [1963.0, 19542.0], [1963.5, 40678.0], [1964.5, 40732.0], [1965.75, 59586.0], [1966.0, 206.0], [1966.25, 39168.0], [1967.5, 60678.0]]}}}
{"jsonrpc": "2.0", "method": "subscription", "params": {"channel": "book.ETH-13MAR26.none.20.100ms", "data": {"timestamp": 1772206844634, "change_id": 111089258953, "instrument_name": "ETH-13MAR26", "bids": [[1943.25, 625.0], [1943.0, 11129.0], [1937.75, 3.0], [1937.5, 63.0], [1936.75, 19292.0], [1934.75, 5084.0], [1934.5, 1271.0], [1933.75, 20339.0], [1930.75, 206.0], [1923.5, 81359.0], [1922.5, 29105.0], [1922.25, 29521.0], [1921.5, 5051.0], [1921.0, 14846.0], [1920.5, 20586.0], [1920.25, 30500.0], [1919.5, 29344.0], [1913.5, 20590.0], [1913.25, 19750.0], [1903.25, 9731.0]], "asks": [[1944.0, 625.0], [1944.25, 4426.0], [1944.75, 1000.0], [1948.5, 21745.0], [1953.0, 20405.0], [1953.25, 5084.0], [1953.5, 1271.0], [1959.25, 8.0], [1961.0, 206.0], [1961.75, 4906.0], [1963.25, 15111.0], [1965.5, 81354.0], [1967.0, 29420.0], [1967.75, 59902.0], [1968.25, 30092.0], [1972.25, 20170.0], [1973.25, 9.0], [1974.0, 20241.0], [1980.75, 19896.0], [1987.0, 11.0]]}}}
{"jsonrpc": "2.0", "method": "subscription", "params": {"channel": "book.ETH-6MAR26.none.20.100ms", "data": {"timestamp": 1772206844630, "change_id": 111089258937, "instrument_name": "ETH-6MAR26", "bids": [[1942.5, 625.0], [1942.25, 6700.0], [1942.0, 4329.0], [1939.5, 7282.0], [1938.5, 15.0], [1938.25, 19292.0], [1936.5, 6355.0], [1935.0, 51.0], [1934.75, 40000.0], [1931.5, 40000.0], [1929.5, 20339.0], [1928.25, 40000.0], [1926.0, 206.0], [1924.25, 81354.0], [1919.5, 19528.0], [1918.75, 40380.0], [1917.75, 19818.0], [1917.25, 39472.0], [1917.0, 39416.0], [1916.25, 39016.0]], "asks": [[1943.25, 4954.0], [1944.0, 1000.0], [1945.25, 7219.0], [1947.5, 76.0], [1949.5, 150.0], [1949.75, 21745.0], [1951.25, 40000.0], [1952.75, 66.0], [1955.5, 40000.0], [1958.5, 41271.0], [1959.25, 5084.0], [1960.25, 19844.0], [1960.5, 20337.0], [1963.0, 19542.0], [1963.5, 40678.0], [1964.5, 40732.0], [1965.75, 59586.0], [1966.0, 206.0], [1966.25, 39168.0], [1967.5, 60678.0]]}}}
{"jsonrpc": "2.0", "method": "subscription", "params": {"channel": "book.ETH-13MAR26.none.20.100ms", "data": {"timestamp": 1772206845104, "change_id": 111089260415, "instrument_name": "ETH-13MAR26", "bids": [[1943.25, 625.0], [1943.0, 4426.0], [1937.75, 3.0], [1937.5, 63.0], [1936.75, 19292.0], [1934.75, 5084.0], [1934.5, 1271.0], [1933.75, 20339.0], [1930.75, 206.0], [1923.5, 81359.0], [1922.5, 29105.0], [1922.25, 29521.0], [1921.5, 5051.0], [1921.0, 14846.0], [1920.5, 20586.0], [1920.25, 30500.0], [1919.5, 29344.0], [1913.5, 20590.0], [1913.25, 19750.0], [1903.25, 9731.0]], "asks": [[1944.0, 625.0], [1944.25, 4426.0], [1944.75, 1000.0], [1948.5, 21745.0], [1953.0, 20405.0], [1953.25, 5084.0], [1953.5, 1271.0], [1959.25, 8.0], [1961.0, 206.0], [1961.75, 4906.0], [1963.25, 15111.0], [1965.5, 81354.0], [1967.0, 29420.0], [1967.75, 59902.0], [1968.25, 30092.0], [1972.25, 20170.0], [1973.25, 9.0], [1974.0, 20241.0], [1980.75, 19896.0], [1987.0, 11.0]]}}}
{"jsonrpc": "2.0", "method": "subscription", "params": {"channel": "book.ETH-13MAR26.none.20.100ms", "data": {"timestamp": 1772206845345, "change_id": 111089260843, "instrument_name": "ETH-13MAR26", "bids": [[1943.25, 625.0], [1942.75, 4430.0], [1937.75, 3.0], [1937.5, 63.0], [1936.75, 19292.0], [1934.75, 5084.0], [1934.5, 1271.0], [1934.0, 20339.0], [1930.75, 206.0], [1923.5, 81359.0], [1922.5, 29105.0], [1922.25, 29521.0], [1921.5, 5051.0], [1921.0, 14846.0], [1920.5, 20586.0], [1920.25, 30500.0], [1919.5, 29344.0], [1913.5, 20590.0], [1913.25, 19750.0], [1903.25, 9731.0]], "asks": [[1944.0, 625.0], [1944.25, 4430.0], [1944.75, 1000.0], [1948.5, 21745.0], [1953.0, 20405.0], [1953.25, 5084.0], [1953.5, 1271.0], [1959.25, 8.0], [1961.0, 206.0], [1961.75, 4906.0], [1963.25, 15111.0], [1965.5, 81354.0], [1967.0, 29420.0], [1967.75, 59902.0], [1968.25, 30092.0], [1972.25, 20170.0], [1973.25, 9.0], [1974.0, 20241.0], [1980.75, 19896.0], [1987.0, 11.0]]}}}
{"jsonrpc": "2.0", "method": "subscription", "params": {"channel": "book.ETH-6MAR26.none.20.100ms", "data": {"timestamp": 1772206845216, "change_id": 111089260555, "instrument_name": "ETH-6MAR26", "bids": [[1942.5, 625.0], [1942.0, 4331.0], [1939.5, 7282.0], [1938.5, 15.0], [1938.25, 19292.0], [1936.5, 6355.0], [1935.0, 51.0], [1934.75, 40000.0], [1931.5, 40000.0], [1929.5, 20339.0], [1928.25, 40000.0], [1926.0, 206.0], [1924.25, 81354.0], [1919.5, 19528.0], [1918.75, 40380.0], [1917.75, 19818.0], [1917.25, 39472.0], [1917.0, 39416.0], [1916.25, 39016.0], [1914.75, 59398.0]], "asks": [[1943.0, 4331.0], [1943.25, 625.0], [1944.0, 1000.0], [1945.25, 7219.0], [1947.5, 76.0], [1949.5, 150.0], [1949.75, 21745.0], [1951.25, 40000.0], [1952.75, 66.0], [1955.5, 40000.0], [1958.5, 41271.0], [1959.25, 5084.0], [1960.25, 19844.0], [1960.5, 20337.0], [1963.0, 19542.0], [1963.5, 40678.0], [1964.5, 40732.0], [1965.75, 59586.0], [1966.0, 206.0], [1966.25, 39168.0]]}}}
{"jsonrpc": "2.0", "method": "subscription", "params": {"channel": "book.ETH-13MAR26.none.20.100ms", "data": {"timestamp": 1772206845759, "change_id": 111089261898, "instrument_name": "ETH-13MAR26", "bids": [[1943.25, 625.0], [1943.0, 4430.0], [1936.75, 19292.0], [1934.75, 5084.0], [1934.5, 1271.0], [1934.0, 20339.0], [1923.5, 81359.0], [1922.5, 29105.0], [1922.25, 29521.0], [1921.5, 5051.0], [1921.0, 14846.0], [1920.5, 20586.0], [1920.25, 30500.0], [1919.5, 29344.0], [1913.5, 20590.0], [1913.25, 19750.0], [1903.25, 9731.0], [1885.5, 7051.0]], "asks": [[1944.5, 625.0], [1944.75, 1000.0], [1948.5, 21745.0], [1953.0, 20339.0], [1953.25, 5084.0], [1953.5, 1271.0], [1959.25, 8.0], [1961.75, 4906.0], [1963.25, 15111.0], [1965.5, 81354.0], [1967.0, 29420.0], [1967.75, 59902.0], [1968.25, 30092.0], [1972.25, 20170.0], [1973.25, 9.0], [1974.0, 20241.0], [1980.75, 19896.0], [1987.0, 11.0], [1997.5, 10092.0], [2001.0, 11.0]]}}}
{"jsonrpc": "2.0", "method": "subscription", "params": {"channel": "book.ETH-6MAR26.none.20.100ms", "data": {"timestamp": 1772206845768, "change_id": 111089261938, "instrument_name": "ETH-6MAR26", "bids": [[1942.5, 625.0], [1942.25, 4331.0], [1939.5, 7282.0], [1938.25, 19292.0], [1936.5, 6355.0], [1934.75, 40000.0], [1931.5, 40000.0], [1929.5, 20339.0], [1928.25, 40000.0], [1924.25, 81354.0], [1919.5, 19528.0], [1918.75, 40380.0], [1917.75, 19818.0], [1917.25, 39472.0], [1917.0, 39416.0], [1916.25, 39016.0], [1914.75, 59398.0], [1913.25, 60738.0], [1908.5, 39024.0], [1908.0, 19240.0]], "asks": [[1943.75, 625.0], [1944.0, 1000.0], [1947.5, 76.0], [1949.5, 150.0], [1949.75, 21745.0], [1951.25, 40000.0], [1955.5, 40000.0], [1958.5, 41271.0], [1959.25, 5084.0], [1960.25, 19844.0], [1960.5, 20337.0], [1963.0, 19542.0], [1963.5, 40678.0], [1964.5, 40732.0], [1965.75, 59586.0], [1966.25, 39168.0], [1967.5, 60678.0], [1971.5, 39322.0], [1975.5, 81351.0], [1976.5, 39250.0]]}}}
{"jsonrpc": "2.0", "method": "subscription", "params": {"channel": "book.ETH-13MAR26.none.20.100ms", "data": {"timestamp": 1772206846033, "change_id": 111089263046, "instrument_name": "ETH-13MAR26", "bids": [[1943.75, 625.0], [1943.5, 4430.0], [1943.0, 6703.0], [1936.75, 19292.0], [1934.75, 5084.0], [1934.5, 1271.0], [1934.0, 20339.0], [1923.5, 81359.0], [1922.5, 29105.0], [1922.25, 29521.0], [1921.75, 5051.0], [1921.0, 14846.0], [1920.5, 20586.0], [1920.25, 30500.0], [1919.5, 29344.0], [1913.5, 20590.0], [1913.25, 19750.0], [1903.25, 9731.0], [1885.5, 7051.0]], "asks": [[1944.5, 625.0], [1944.75, 5430.0], [1948.5, 21745.0], [1953.0, 20339.0], [1953.25, 5084.0], [1953.5, 1271.0], [1959.25, 8.0], [1961.75, 4906.0], [1963.25, 15111.0], [1965.5, 81354.0], [1967.0, 29420.0], [1967.75, 59902.0], [1968.25, 30092.0], [1972.25, 20170.0], [1973.25, 9.0], [1974.0, 20241.0], [1980.75, 19896.0], [1987.0, 11.0], [1997.5, 10092.0], [2001.0, 11.0]]}}}
{"jsonrpc": "2.0", "method": "subscription", "params": {"channel": "book.ETH-6MAR26.none.20.100ms", "data": {"timestamp": 1772206845970, "change_id": 111089263043, "instrument_name": "ETH-6MAR26", "bids": [[1942.75, 625.0], [1942.5, 4331.0], [1942.25, 6701.0], [1940.5, 7301.0], [1938.25, 19292.0], [1936.5, 6355.0], [1934.75, 40000.0], [1931.5, 40000.0], [1929.5, 20339.0], [1928.25, 40000.0], [1924.25, 81354.0], [1919.75, 19528.0], [1918.75, 40380.0], [1917.75, 19818.0], [1917.25, 39472.0], [1917.0, 39416.0], [1916.25, 39016.0], [1914.75, 59398.0], [1913.25, 60738.0], [1908.5, 39024.0]], "asks": [[1943.75, 4956.0], [1944.0, 1000.0], [1946.5, 7462.0], [1947.5, 76.0], [1949.5, 150.0], [1949.75, 21745.0], [1951.25, 40000.0], [1955.5, 40000.0], [1958.5, 41271.0], [1959.25, 5084.0], [1960.25, 19844.0], [1960.5, 20337.0], [1963.0, 19542.0], [1963.5, 40678.0], [1964.5, 40732.0], [1965.75, 59586.0], [1966.25, 39168.0], [1967.5, 60678.0], [1971.5, 39322.0], [1975.5, 81351.0]]}}}
{"jsonrpc": "2.0", "method": "subscription", "params": {"channel": "book.ETH-13MAR26.none.20.100ms", "data": {"timestamp": 1772206846305, "change_id": 111089263741, "instrument_name": "ETH-13MAR26", "bids": [[1943.75, 625.0], [1943.25, 4430.0], [1936.75, 19292.0], [1934.75, 5084.0], [1934.5, 21610.0], [1923.5, 81359.0], [1922.5, 29105.0], [1922.25, 29521.0], [1921.75, 5051.0], [1921.0, 14846.0], [1920.5, 20586.0], [1920.25, 30500.0], [1919.5, 29344.0], [1913.5, 20590.0], [1913.25, 19750.0], [1903.25, 9731.0], [1885.5, 7051.0]], "asks": [[1944.5, 5055.0], [1944.75, 1000.0], [1948.5, 21745.0], [1953.0, 20339.0], [1953.25, 5084.0], [1953.5, 1271.0], [1959.25, 8.0], [1961.75, 4906.0], [1963.25, 15111.0], [1965.5, 81354.0], [1967.0, 29420.0], [1967.75, 59902.0], [1968.25, 30092.0], [1972.25, 20170.0], [1973.25, 9.0], [1974.0, 20241.0], [1980.75, 19896.0], [1987.0, 11.0], [1997.5, 10092.0], [2001.0, 11.0]]}}}
{"jsonrpc": "2.0", "method": "subscription", "params": {"channel": "book.ETH-6MAR26.none.20.100ms", "data": {"timestamp": 1772206846306, "change_id": 111089263746, "instrument_name": "ETH-6MAR26", "bids": [[1942.75, 625.0], [1942.25, 4331.0], [1940.5, 7301.0], [1938.25, 19292.0], [1936.5, 6355.0], [1934.75, 40000.0], [1931.5, 40000.0], [1929.5, 20339.0], [1928.25, 40000.0], [1924.25, 81354.0], [1919.75, 19528.0], [1918.75, 40380.0], [1917.75, 19818.0], [1917.25, 39472.0], [1917.0, 39416.0], [1916.25, 39016.0], [1914.75, 59398.0], [1913.25, 60738.0], [1908.5, 39024.0], [1908.0, 19240.0]], "asks": [[1943.5, 4331.0], [1943.75, 625.0], [1944.5, 1000.0], [1946.5, 7462.0], [1947.5, 76.0], [1949.5, 150.0], [1949.75, 21745.0], [1951.25, 40000.0], [1955.5, 40000.0], [1958.5, 41271.0], [1959.25, 5084.0], [1960.25, 19844.0], [1960.5, 20337.0], [1963.0, 19542.0], [1963.5, 40678.0], [1964.5, 40732.0], [1965.75, 59586.0], [1966.25, 39168.0], [1967.5, 60678.0], [1971.5, 39322.0]]}}}
{"jsonrpc": "2.0", "method": "subscription", "params": {"channel": "book.ETH-13MAR26.none.20.100ms", "data": {"timestamp": 1772206846729, "change_id": 111089264463, "instrument_name": "ETH-13MAR26", "bids": [[1943.75, 625.0], [1943.25, 4430.0], [1936.75, 19292.0], [1934.75, 5084.0], [1934.5, 21610.0], [1923.5, 81359.0], [1922.5, 29105.0], [1922.25, 29521.0], [1921.75, 5051.0], [1921.0, 14846.0], [1920.5, 20586.0], [1920.25, 30500.0], [1919.5, 29344.0], [1913.5, 20590.0], [1913.25, 19750.0], [1903.25, 9731.0], [1885.5, 7051.0]], "asks": [[1944.5, 5055.0], [1945.25, 1000.0], [1948.5, 21745.0], [1953.0, 20339.0], [1953.25, 5084.0], [1953.5, 1271.0], [1959.25, 8.0], [1961.75, 4906.0], [1963.25, 15111.0], [1965.5, 81354.0], [1967.0, 29420.0], [1967.75, 59902.0], [1968.25, 30092.0], [1972.25, 20170.0], [1973.25, 9.0], [1974.0, 20241.0], [1980.75, 19896.0], [1987.0, 11.0], [1997.5, 10092.0], [2001.0, 11.0]]}}}
{"jsonrpc": "2.0", "method": "subscription", "params": {"channel": "book.ETH-6MAR26.none.20.100ms", "data": {"timestamp": 1772206846728, "change_id": 111089264461, "instrument_name": "ETH-6MAR26", "bids": [[1942.75, 625.0], [1942.25, 4331.0], [1940.5, 7301.0], [1938.5, 51.0], [1938.25, 19292.0], [1936.5, 6355.0], [1934.75, 40000.0], [1931.5, 40000.0], [1929.5, 20339.0], [1928.25, 40000.0], [1924.25, 81354.0], [1919.75, 19528.0], [1918.75, 40380.0], [1917.75, 19818.0], [1917.25, 39472.0], [1917.0, 39416.0], [1916.25, 39016.0], [1914.75, 59398.0], [1913.25, 60738.0], [1908.5, 39024.0]], "asks": [[1943.5, 4331.0], [1943.75, 625.0], [1944.5, 1000.0], [1946.5, 7462.0], [1947.5, 76.0], [1949.5, 150.0], [1949.75, 21745.0], [1951.25, 40000.0], [1955.5, 40000.0], [1958.5, 41271.0], [1959.25, 5084.0], [1960.25, 19844.0], [1960.5, 20337.0], [1963.0, 19542.0], [1963.5, 40678.0], [1964.5, 40732.0], [1965.75, 59586.0], [1966.25, 39168.0], [1967.5, 60678.0], [1971.5, 39322.0]]}}}
{"jsonrpc": "2.0", "method": "subscription", "params": {"channel": "book.ETH-6MAR26.none.20.100ms", "data": {"timestamp": 1772206846970, "change_id": 111089265060, "instrument_name": "ETH-6MAR26", "bids": [[1942.75, 625.0], [1942.5, 6701.0], [1942.25, 4331.0], [1940.5, 7301.0], [1938.5, 51.0], [1938.25, 19292.0], [1936.5, 6355.0], [1934.75, 40000.0], [1931.5, 40000.0], [1929.5, 20339.0], [1928.25, 40000.0], [1924.25, 81354.0], [1919.75, 19528.0], [1918.75, 40380.0], [1917.75, 19818.0], [1917.25, 39472.0], [1917.0, 39416.0], [1916.25, 39016.0], [1914.75, 59398.0], [1913.25, 60738.0]], "asks": [[1943.5, 4331.0], [1943.75, 625.0], [1944.5, 1000.0], [1946.5, 7462.0], [1947.5, 76.0], [1949.5, 150.0], [1949.75, 21745.0], [1951.25, 40000.0], [1955.5, 40000.0], [1958.5, 41271.0], [1959.25, 5084.0], [1960.25, 19844.0], [1960.5, 20337.0], [1963.0, 19542.0], [1963.5, 40678.0], [1964.5, 40732.0], [1965.75, 59586.0], [1966.25, 39168.0], [1967.5, 60678.0], [1971.5, 39322.0]]}}}
{"jsonrpc": "2.0", "method": "subscription", "params": {"channel": "book.ETH-13MAR26.none.20.100ms", "data": {"timestamp": 1772206846906, "change_id": 111089265004, "instrument_name": "ETH-13MAR26", "bids": [[1943.75, 625.0], [1943.25, 4430.0], [1936.75, 19292.0], [1934.75, 25423.0], [1934.5, 1271.0], [1923.5, 81359.0], [1922.5, 29105.0], [1922.25, 29521.0], [1921.75, 5051.0], [1921.0, 14846.0], [1920.5, 20586.0], [1920.25, 30500.0], [1919.5, 29344.0], [1913.5, 20590.0], [1913.25, 19750.0], [1903.25, 9731.0], [1885.5, 7051.0]], "asks": [[1944.5, 5055.0], [1945.25, 1000.0], [1948.5, 21745.0], [1953.0, 20339.0], [1953.25, 5084.0], [1953.5, 1271.0], [1959.25, 8.0], [1961.75, 4906.0], [1963.25, 15111.0], [1965.5, 81354.0], [1967.0, 29420.0], [1967.75, 59902.0], [1968.25, 30092.0], [1972.25, 20170.0], [1973.25, 9.0], [1974.0, 20241.0], [1980.75, 19896.0], [1987.0, 11.0], [1997.5, 10092.0], [2001.0, 11.0]]}}}
{"jsonrpc": "2.0", "method": "subscription", "params": {"channel": "book.ETH-13MAR26.none.20.100ms", "data": {"timestamp": 1772206847344, "change_id": 111089265461, "instrument_name": "ETH-13MAR26", "bids": [[1943.75, 625.0], [1943.25, 4430.0], [1936.75, 19292.0], [1934.75, 26694.0], [1923.75, 5051.0], [1923.5, 81359.0], [1922.5, 29105.0], [1922.25, 29521.0], [1921.0, 14846.0], [1920.5, 20586.0], [1920.25, 30500.0], [1919.5, 29344.0], [1913.5, 20590.0], [1913.25, 19750.0], [1903.25, 9731.0], [1885.5, 7051.0]], "asks": [[1944.5, 5055.0], [1945.25, 1000.0], [1948.5, 21745.0], [1953.0, 20339.0], [1953.25, 5084.0], [1953.5, 1271.0], [1959.25, 8.0], [1961.75, 4906.0], [1963.25, 15111.0], [1965.5, 81354.0], [1967.0, 29420.0], [1967.75, 59902.0], [1968.25, 30092.0], [1972.25, 20170.0], [1973.25, 9.0], [1974.0, 20241.0], [1980.75, 19896.0], [1987.0, 11.0], [1997.5, 10092.0], [2001.0, 11.0]]}}}
{"jsonrpc": "2.0", "method": "subscription", "params": {"channel": "book.ETH-6MAR26.none.20.100ms", "data": {"timestamp": 1772206847342, "change_id": 111089265455, "instrument_name": "ETH-6MAR26", "bids": [[1942.75, 625.0], [1942.5, 6701.0], [1942.25, 4331.0], [1940.5, 7301.0], [1938.5, 51.0], [1938.25, 19292.0], [1936.5, 6355.0], [1934.75, 40000.0], [1931.5, 40000.0], [1929.5, 20339.0], [1928.25, 40000.0], [1924.5, 19528.0], [1924.25, 81354.0], [1918.75, 40380.0], [1917.75, 19818.0], [1917.25, 39472.0], [1917.0, 39416.0], [1916.25, 39016.0], [1914.75, 59398.0], [1913.25, 60738.0]], "asks": [[1943.5, 4331.0], [1943.75, 625.0], [1944.5, 1000.0], [1946.5, 7462.0], [1947.5, 76.0], [1949.5, 150.0], [1949.75, 21745.0], [1951.25, 40000.0], [1955.5, 40000.0], [1958.5, 41271.0], [1959.25, 5084.0], [1960.25, 19844.0], [1960.5, 20337.0], [1963.0, 19542.0], [1963.5, 40678.0], [1964.5, 40732.0], [1965.75, 59586.0], [1966.25, 39168.0], [1967.5, 60678.0], [1971.5, 39322.0]]}}}
{"jsonrpc": "2.0", "method": "subscription", "params": {"channel": "book.ETH-13MAR26.none.20.100ms", "data": {"timestamp": 1772206847705, "change_id": 111089266023, "instrument_name": "ETH-13MAR26", "bids": [[1943.75, 625.0], [1943.25, 4430.0], [1936.75, 19292.0], [1934.75, 26694.0], [1923.75, 5051.0], [1923.5, 81359.0], [1922.5, 29105.0], [1922.25, 29521.0], [1921.0, 14846.0], [1920.5, 20586.0], [1920.25, 30500.0], [1919.5, 29344.0], [1913.5, 20590.0], [1913.25, 19750.0], [1903.25, 9731.0], [1885.5, 7051.0]], "asks": [[1944.5, 625.0], [1944.75, 4430.0], [1945.25, 1000.0], [1948.5, 21745.0], [1953.0, 20339.0], [1953.25, 5084.0], [1953.5, 1271.0], [1959.25, 8.0], [1961.75, 4906.0], [1963.25, 15111.0], [1965.5, 81354.0], [1967.0, 29420.0], [1967.75, 59902.0], [1968.25, 30092.0], [1972.25, 20170.0], [1973.25, 9.0], [1974.0, 20241.0], [1980.75, 19896.0], [1987.0, 11.0], [1997.5, 10092.0]]}}}
{"jsonrpc": "2.0", "method": "subscription", "params": {"channel": "book.ETH-6MAR26.none.20.100ms", "data": {"timestamp": 1772206847706, "change_id": 111089266027, "instrument_name": "ETH-6MAR26", "bids": [[1942.75, 625.0], [1942.5, 11032.0], [1940.5, 7301.0], [1938.5, 51.0], [1938.25, 19292.0], [1936.5, 6355.0], [1934.75, 40000.0], [1931.5, 40000.0], [1929.5, 20339.0], [1928.25, 40000.0], [1924.5, 19528.0], [1924.25, 81354.0], [1918.75, 40380.0], [1917.75, 19818.0], [1917.25, 39472.0], [1917.0, 39416.0], [1916.25, 39016.0], [1914.75, 59398.0], [1913.25, 60738.0], [1908.5, 39024.0]], "asks": [[1943.5, 4331.0], [1943.75, 625.0], [1944.5, 1000.0], [1946.5, 7462.0], [1947.5, 76.0], [1949.5, 150.0], [1949.75, 21745.0], [1951.25, 40000.0], [1955.5, 40000.0], [1958.5, 41271.0], [1959.25, 5084.0], [1960.25, 19844.0], [1960.5, 20337.0], [1963.0, 19542.0], [1963.5, 40678.0], [1964.5, 40732.0], [1965.75, 59586.0], [1966.25, 39168.0], [1967.5, 60678.0], [1971.5, 39322.0]]}}}
{"jsonrpc": "2.0", "method": "subscription", "params": {"channel": "book.ETH-13MAR26.none.20.100ms", "data": {"timestamp": 1772206848030, "change_id": 111089266841, "instrument_name": "ETH-13MAR26", "bids": [[1943.5, 625.0], [1943.25, 4430.0], [1936.75, 19292.0], [1934.75, 26694.0], [1924.0, 5051.0], [1923.5, 81359.0], [1921.0, 14846.0], [1920.25, 30500.0], [1919.5, 29344.0], [1913.5, 20590.0], [1913.25, 19750.0], [1903.25, 9731.0], [1885.5, 7051.0]], "asks": [[1944.5, 5055.0], [1945.25, 1000.0], [1948.5, 21745.0], [1953.0, 20339.0], [1953.25, 5084.0], [1953.5, 1271.0], [1959.25, 8.0], [1961.75, 4906.0], [1963.25, 15111.0], [1965.5, 81354.0], [1967.0, 29420.0], [1967.75, 59902.0], [1968.25, 30092.0], [1972.25, 20170.0], [1973.25, 9.0], [1974.0, 20241.0], [1980.75, 19896.0], [1987.0, 11.0], [1997.5, 10092.0], [2001.0, 11.0]]}}}
{"jsonrpc": "2.0", "method": "subscription", "params": {"channel": "book.ETH-6MAR26.none.20.100ms", "data": {"timestamp": 1772206848048, "change_id": 111089266866, "instrument_name": "ETH-6MAR26", "bids": [[1942.75, 625.0], [1942.25, 4331.0], [1938.5, 51.0], [1938.25, 26614.0], [1936.5, 6355.0], [1934.75, 40000.0], [1931.5, 40000.0], [1929.5, 20339.0], [1928.25, 40000.0], [1924.75, 19528.0], [1924.25, 81354.0], [1918.75, 40380.0], [1917.75, 19818.0], [1917.25, 39472.0], [1917.0, 39416.0], [1916.25, 39016.0], [1914.75, 59398.0], [1913.25, 60738.0], [1908.5, 39024.0], [1908.0, 19240.0]], "asks": [[1943.5, 4331.0], [1943.75, 625.0], [1944.5, 1000.0], [1946.5, 7462.0], [1947.5, 76.0], [1949.75, 21745.0], [1951.25, 40000.0], [1955.5, 40000.0], [1958.5, 41271.0], [1959.25, 5084.0], [1960.25, 19844.0], [1960.5, 20337.0], [1963.0, 19542.0], [1963.5, 40678.0], [1964.5, 40732.0], [1965.75, 59586.0], [1966.25, 39168.0], [1967.5, 60678.0], [1971.5, 39322.0], [1975.5, 81351.0]]}}}
{"jsonrpc": "2.0", "method": "subscription", "params": {"channel": "book.ETH-13MAR26.none.20.100ms", "data": {"timestamp": 1772206848402, "change_id": 111089267312, "instrument_name": "ETH-13MAR26", "bids": [[1943.75, 625.0], [1943.5, 4430.0], [1936.75, 19292.0], [1934.75, 26694.0], [1924.25, 5051.0], [1923.5, 81359.0], [1921.0, 14846.0], [1920.25, 30500.0], [1919.75, 29521.0], [1919.5, 29344.0], [1913.75, 20586.0], [1913.5, 20590.0], [1913.25, 19750.0], [1903.25, 9731.0], [1885.5, 7051.0]], "asks": [[1944.5, 625.0], [1944.75, 4430.0], [1945.25, 1000.0], [1948.5, 21745.0], [1953.0, 20339.0], [1953.25, 5084.0], [1953.5, 1271.0], [1959.25, 8.0], [1961.75, 4906.0], [1963.25, 15111.0], [1965.5, 81354.0], [1967.0, 29420.0], [1967.75, 59902.0], [1968.25, 30092.0], [1972.25, 20170.0], [1973.25, 9.0], [1974.0, 20241.0], [1980.75, 19896.0], [1987.0, 11.0], [1997.5, 10092.0]]}}}
{"jsonrpc": "2.0", "method": "subscription", "params": {"channel": "book.ETH-6MAR26.none.20.100ms", "data": {"timestamp": 1772206848350, "change_id": 111089267274, "instrument_name": "ETH-6MAR26", "bids": [[1942.75, 625.0], [1942.5, 11032.0], [1940.5, 7295.0], [1938.5, 51.0], [1938.25, 19292.0], [1936.5, 6355.0], [1934.75, 40000.0], [1931.5, 40000.0], [1929.5, 20339.0], [1928.25, 40000.0], [1924.75, 19528.0], [1924.25, 81354.0], [1918.75, 40380.0], [1917.75, 19818.0], [1917.25, 39472.0], [1917.0, 39416.0], [1916.25, 39016.0], [1914.75, 59398.0], [1913.25, 60738.0], [1908.5, 39024.0]], "asks": [[1943.5, 4331.0], [1943.75, 625.0], [1944.5, 1000.0], [1946.5, 7462.0], [1947.5, 76.0], [1949.75, 21895.0], [1951.25, 40000.0], [1955.5, 40000.0], [1958.5, 41271.0], [1959.25, 5084.0], [1960.25, 19844.0], [1960.5, 20337.0], [1963.0, 19542.0], [1963.5, 40678.0], [1964.5, 40732.0], [1965.75, 59586.0], [1966.25, 39168.0], [1967.5, 60678.0], [1971.5, 39322.0], [1975.5, 81351.0]]}}}
{"jsonrpc": "2.0", "method": "subscription", "params": {"channel": "book.ETH-13MAR26.none.20.100ms", "data": {"timestamp": 1772206848600, "change_id": 111089267506, "instrument_name": "ETH-13MAR26", "bids": [[1943.75, 625.0], [1943.5, 4430.0], [1943.25, 6704.0], [1936.75, 19292.0], [1935.0, 26694.0], [1924.25, 5051.0], [1923.5, 81359.0], [1921.0, 14846.0], [1920.25, 30500.0], [1919.75, 29521.0], [1919.5, 29344.0], [1913.75, 20586.0], [1913.5, 20590.0], [1913.25, 19750.0], [1903.25, 9731.0], [1885.5, 7051.0]], "asks": [[1944.5, 625.0], [1944.75, 4430.0], [1948.5, 21745.0], [1953.0, 20339.0], [1953.25, 5084.0], [1953.5, 1271.0], [1959.25, 8.0], [1961.75, 4906.0], [1963.25, 15111.0], [1965.5, 81354.0], [1967.0, 29420.0], [1967.75, 59902.0], [1968.25, 30092.0], [1972.25, 20170.0], [1973.25, 9.0], [1974.0, 20241.0], [1980.75, 19896.0], [1987.0, 11.0], [1997.5, 10092.0], [2001.0, 11.0]]}}}
{"jsonrpc": "2.0", "method": "subscription", "params": {"channel": "book.ETH-6MAR26.none.20.100ms", "data": {"timestamp": 1772206848722, "change_id": 111089267685, "instrument_name": "ETH-6MAR26", "bids": [[1942.75, 625.0], [1942.5, 11032.0], [1940.5, 7295.0], [1938.5, 63.0], [1938.25, 19292.0], [1936.5, 6355.0], [1934.75, 40000.0], [1931.5, 40000.0], [1929.5, 20339.0], [1928.25, 40000.0], [1924.75, 19528.0], [1924.25, 81354.0], [1918.75, 40380.0], [1917.75, 19818.0], [1917.25, 39472.0], [1917.0, 39416.0], [1916.25, 39016.0], [1914.75, 59398.0], [1913.25, 60738.0], [1908.5, 39024.0]], "asks": [[1943.75, 4956.0], [1944.5, 1000.0], [1946.5, 7462.0], [1947.5, 76.0], [1949.75, 21895.0], [1951.0, 51.0], [1951.25, 40000.0], [1955.5, 40000.0], [1958.5, 41271.0], [1959.25, 5084.0], [1960.25, 19844.0], [1960.5, 20337.0], [1963.0, 19542.0], [1963.5, 40678.0], [1964.5, 40732.0], [1965.75, 59586.0], [1966.25, 39168.0], [1967.5, 60678.0], [1971.5, 39322.0], [1975.5, 81351.0]]}}}
{"jsonrpc": "2.0", "method": "subscription", "params": {"channel": "book.ETH-6MAR26.none.20.100ms", "data": {"timestamp": 1772206849070, "change_id": 111089268336, "instrument_name": "ETH-6MAR26", "bids": [[1942.75, 625.0], [1942.5, 11032.0], [1940.5, 7295.0], [1938.5, 5822.0], [1938.25, 19292.0], [1936.5, 6355.0], [1934.75, 40000.0], [1931.5, 40000.0], [1929.5, 20339.0], [1928.25, 40000.0], [1924.5, 19528.0], [1924.25, 81354.0], [1908.0, 19240.0]], "asks": [[1943.5, 4331.0], [1943.75, 625.0], [1944.25, 299.0], [1944.5, 1000.0], [1946.25, 2227.0], [1946.5, 7462.0], [1947.5, 76.0], [1949.25, 12.0], [1949.75, 21895.0], [1951.0, 51.0], [1951.25, 40000.0], [1955.5, 40000.0], [1958.5, 41271.0], [1959.25, 5084.0], [1960.25, 19844.0], [1960.5, 20337.0], [1963.0, 19542.0], [1963.5, 40678.0], [1964.5, 40732.0], [1975.5, 81351.0]]}}}
{"jsonrpc": "2.0", "method": "subscription", "params": {"channel": "book.ETH-13MAR26.none.20.100ms", "data": {"timestamp": 1772206849056, "change_id": 111089268314, "instrument_name": "ETH-13MAR26", "bids": [[1943.75, 625.0], [1943.25, 11134.0], [1936.75, 19292.0], [1935.0, 26694.0], [1923.75, 5051.0], [1923.5, 81359.0], [1921.25, 29105.0], [1885.5, 7051.0]], "asks": [[1944.5, 5055.0], [1948.5, 21745.0], [1953.0, 20339.0], [1953.25, 5084.0], [1953.5, 1271.0], [1959.25, 8.0], [1961.75, 4906.0], [1963.25, 15111.0], [1965.5, 81354.0], [1973.25, 9.0], [1987.0, 11.0], [2001.0, 11.0], [2006.5, 7487.0], [2015.0, 15.0]]}}}
{"jsonrpc": "2.0", "method": "subscription", "params": {"channel": "book.ETH-13MAR26.none.20.100ms", "data": {"timestamp": 1772206849217, "change_id": 111089268437, "instrument_name": "ETH-13MAR26", "bids": [[1943.75, 625.0], [1943.25, 11134.0], [1937.0, 5759.0], [1936.75, 19292.0], [1935.0, 26694.0], [1924.0, 5051.0], [1923.5, 81359.0], [1921.25, 29105.0], [1921.0, 14846.0], [1920.25, 30500.0], [1919.75, 29521.0], [1919.5, 29344.0], [1913.75, 20586.0], [1913.5, 20590.0], [1913.25, 19750.0], [1885.5, 7051.0]], "asks": [[1944.5, 5055.0], [1948.5, 21745.0], [1952.75, 25423.0], [1953.5, 1271.0], [1959.25, 8.0], [1961.75, 4906.0], [1963.25, 15111.0], [1965.5, 81354.0], [1967.0, 29420.0], [1967.75, 59902.0], [1968.25, 30092.0], [1972.25, 20170.0], [1973.25, 9.0], [1974.0, 20241.0], [1980.75, 19896.0], [1987.0, 11.0], [2001.0, 11.0], [2006.5, 7487.0], [2015.0, 15.0]]}}}
{"jsonrpc": "2.0", "method": "subscription", "params": {"channel": "book.ETH-6MAR26.none.20.100ms", "data": {"timestamp": 1772206849145, "change_id": 111089268418, "instrument_name": "ETH-6MAR26", "bids": [[1942.75, 625.0], [1942.5, 11032.0], [1940.5, 7295.0], [1938.5, 5822.0], [1938.25, 19292.0], [1936.5, 6355.0], [1934.75, 40000.0], [1931.5, 40000.0], [1929.5, 20339.0], [1928.25, 40000.0], [1924.5, 19528.0], [1924.25, 81354.0], [1918.75, 40380.0], [1917.75, 19818.0], [1917.25, 39472.0], [1917.0, 39416.0], [1916.25, 39016.0], [1914.75, 59398.0], [1913.25, 60738.0], [1908.0, 19240.0]], "asks": [[1943.5, 4331.0], [1943.75, 625.0], [1944.25, 299.0], [1944.5, 1000.0], [1946.25, 2227.0], [1946.5, 7462.0], [1947.5, 76.0], [1949.25, 12.0], [1949.75, 21895.0], [1951.0, 51.0], [1951.25, 40000.0], [1955.5, 40000.0], [1958.5, 41271.0], [1959.25, 5084.0], [1960.25, 19844.0], [1960.5, 20337.0], [1963.0, 19542.0], [1963.5, 40678.0], [1964.5, 40732.0], [1965.75, 59586.0]]}}}
{"jsonrpc": "2.0", "method": "subscription", "params": {"channel": "book.ETH-13MAR26.none.20.100ms", "data": {"timestamp": 1772206849697, "change_id": 111089269066, "instrument_name": "ETH-13MAR26", "bids": [[1943.75, 625.0], [1943.25, 11134.0], [1937.0, 5759.0], [1936.75, 19292.0], [1935.25, 25423.0], [1935.0, 1271.0], [1931.75, 14846.0], [1931.0, 30500.0], [1930.25, 29344.0], [1924.0, 5051.0], [1923.75, 79212.0], [1923.5, 81359.0], [1921.5, 20590.0], [1913.25, 19750.0], [1885.5, 7051.0]], "asks": [[1944.5, 5055.0], [1948.5, 21745.0], [1952.75, 25423.0], [1953.5, 1271.0], [1956.5, 15111.0], [1957.25, 29420.0], [1958.0, 29373.0], [1959.0, 34998.0], [1959.25, 8.0], [1965.25, 50699.0], [1965.5, 81354.0], [1973.0, 20241.0], [1973.25, 9.0], [1980.75, 19896.0], [1987.0, 11.0], [2001.0, 11.0], [2006.5, 7487.0], [2015.0, 15.0]]}}}
{"jsonrpc": "2.0", "method": "subscription", "params": {"channel": "book.ETH-6MAR26.none.20.100ms", "data": {"timestamp": 1772206849731, "change_id": 111089269228, "instrument_name": "ETH-6MAR26", "bids": [[1943.0, 625.0], [1942.5, 11032.0], [1940.5, 7295.0], [1938.5, 5822.0], [1938.25, 19292.0], [1936.5, 6355.0], [1934.75, 40000.0], [1931.75, 19528.0], [1931.5, 40000.0], [1930.5, 19818.0], [1930.0, 39472.0], [1929.5, 20339.0], [1929.0, 39016.0], [1928.25, 40000.0], [1924.5, 120136.0], [1924.25, 81354.0], [1918.75, 40380.0], [1917.0, 39416.0], [1908.5, 39024.0], [1908.0, 19240.0]], "asks": [[1943.75, 4956.0], [1944.25, 299.0], [1944.5, 1000.0], [1946.25, 2227.0], [1946.5, 7462.0], [1947.5, 76.0], [1949.25, 12.0], [1949.75, 21895.0], [1951.0, 51.0], [1951.25, 40000.0], [1955.25, 19844.0], [1955.5, 40000.0], [1955.75, 19542.0], [1956.25, 40678.0], [1957.25, 40732.0], [1958.5, 41271.0], [1959.25, 5084.0], [1960.0, 59586.0], [1960.5, 20337.0], [1962.75, 60678.0]]}}}
{"jsonrpc": "2.0", "method": "subscription", "params": {"channel": "book.ETH-6MAR26.none.20.100ms", "data": {"timestamp": 1772206849994, "change_id": 111089270398, "instrument_name": "ETH-6MAR26", "bids": [[1943.0, 625.0], [1942.75, 4331.0], [1940.5, 7295.0], [1938.5, 5822.0], [1938.25, 19292.0], [1936.5, 6355.0], [1934.75, 40000.0], [1931.5, 40000.0], [1929.5, 20339.0], [1928.25, 40000.0], [1924.25, 81354.0], [1908.0, 19240.0]], "asks": [[1943.75, 1479.0], [1944.0, 4956.0], [1944.25, 299.0], [1944.5, 1000.0], [1945.75, 2189.0], [1946.0, 7334.0], [1947.5, 76.0], [1949.25, 12.0], [1949.75, 21895.0], [1951.0, 51.0], [1951.25, 40000.0], [1955.5, 40000.0], [1958.5, 41271.0], [1959.25, 5084.0], [1960.5, 20337.0], [1975.5, 81351.0], [2002.0, 200.0], [2032.0, 200.0], [2036.75, 8.0], [2051.0, 9.0]]}}}
{"jsonrpc": "2.0", "method": "subscription", "params": {"channel": "book.ETH-13MAR26.none.20.100ms", "data": {"timestamp": 1772206849965, "change_id": 111089270399, "instrument_name": "ETH-13MAR26", "bids": [[1944.0, 625.0], [1943.75, 4430.0], [1937.0, 5759.0], [1936.75, 19292.0], [1935.25, 25423.0], [1935.0, 1271.0], [1923.5, 81359.0], [1885.5, 7051.0]], "asks": [[1945.0, 5055.0], [1948.5, 21745.0], [1952.75, 25423.0], [1953.5, 1271.0], [1959.25, 8.0], [1965.5, 81354.0], [1973.25, 9.0], [1987.0, 11.0], [2001.0, 11.0], [2006.5, 7487.0], [2015.0, 15.0]]}}}
{"jsonrpc": "2.0", "method": "subscription", "params": {"channel": "book.ETH-13MAR26.none.20.100ms", "data": {"timestamp": 1772206850374, "change_id": 111089271399, "instrument_name": "ETH-13MAR26", "bids": [[1944.25, 625.0], [1943.75, 4430.0], [1937.0, 5759.0], [1936.75, 19292.0], [1935.25, 25423.0], [1935.0, 1271.0], [1923.5, 81359.0], [1885.5, 7051.0]], "asks": [[1945.0, 625.0], [1945.25, 4430.0], [1948.5, 21745.0], [1952.75, 25423.0], [1953.5, 1271.0], [1959.25, 8.0], [1965.5, 81354.0], [1973.25, 9.0], [1987.0, 11.0], [2001.0, 11.0], [2006.5, 7487.0], [2015.0, 15.0]]}}}
{"jsonrpc": "2.0", "method": "subscription", "params": {"channel": "book.ETH-6MAR26.none.20.100ms", "data": {"timestamp": 1772206850365, "change_id": 111089271377, "instrument_name": "ETH-6MAR26", "bids": [[1943.25, 625.0], [1943.0, 11034.0], [1940.5, 7295.0], [1938.5, 5822.0], [1938.25, 19292.0], [1936.5, 6355.0], [1934.75, 40000.0], [1931.5, 40000.0], [1929.5, 20339.0], [1928.25, 40000.0], [1924.25, 81354.0], [1908.0, 19240.0]], "asks": [[1944.0, 1918.0], [1944.25, 4630.0], [1944.5, 1000.0], [1947.0, 2141.0], [1947.25, 7171.0], [1947.5, 76.0], [1949.25, 12.0], [1949.75, 21895.0], [1951.0, 51.0], [1951.25, 40000.0], [1955.5, 40000.0], [1958.5, 41271.0], [1959.25, 5084.0], [1960.5, 20337.0], [1975.5, 81351.0], [2002.0, 200.0], [2032.0, 200.0], [2036.75, 8.0], [2051.0, 9.0], [2064.25, 3.0]]}}}
{"jsonrpc": "2.0", "method": "subscription", "params": {"channel": "book.ETH-13MAR26.none.20.100ms", "data": {"timestamp": 1772206850716, "change_id": 111089272275, "instrument_name": "ETH-13MAR26", "bids": [[1944.25, 625.0], [1944.0, 4430.0], [1937.25, 51.0], [1937.0, 5759.0], [1936.75, 19292.0], [1935.5, 26694.0], [1931.75, 14846.0], [1931.0, 30500.0], [1930.25, 29344.0], [1923.75, 79212.0], [1923.5, 81359.0], [1921.5, 20590.0], [1885.5, 7051.0]], "asks": [[1945.5, 5055.0], [1948.5, 21745.0], [1952.75, 25423.0], [1953.5, 1271.0], [1956.25, 4906.0], [1956.5, 15111.0], [1957.25, 29420.0], [1958.0, 29373.0], [1959.0, 30092.0], [1959.25, 8.0], [1965.25, 50699.0], [1965.5, 81354.0], [1972.75, 20241.0], [1973.25, 9.0], [1987.0, 11.0], [2001.0, 11.0], [2006.5, 7487.0], [2015.0, 15.0]]}}}
{"jsonrpc": "2.0", "method": "subscription", "params": {"channel": "book.ETH-6MAR26.none.20.100ms", "data": {"timestamp": 1772206850683, "change_id": 111089272147, "instrument_name": "ETH-6MAR26", "bids": [[1943.5, 625.0], [1943.25, 4331.0], [1943.0, 6703.0], [1940.5, 7295.0], [1938.5, 5822.0], [1938.25, 19292.0], [1936.5, 6355.0], [1934.75, 40000.0], [1931.75, 19528.0], [1931.5, 40000.0], [1930.5, 19818.0], [1930.0, 39472.0], [1929.5, 20339.0], [1929.0, 39016.0], [1928.25, 40000.0], [1924.5, 160516.0], [1924.25, 81354.0], [1908.0, 19240.0]], "asks": [[1944.25, 1740.0], [1944.5, 5956.0], [1947.0, 2141.0], [1947.25, 7171.0], [1947.5, 76.0], [1949.25, 12.0], [1949.75, 21895.0], [1951.0, 51.0], [1951.25, 40000.0], [1955.25, 19844.0], [1955.5, 40000.0], [1955.75, 19542.0], [1956.25, 40678.0], [1957.25, 40732.0], [1958.5, 41271.0], [1959.25, 5084.0], [1960.0, 59586.0], [1960.5, 20337.0], [1962.75, 60678.0], [1966.25, 39168.0]]}}}
