{"jsonrpc": "2.0", "id": 1, "result": ["book.ETH-20JUN25.none.20.100ms", "book.ETH-13JUN25.none.20.100ms"], "usIn": 1749569139008888, "usOut": 1749569139009191, "usDiff": 303, "testnet": false}
{"jsonrpc": "2.0", "method": "subscription", "params": {"channel": "book.ETH-20JUN25.none.20.100ms", "data": {"timestamp": 1749569139006, "change_id": 72059318129, "instrument_name": "ETH-20JUN25", "bids": [[2745.5, 9045.0], [2745.25, 3700.0], [2745.0, 4332.0], [2744.75, 2850.0], [2744.5, 7500.0], [2744.25, 160.0], [2744.0, 600.0], [2743.75, 960.0], [2743.5, 1647.0], [2743.25, 1489.0], [2742.75, 456.0], [2742.5, 1520.0], [2742.25, 2242.0], [2742.0, 8019.0], [2741.75, 1652.0], [2741.5, 1508.0], [2741.25, 812.0], [2741.0, 2705.0], [2740.0, 1499.0], [2739.5, 6168.0]], "asks": [[2745.75, 7332.0], [2746.0, 16660.0], [2746.25, 9716.0], [2746.5, 22320.0], [2746.75, 3850.0], [2747.0, 14197.0], [2747.25, 2307.0], [2747.5, 450.0], [2747.75, 2194.0], [2748.0, 2950.0], [2748.25, 1499.0], [2748.75, 450.0], [2749.0, 1770.0], [2749.25, 900.0], [2750.0, 1508.0], [2751.75, 19038.0], [2753.0, 1484.0], [2753.25, 1500.0], [2754.5, 41932.0], [2755.0, 1532.0]]}}}
{"jsonrpc": "2.0", "method": "subscription", "params": {"channel": "book.ETH-13JUN25.none.20.100ms", "data": {"timestamp": 1749569138549, "change_id": 72059317558, "instrument_name": "ETH-13JUN25", "bids": [[2742.5, 7836.0], [2742.25, 2200.0], [2742.0, 9833.0], [2741.75, 9425.0], [2741.5, 160.0], [2741.25, 2250.0], [2741.0, 8500.0], [2740.5, 3821.0], [2740.25, 12737.0], [2739.5, 544.0], [2739.25, 1813.0], [2739.0, 1000.0], [2738.75, 4003.0], [2738.5, 2066.0], [2738.25, 8805.0], [2738.0, 26576.0], [2737.75, 5902.0], [2737.5, 20074.0], [2737.25, 900.0], [2737.0, 552.0]], "asks": [[2742.75, 9920.0], [2743.0, 42171.0], [2743.25, 27513.0], [2743.5, 10332.0], [2743.75, 8255.0], [2744.0, 24761.0], [2744.25, 5400.0], [2744.5, 18000.0], [2744.75, 460.0], [2745.5, 1148.0], [2745.75, 1826.0], [2746.0, 26961.0], [2746.25, 90000.0], [2746.75, 544.0], [2747.0, 1813.0], [2747.75, 539.0], [2748.0, 16197.0], [2748.25, 48000.0], [2748.75, 2397.0], [2750.0, 1797.0]]}}}
{"jsonrpc": "2.0", "method": "subscription", "params": {"channel": "book.ETH-13JUN25.none.20.100ms", "data": {"timestamp": 1749569139205, "change_id": 72059318311, "instrument_name": "ETH-13JUN25", "bids": [[2742.5, 7836.0], [2742.25, 2200.0], [2742.0, 9833.0], [2741.75, 9425.0], [2741.5, 160.0], [2741.25, 2250.0], [2741.0, 8500.0], [2740.5, 3821.0], [2740.25, 12737.0], [2739.5, 544.0], [2739.25, 1813.0], [2739.0, 1000.0], [2738.75, 4003.0], [2738.5, 2066.0], [2738.25, 8805.0], [2738.0, 26576.0], [2737.75, 5902.0], [2737.5, 20074.0], [2737.25, 900.0], [2737.0, 552.0]], "asks": [[2742.75, 9920.0], [2743.0, 42171.0], [2743.25, 27513.0], [2743.5, 10332.0], [2743.75, 8255.0], [2744.0, 24761.0], [2744.25, 5400.0], [2744.5, 18000.0], [2744.75, 460.0], [2745.5, 1148.0], [2745.75, 1826.0], [2746.0, 26961.0], [2746.25, 90000.0], [2746.75, 544.0], [2747.0, 1813.0], [2747.75, 539.0], [2748.0, 16197.0], [2748.25, 48000.0], [2748.75, 2397.0], [2750.0, 1797.0]]}}}
{"jsonrpc": "2.0", "method": "subscription", "params": {"channel": "book.ETH-20JUN25.none.20.100ms", "data": {"timestamp": 1749569139249, "change_id": 72059318321, "instrument_name": "ETH-20JUN25", "bids": [[2745.5, 9045.0], [2745.25, 3700.0], [2745.0, 4332.0], [2744.75, 2850.0], [2744.5, 7500.0], [2744.25, 160.0], [2744.0, 600.0], [2743.75, 960.0], [2743.5, 1647.0], [2743.25, 1489.0], [2742.75, 456.0], [2742.5, 1520.0], [2742.25, 2242.0], [2742.0, 8019.0], [2741.75, 1652.0], [2741.5, 1508.0], [2741.25, 812.0], [2741.0, 2705.0], [2740.0, 1499.0], [2739.5, 6168.0]], "asks": [[2745.75, 7333.0], [2746.0, 16660.0], [2746.25, 9716.0], [2746.5, 22320.0], [2746.75, 3850.0], [2747.0, 14197.0], [2747.25, 2307.0], [2747.5, 450.0], [2747.75, 2194.0], [2748.0, 2950.0], [2748.25, 1499.0], [2748.75, 450.0], [2749.0, 1770.0], [2749.25, 900.0], [2750.0, 1508.0], [2751.75, 19038.0], [2753.0, 1484.0], [2753.25, 1500.0], [2754.5, 41932.0], [2755.0, 1532.0]]}}}
{"jsonrpc": "2.0", "method": "subscription", "params": {"channel": "book.ETH-20JUN25.none.20.100ms", "data": {"timestamp": 1749569139575, "change_id": 72059318713, "instrument_name": "ETH-20JUN25", "bids": [[2745.5, 9045.0], [2745.25, 3700.0], [2745.0, 4332.0], [2744.75, 2850.0], [2744.5, 7500.0], [2744.25, 160.0], [2744.0, 600.0], [2743.75, 960.0], [2743.5, 1647.0], [2743.25, 1489.0], [2742.75, 456.0], [2742.5, 1520.0], [2742.25, 2242.0], [2742.0, 8019.0], [2741.75, 1652.0], [2741.5, 1508.0], [2741.25, 812.0], [2741.0, 2705.0], [2740.0, 1499.0], [2739.5, 6168.0]], "asks": [[2745.75, 7332.0], [2746.0, 16660.0], [2746.25, 9716.0], [2746.5, 22320.0], [2746.75, 3850.0], [2747.0, 14197.0], [2747.25, 2307.0], [2747.5, 450.0], [2747.75, 2194.0], [2748.0, 2950.0], [2748.25, 1499.0], [2748.75, 450.0], [2749.0, 1770.0], [2749.25, 900.0], [2750.0, 1508.0], [2751.75, 19038.0], [2753.0, 1484.0], [2753.25, 1500.0], [2754.5, 41932.0], [2755.0, 1532.0]]}}}
{"jsonrpc": "2.0", "method": "subscription", "params": {"channel": "book.ETH-13JUN25.none.20.100ms", "data": {"timestamp": 1749569139858, "change_id": 72059319107, "instrument_name": "ETH-13JUN25", "bids": [[2742.25, 7835.0], [2742.0, 2178.0], [2741.75, 11315.0], [2741.5, 160.0], [2741.25, 2250.0], [2741.0, 8500.0], [2740.5, 3821.0], [2740.25, 12737.0], [2739.5, 544.0], [2739.25, 1813.0], [2739.0, 1000.0], [2738.75, 4003.0], [2738.5, 2066.0], [2738.25, 8805.0], [2738.0, 26576.0], [2737.75, 5902.0], [2737.5, 20074.0], [2737.25, 900.0], [2737.0, 552.0], [2736.75, 2550.0]], "asks": [[2742.5, 6105.0], [2742.75, 16479.0], [2743.0, 36263.0], [2743.25, 7822.0], [2743.5, 8328.0], [2743.75, 8255.0], [2744.0, 24761.0], [2744.25, 5400.0], [2744.5, 18000.0], [2744.75, 460.0], [2745.5, 1148.0], [2745.75, 1826.0], [2746.0, 26961.0], [2746.25, 90000.0], [2746.75, 544.0], [2747.0, 1813.0], [2747.75, 539.0], [2748.0, 16197.0], [2748.25, 48000.0], [2748.75, 2397.0]]}}}
{"jsonrpc": "2.0", "method": "subscription", "params": {"channel": "book.ETH-20JUN25.none.20.100ms", "data": {"timestamp": 1749569139901, "change_id": 72059319137, "instrument_name": "ETH-20JUN25", "bids": [[2745.5, 9045.0], [2745.25, 2400.0], [2745.0, 600.0], [2744.75, 2850.0], [2744.5, 11232.0], [2744.25, 160.0], [2744.0, 600.0], [2743.75, 960.0], [2743.5, 1647.0], [2743.25, 1489.0], [2742.75, 456.0], [2742.5, 1520.0], [2742.25, 2242.0], [2742.0, 8019.0], [2741.75, 1652.0], [2741.5, 1508.0], [2741.25, 812.0], [2741.0, 2705.0], [2740.0, 1499.0], [2739.5, 6168.0]], "asks": [[2745.75, 7332.0], [2746.0, 16660.0], [2746.25, 9716.0], [2746.5, 22320.0], [2746.75, 3850.0], [2747.0, 14197.0], [2747.25, 2307.0], [2747.5, 450.0], [2747.75, 2194.0], [2748.0, 2950.0], [2748.25, 1499.0], [2748.75, 450.0], [2749.0, 1770.0], [2749.25, 900.0], [2750.0, 1508.0], [2751.75, 19038.0], [2753.0, 1484.0], [2753.25, 1500.0], [2754.5, 41932.0], [2755.0, 1532.0]]}}}
{"jsonrpc": "2.0", "method": "subscription", "params": {"channel": "book.ETH-13JUN25.none.20.100ms", "data": {"timestamp": 1749569140047, "change_id": 72059319411, "instrument_name": "ETH-13JUN25", "bids": [[2742.25, 7835.0], [2742.0, 7588.0], [2741.75, 11315.0], [2741.5, 160.0], [2741.25, 2250.0], [2741.0, 8500.0], [2740.5, 3821.0], [2740.25, 12737.0], [2739.5, 544.0], [2739.25, 1813.0], [2739.0, 1000.0], [2738.75, 4003.0], [2738.5, 2066.0], [2738.25, 8805.0], [2738.0, 26576.0], [2737.75, 5902.0], [2737.5, 20074.0], [2737.25, 900.0], [2737.0, 552.0], [2736.75, 2550.0]], "asks": [[2742.5, 6105.0], [2742.75, 25045.0], [2743.0, 69176.0], [2743.25, 7822.0], [2743.5, 8328.0], [2743.75, 8255.0], [2744.0, 24761.0], [2744.25, 5400.0], [2744.5, 18000.0], [2744.75, 460.0], [2745.5, 1148.0], [2745.75, 1826.0], [2746.0, 26961.0], [2746.25, 90000.0], [2746.75, 544.0], [2747.0, 1813.0], [2747.75, 539.0], [2748.0, 16197.0], [2748.25, 48000.0], [2748.75, 2397.0]]}}}
{"jsonrpc": "2.0", "method": "subscription", "params": {"channel": "book.ETH-20JUN25.none.20.100ms", "data": {"timestamp": 1749569140208, "change_id": 72059319549, "instrument_name": "ETH-20JUN25", "bids": [[2745.5, 9045.0], [2745.25, 2400.0], [2745.0, 1900.0], [2744.75, 6582.0], [2744.5, 7500.0], [2744.25, 160.0], [2744.0, 600.0], [2743.75, 960.0], [2743.5, 1647.0], [2743.25, 1489.0], [2742.75, 456.0], [2742.5, 1520.0], [2742.25, 2242.0], [2742.0, 8019.0], [2741.75, 1652.0], [2741.5, 1508.0], [2741.25, 812.0], [2741.0, 2705.0], [2740.0, 1499.0], [2739.5, 6168.0]], "asks": [[2745.75, 7333.0], [2746.0, 16660.0], [2746.25, 3228.0], [2746.5, 600.0], [2746.75, 3850.0], [2747.0, 15601.0], [2747.5, 450.0], [2747.75, 2194.0], [2748.0, 2950.0], [2748.25, 1499.0], [2748.75, 450.0], [2749.0, 1770.0], [2749.25, 900.0], [2750.0, 1508.0], [2751.75, 19038.0], [2753.0, 1484.0], [2753.25, 1500.0], [2754.5, 41932.0], [2755.0, 1532.0], [2755.5, 36723.0]]}}}
{"jsonrpc": "2.0", "method": "subscription", "params": {"channel": "book.ETH-13JUN25.none.20.100ms", "data": {"timestamp": 1749569140559, "change_id": 72059320024, "instrument_name": "ETH-13JUN25", "bids": [[2742.25, 10035.0], [2742.0, 7588.0], [2741.75, 11315.0], [2741.25, 2250.0], [2741.0, 8500.0], [2740.75, 160.0], [2740.5, 3821.0], [2740.25, 12737.0], [2739.5, 544.0], [2739.25, 1813.0], [2739.0, 1000.0], [2738.75, 4003.0], [2738.5, 2066.0], [2738.25, 8805.0], [2738.0, 26576.0], [2737.75, 5902.0], [2737.5, 20074.0], [2737.25, 900.0], [2737.0, 552.0], [2736.75, 2550.0]], "asks": [[2742.5, 6105.0], [2742.75, 16479.0], [2743.0, 35719.0], [2743.25, 5818.0], [2743.5, 8328.0], [2743.75, 8255.0], [2744.0, 26765.0], [2744.25, 5400.0], [2744.5, 18000.0], [2744.75, 460.0], [2745.5, 1148.0], [2745.75, 1826.0], [2746.0, 26961.0], [2746.25, 90000.0], [2746.75, 544.0], [2747.0, 1813.0], [2747.75, 539.0], [2748.0, 16197.0], [2748.25, 48000.0], [2748.75, 2397.0]]}}}
{"jsonrpc": "2.0", "method": "subscription", "params": {"channel": "book.ETH-20JUN25.none.20.100ms", "data": {"timestamp": 1749569140464, "change_id": 72059319842, "instrument_name": "ETH-20JUN25", "bids": [[2745.5, 9045.0], [2745.25, 2400.0], [2745.0, 1900.0], [2744.75, 6582.0], [2744.5, 7500.0], [2744.0, 600.0], [2743.75, 960.0], [2743.5, 1807.0], [2743.25, 1489.0], [2742.75, 456.0], [2742.5, 1520.0], [2742.25, 2242.0], [2742.0, 8019.0], [2741.75, 1652.0], [2741.5, 1508.0], [2741.25, 812.0], [2741.0, 2705.0], [2740.0, 1499.0], [2739.5, 6168.0], [2737.5, 1481.0]], "asks": [[2745.75, 7332.0], [2746.0, 26433.0], [2746.25, 36181.0], [2746.5, 600.0], [2746.75, 3850.0], [2747.0, 13595.0], [2747.5, 450.0], [2747.75, 4200.0], [2748.0, 2950.0], [2748.25, 1499.0], [2748.75, 450.0], [2749.0, 1770.0], [2749.25, 900.0], [2750.0, 1508.0], [2751.75, 19038.0], [2753.0, 1484.0], [2753.25, 1500.0], [2754.5, 41932.0], [2755.0, 1532.0], [2755.5, 36723.0]]}}}
{"jsonrpc": "2.0", "method": "subscription", "params": {"channel": "book.ETH-13JUN25.none.20.100ms", "data": {"timestamp": 1749569140786, "change_id": 72059320097, "instrument_name": "ETH-13JUN25", "bids": [[2742.25, 7835.0], [2742.0, 10282.0], [2741.75, 7410.0], [2741.25, 2410.0], [2741.0, 8500.0], [2740.5, 3821.0], [2740.25, 12737.0], [2739.5, 544.0], [2739.25, 1813.0], [2739.0, 1000.0], [2738.75, 4003.0], [2738.5, 2066.0], [2738.25, 8805.0], [2738.0, 26576.0], [2737.75, 5902.0], [2737.5, 20074.0], [2737.25, 900.0], [2737.0, 552.0], [2736.75, 2550.0], [2736.0, 2723.0]], "asks": [[2742.5, 6105.0], [2742.75, 49391.0], [2743.0, 35719.0], [2743.25, 5818.0], [2743.5, 8328.0], [2743.75, 8255.0], [2744.0, 26765.0], [2744.25, 5400.0], [2744.5, 18000.0], [2744.75, 460.0], [2745.5, 1148.0], [2745.75, 1826.0], [2746.0, 26961.0], [2746.25, 90000.0], [2746.75, 544.0], [2747.0, 1813.0], [2747.75, 539.0], [2748.0, 16197.0], [2748.25, 48000.0], [2748.75, 2397.0]]}}}
{"jsonrpc": "2.0", "method": "subscription", "params": {"channel": "book.ETH-20JUN25.none.20.100ms", "data": {"timestamp": 1749569140850, "change_id": 72059320205, "instrument_name": "ETH-20JUN25", "bids": [[2745.5, 9045.0], [2745.25, 2400.0], [2745.0, 1900.0], [2744.75, 6582.0], [2744.5, 7500.0], [2744.25, 228.0], [2744.0, 760.0], [2743.75, 960.0], [2743.5, 1647.0], [2743.25, 1489.0], [2742.75, 456.0], [2742.5, 1520.0], [2742.25, 442.0], [2742.0, 3645.0], [2741.75, 7837.0], [2741.5, 1508.0], [2741.25, 812.0], [2741.0, 2705.0], [2740.0, 1499.0], [2739.5, 6168.0]], "asks": [[2745.75, 7332.0], [2746.0, 26433.0], [2746.25, 36181.0], [2746.5, 600.0], [2746.75, 3850.0], [2747.0, 15601.0], [2747.5, 450.0], [2747.75, 2194.0], [2748.0, 2950.0], [2748.25, 1499.0], [2748.75, 450.0], [2749.0, 1770.0], [2749.25, 900.0], [2750.0, 1508.0], [2751.75, 19038.0], [2753.0, 1484.0], [2753.25, 1500.0], [2754.5, 41932.0], [2755.0, 1532.0], [2755.5, 36723.0]]}}}
{"jsonrpc": "2.0", "method": "subscription", "params": {"channel": "book.ETH-13JUN25.none.20.100ms", "data": {"timestamp": 1749569141033, "change_id": 72059320409, "instrument_name": "ETH-13JUN25", "bids": [[2742.25, 7835.0], [2742.0, 10282.0], [2741.75, 7410.0], [2741.25, 2410.0], [2741.0, 8500.0], [2740.5, 3821.0], [2740.25, 12737.0], [2739.5, 544.0], [2739.25, 1813.0], [2739.0, 1000.0], [2738.75, 4003.0], [2738.5, 2066.0], [2738.25, 8805.0], [2738.0, 26576.0], [2737.75, 5902.0], [2737.5, 21074.0], [2737.25, 900.0], [2737.0, 552.0], [2736.75, 2550.0], [2736.0, 2723.0]], "asks": [[2742.5, 6105.0], [2742.75, 49391.0], [2743.0, 36263.0], [2743.25, 7822.0], [2743.5, 8328.0], [2743.75, 8255.0], [2744.0, 24761.0], [2744.25, 5400.0], [2744.5, 18000.0], [2744.75, 460.0], [2745.5, 1148.0], [2745.75, 1826.0], [2746.0, 26961.0], [2746.25, 90000.0], [2746.75, 544.0], [2747.0, 1813.0], [2747.75, 539.0], [2748.0, 16197.0], [2748.25, 48000.0], [2748.75, 2397.0]]}}}
{"jsonrpc": "2.0", "method": "subscription", "params": {"channel": "book.ETH-20JUN25.none.20.100ms", "data": {"timestamp": 1749569141185, "change_id": 72059320574, "instrument_name": "ETH-20JUN25", "bids": [[2745.5, 9045.0], [2745.25, 2400.0], [2745.0, 1900.0], [2744.75, 6582.0], [2744.5, 7500.0], [2744.25, 228.0], [2744.0, 760.0], [2743.75, 960.0], [2743.5, 1647.0], [2743.25, 1489.0], [2742.75, 456.0], [2742.5, 1520.0], [2742.25, 442.0], [2742.0, 3645.0], [2741.75, 7837.0], [2741.5, 1508.0], [2741.25, 812.0], [2741.0, 2705.0], [2740.0, 1499.0], [2739.5, 6168.0]], "asks": [[2745.75, 7333.0], [2746.0, 26433.0], [2746.25, 36181.0], [2746.5, 600.0], [2746.75, 3850.0], [2747.0, 15601.0], [2747.5, 450.0], [2747.75, 2194.0], [2748.0, 2950.0], [2748.25, 1499.0], [2748.75, 450.0], [2749.0, 1770.0], [2749.25, 900.0], [2750.0, 1508.0], [2751.75, 19038.0], [2753.0, 1484.0], [2753.25, 1500.0], [2754.5, 41932.0], [2755.0, 1532.0], [2755.5, 36723.0]]}}}
{"jsonrpc": "2.0", "method": "subscription", "params": {"channel": "book.ETH-13JUN25.none.20.100ms", "data": {"timestamp": 1749569141549, "change_id": 72059321050, "instrument_name": "ETH-13JUN25", "bids": [[2742.25, 10035.0], [2742.0, 10282.0], [2741.75, 7410.0], [2741.25, 2410.0], [2741.0, 8500.0], [2740.5, 3821.0], [2740.25, 12737.0], [2739.5, 544.0], [2739.25, 1813.0], [2739.0, 1000.0], [2738.75, 4003.0], [2738.5, 2066.0], [2738.25, 8805.0], [2738.0, 26576.0], [2737.75, 5902.0], [2737.5, 20074.0], [2737.25, 900.0], [2737.0, 552.0], [2736.75, 2550.0], [2736.0, 2723.0]], "asks": [[2742.5, 6105.0], [2742.75, 49391.0], [2743.0, 33519.0], [2743.25, 5622.0], [2743.5, 8328.0], [2743.75, 8255.0], [2744.0, 24761.0], [2744.25, 5400.0], [2744.5, 18000.0], [2744.75, 460.0], [2745.5, 1148.0], [2745.75, 1826.0], [2746.0, 26961.0], [2746.25, 90000.0], [2746.75, 544.0], [2747.0, 1813.0], [2747.75, 539.0], [2748.0, 16197.0], [2748.25, 48000.0], [2748.75, 2397.0]]}}}
{"jsonrpc": "2.0", "method": "subscription", "params": {"channel": "book.ETH-20JUN25.none.20.100ms", "data": {"timestamp": 1749569141556, "change_id": 72059321052, "instrument_name": "ETH-20JUN25", "bids": [[2745.5, 9045.0], [2745.25, 2400.0], [2745.0, 1900.0], [2744.75, 6582.0], [2744.5, 7500.0], [2744.25, 228.0], [2744.0, 760.0], [2743.75, 960.0], [2743.5, 1647.0], [2743.25, 1489.0], [2742.75, 456.0], [2742.5, 1520.0], [2742.25, 442.0], [2742.0, 3645.0], [2741.75, 7837.0], [2741.5, 1508.0], [2741.25, 812.0], [2741.0, 2705.0], [2740.0, 1499.0], [2739.5, 6168.0]], "asks": [[2745.75, 7333.0], [2746.0, 26433.0], [2746.25, 36181.0], [2746.5, 600.0], [2746.75, 3850.0], [2747.0, 15601.0], [2747.5, 450.0], [2747.75, 2194.0], [2748.0, 2950.0], [2748.25, 1499.0], [2748.75, 450.0], [2749.0, 1770.0], [2749.25, 900.0], [2750.0, 1508.0], [2751.75, 19038.0], [2753.0, 1484.0], [2753.25, 1500.0], [2754.5, 41932.0], [2755.0, 1532.0], [2755.5, 36723.0]]}}}
{"jsonrpc": "2.0", "method": "subscription", "params": {"channel": "book.ETH-13JUN25.none.20.100ms", "data": {"timestamp": 1749569141605, "change_id": 72059321299, "instrument_name": "ETH-13JUN25", "bids": [[2742.25, 10035.0], [2742.0, 10282.0], [2741.75, 7410.0], [2741.25, 2410.0], [2741.0, 8500.0], [2740.5, 3821.0], [2740.25, 12737.0], [2739.5, 544.0], [2739.25, 1813.0], [2739.0, 1000.0], [2738.75, 4003.0], [2738.5, 2066.0], [2738.25, 8805.0], [2738.0, 26576.0], [2737.75, 5902.0], [2737.5, 20074.0], [2737.25, 900.0], [2737.0, 552.0], [2736.75, 2550.0], [2736.0, 2723.0]], "asks": [[2742.5, 2200.0], [2742.75, 53296.0], [2743.0, 32907.0], [2743.25, 3618.0], [2743.5, 8328.0], [2743.75, 8255.0], [2744.0, 26765.0], [2744.25, 5400.0], [2744.5, 18000.0], [2744.75, 460.0], [2745.5, 1148.0], [2745.75, 1826.0], [2746.0, 26961.0], [2746.25, 90000.0], [2746.75, 544.0], [2747.0, 1813.0], [2747.75, 539.0], [2748.0, 16197.0], [2748.25, 48000.0], [2748.75, 2397.0]]}}}
{"jsonrpc": "2.0", "method": "subscription", "params": {"channel": "book.ETH-20JUN25.none.20.100ms", "data": {"timestamp": 1749569141808, "change_id": 72059321209, "instrument_name": "ETH-20JUN25", "bids": [[2745.5, 9045.0], [2745.25, 3700.0], [2745.0, 4332.0], [2744.75, 2850.0], [2744.5, 7500.0], [2744.25, 228.0], [2744.0, 760.0], [2743.75, 960.0], [2743.5, 1647.0], [2743.25, 1489.0], [2742.75, 456.0], [2742.5, 1520.0], [2742.25, 442.0], [2742.0, 3645.0], [2741.75, 7837.0], [2741.5, 1508.0], [2741.25, 812.0], [2741.0, 2705.0], [2740.0, 1499.0], [2739.5, 6168.0]], "asks": [[2745.75, 7332.0], [2746.0, 26433.0], [2746.25, 36181.0], [2746.75, 3850.0], [2747.0, 13595.0], [2747.5, 450.0], [2747.75, 4200.0], [2748.0, 2950.0], [2748.25, 1499.0], [2748.75, 450.0], [2749.0, 1770.0], [2749.25, 900.0], [2750.0, 1508.0], [2751.75, 19038.0], [2753.0, 1484.0], [2753.25, 1500.0], [2754.5, 41932.0], [2755.0, 1532.0], [2755.5, 36723.0], [2757.5, 1508.0]]}}}
{"jsonrpc": "2.0", "method": "subscription", "params": {"channel": "book.ETH-13JUN25.none.20.100ms", "data": {"timestamp": 1749569141940, "change_id": 72059321445, "instrument_name": "ETH-13JUN25", "bids": [[2742.25, 10035.0], [2742.0, 10282.0], [2741.75, 7410.0], [2741.25, 2410.0], [2741.0, 8500.0], [2740.5, 3821.0], [2740.25, 12737.0], [2739.5, 544.0], [2739.25, 1813.0], [2739.0, 1000.0], [2738.75, 4003.0], [2738.5, 2066.0], [2738.25, 8805.0], [2738.0, 26576.0], [2737.75, 5902.0], [2737.5, 20074.0], [2737.25, 900.0], [2737.0, 552.0], [2736.75, 2550.0], [2736.0, 2723.0]], "asks": [[2742.5, 2200.0], [2742.75, 20384.0], [2743.0, 32907.0], [2743.25, 3618.0], [2743.5, 8328.0], [2743.75, 8255.0], [2744.0, 26765.0], [2744.25, 5400.0], [2744.5, 18000.0], [2744.75, 460.0], [2745.5, 1148.0], [2745.75, 1826.0], [2746.0, 26961.0], [2746.25, 90000.0], [2746.75, 544.0], [2747.0, 1813.0], [2747.75, 539.0], [2748.0, 16197.0], [2748.25, 48000.0], [2748.75, 2397.0]]}}}
{"jsonrpc": "2.0", "method": "subscription", "params": {"channel": "book.ETH-20JUN25.none.20.100ms", "data": {"timestamp": 1749569142010, "change_id": 72059321528, "instrument_name": "ETH-20JUN25", "bids": [[2745.5, 9045.0], [2745.25, 3700.0], [2745.0, 4332.0], [2744.75, 2850.0], [2744.5, 7500.0], [2744.25, 228.0], [2744.0, 760.0], [2743.75, 960.0], [2743.5, 1647.0], [2743.25, 1489.0], [2742.75, 456.0], [2742.5, 1520.0], [2742.25, 442.0], [2742.0, 3645.0], [2741.75, 7837.0], [2741.5, 1508.0], [2741.25, 812.0], [2741.0, 2705.0], [2740.0, 1499.0], [2739.5, 6168.0]], "asks": [[2745.75, 7332.0], [2746.0, 26433.0], [2746.25, 36181.0], [2746.75, 3850.0], [2747.0, 13595.0], [2747.5, 450.0], [2747.75, 4200.0], [2748.0, 2950.0], [2748.25, 1499.0], [2748.75, 450.0], [2749.0, 1770.0], [2749.25, 900.0], [2750.0, 1508.0], [2751.75, 19038.0], [2753.0, 1484.0], [2753.25, 1500.0], [2754.5, 41932.0], [2755.0, 1532.0], [2755.5, 36723.0], [2757.5, 1508.0]]}}}
{"jsonrpc": "2.0", "method": "subscription", "params": {"channel": "book.ETH-13JUN25.none.20.100ms", "data": {"timestamp": 1749569142242, "change_id": 72059321704, "instrument_name": "ETH-13JUN25", "bids": [[2742.25, 10035.0], [2742.0, 10282.0], [2741.75, 7410.0], [2741.25, 2410.0], [2741.0, 8500.0], [2740.5, 3821.0], [2740.25, 12737.0], [2739.5, 544.0], [2739.25, 1813.0], [2739.0, 1000.0], [2738.75, 4003.0], [2738.5, 2066.0], [2738.25, 8805.0], [2738.0, 26576.0], [2737.75, 311.0], [2737.5, 7440.0], [2737.25, 18900.0], [2737.0, 552.0], [2736.75, 2550.0], [2736.0, 2723.0]], "asks": [[2742.5, 2200.0], [2742.75, 20384.0], [2743.0, 32907.0], [2743.25, 3618.0], [2743.5, 8328.0], [2743.75, 8255.0], [2744.0, 26765.0], [2744.25, 5400.0], [2744.5, 18000.0], [2744.75, 460.0], [2745.5, 1148.0], [2745.75, 1826.0], [2746.0, 26961.0], [2746.25, 90000.0], [2746.75, 544.0], [2747.0, 1813.0], [2747.75, 539.0], [2748.0, 16197.0], [2748.25, 48000.0], [2748.75, 2397.0]]}}}
{"jsonrpc": "2.0", "method": "subscription", "params": {"channel": "book.ETH-20JUN25.none.20.100ms", "data": {"timestamp": 1749569142548, "change_id": 72059322131, "instrument_name": "ETH-20JUN25", "bids": [[2745.5, 9045.0], [2745.25, 3700.0], [2745.0, 4332.0], [2744.75, 2850.0], [2744.5, 7500.0], [2744.25, 228.0], [2744.0, 760.0], [2743.75, 960.0], [2743.5, 1647.0], [2743.25, 1489.0], [2742.75, 456.0], [2742.5, 1520.0], [2742.25, 442.0], [2742.0, 3645.0], [2741.75, 7837.0], [2741.5, 1508.0], [2741.25, 812.0], [2741.0, 2705.0], [2740.0, 1499.0], [2739.5, 6168.0]], "asks": [[2745.75, 7332.0], [2746.0, 26433.0], [2746.25, 36181.0], [2746.75, 3850.0], [2747.0, 13595.0], [2747.5, 450.0], [2747.75, 4200.0], [2748.0, 2950.0], [2748.25, 1499.0], [2748.75, 450.0], [2749.0, 1770.0], [2749.25, 900.0], [2750.0, 1508.0], [2751.75, 19038.0], [2753.0, 1484.0], [2753.25, 1500.0], [2754.5, 41932.0], [2755.0, 1532.0], [2755.5, 36723.0], [2757.5, 1508.0]]}}}
{"jsonrpc": "2.0", "method": "subscription", "params": {"channel": "book.ETH-13JUN25.none.20.100ms", "data": {"timestamp": 1749569142752, "change_id": 72059322209, "instrument_name": "ETH-13JUN25", "bids": [[2742.25, 10035.0], [2742.0, 10282.0], [2741.75, 7410.0], [2741.25, 2410.0], [2741.0, 8500.0], [2740.5, 3821.0], [2740.25, 12737.0], [2739.5, 544.0], [2739.25, 1813.0], [2739.0, 1000.0], [2738.75, 4003.0], [2738.5, 2066.0], [2738.25, 8805.0], [2738.0, 26576.0], [2737.75, 311.0], [2737.5, 7440.0], [2737.25, 18900.0], [2737.0, 552.0], [2736.75, 2550.0], [2736.0, 2723.0]], "asks": [[2742.5, 2800.0], [2742.75, 53296.0], [2743.0, 32907.0], [2743.25, 3618.0], [2743.5, 8328.0], [2743.75, 8255.0], [2744.0, 26765.0], [2744.25, 5400.0], [2744.5, 18000.0], [2744.75, 460.0], [2745.5, 1148.0], [2745.75, 1826.0], [2746.0, 26961.0], [2746.25, 90000.0], [2746.75, 544.0], [2747.0, 1813.0], [2747.75, 539.0], [2748.0, 16197.0], [2748.25, 48000.0], [2748.75, 2397.0]]}}}
{"jsonrpc": "2.0", "method": "subscription", "params": {"channel": "book.ETH-20JUN25.none.20.100ms", "data": {"timestamp": 1749569142810, "change_id": 72059322248, "instrument_name": "ETH-20JUN25", "bids": [[2745.5, 9045.0], [2745.25, 3700.0], [2745.0, 4332.0], [2744.75, 2850.0], [2744.5, 7500.0], [2744.25, 228.0], [2744.0, 760.0], [2743.75, 960.0], [2743.5, 1647.0], [2743.25, 1489.0], [2742.75, 456.0], [2742.5, 1520.0], [2742.25, 442.0], [2742.0, 3645.0], [2741.75, 7837.0], [2741.5, 1508.0], [2741.25, 812.0], [2741.0, 2705.0], [2740.0, 1499.0], [2739.5, 6168.0]], "asks": [[2745.75, 7332.0], [2746.0, 26433.0], [2746.25, 36181.0], [2746.75, 3850.0], [2747.0, 13595.0], [2747.5, 996.0], [2747.75, 4200.0], [2748.0, 2950.0], [2748.25, 1499.0], [2748.75, 450.0], [2749.0, 1770.0], [2749.25, 900.0], [2750.0, 1508.0], [2751.75, 19038.0], [2753.0, 1484.0], [2753.25, 1500.0], [2754.5, 41932.0], [2755.0, 1532.0], [2755.5, 36723.0], [2757.5, 1508.0]]}}}
{"jsonrpc": "2.0", "method": "subscription", "params": {"channel": "book.ETH-20JUN25.none.20.100ms", "data": {"timestamp": 1749569143030, "change_id": 72059322538, "instrument_name": "ETH-20JUN25", "bids": [[2745.5, 9045.0], [2745.25, 3700.0], [2745.0, 4332.0], [2744.75, 2850.0], [2744.5, 7500.0], [2744.25, 228.0], [2744.0, 760.0], [2743.75, 960.0], [2743.5, 1647.0], [2743.25, 1489.0], [2742.75, 456.0], [2742.5, 1520.0], [2742.25, 442.0], [2742.0, 3645.0], [2741.75, 7837.0], [2741.5, 1508.0], [2741.25, 812.0], [2741.0, 2705.0], [2740.0, 1499.0], [2739.5, 6168.0]], "asks": [[2745.75, 7332.0], [2746.0, 26433.0], [2746.25, 36181.0], [2746.75, 3850.0], [2747.0, 13595.0], [2747.5, 996.0], [2747.75, 4200.0], [2748.0, 2950.0], [2748.25, 1499.0], [2748.75, 450.0], [2749.0, 1770.0], [2749.25, 900.0], [2750.0, 1508.0], [2751.75, 19038.0], [2753.0, 1484.0], [2753.25, 1500.0], [2754.5, 41932.0], [2755.0, 1532.0], [2755.5, 36723.0], [2757.5, 1508.0]]}}}
{"jsonrpc": "2.0", "method": "subscription", "params": {"channel": "book.ETH-13JUN25.none.20.100ms", "data": {"timestamp": 1749569143548, "change_id": 72059323227, "instrument_name": "ETH-13JUN25", "bids": [[2742.25, 11535.0], [2742.0, 10282.0], [2741.75, 7410.0], [2741.25, 2410.0], [2741.0, 8500.0], [2740.0, 3821.0], [2739.75, 12737.0], [2739.5, 544.0], [2739.25, 1813.0], [2739.0, 1000.0], [2738.75, 4003.0], [2738.5, 2066.0], [2738.25, 1439.0], [2738.0, 1796.0], [2737.75, 24780.0], [2737.5, 2074.0], [2737.25, 18900.0], [2737.0, 552.0], [2736.75, 2550.0], [2736.0, 2723.0]], "asks": [[2742.5, 600.0], [2742.75, 38617.0], [2743.0, 34922.0], [2743.25, 3618.0], [2743.5, 8328.0], [2743.75, 8255.0], [2744.0, 26765.0], [2744.25, 5400.0], [2744.5, 18000.0], [2744.75, 460.0], [2745.5, 1148.0], [2745.75, 1826.0], [2746.0, 26961.0], [2746.25, 90000.0], [2746.75, 544.0], [2747.0, 1813.0], [2747.75, 539.0], [2748.0, 16197.0], [2748.25, 48000.0], [2748.75, 2397.0]]}}}
{"jsonrpc": "2.0", "method": "subscription", "params": {"channel": "book.ETH-20JUN25.none.20.100ms", "data": {"timestamp": 1749569143543, "change_id": 72059323202, "instrument_name": "ETH-20JUN25", "bids": [[2745.5, 9045.0], [2745.25, 3700.0], [2745.0, 4332.0], [2744.75, 2850.0], [2744.5, 7500.0], [2744.25, 228.0], [2744.0, 760.0], [2743.75, 960.0], [2743.5, 1647.0], [2743.25, 1489.0], [2742.75, 456.0], [2742.5, 1520.0], [2742.25, 442.0], [2742.0, 3645.0], [2741.75, 7837.0], [2741.5, 1508.0], [2741.25, 812.0], [2741.0, 2705.0], [2740.0, 1499.0], [2737.5, 1481.0]], "asks": [[2745.75, 8232.0], [2746.0, 25833.0], [2746.25, 36181.0], [2746.75, 3850.0], [2747.0, 13595.0], [2747.5, 996.0], [2747.75, 4200.0], [2748.0, 2950.0], [2748.25, 1499.0], [2748.75, 450.0], [2749.0, 1770.0], [2749.25, 900.0], [2750.0, 1508.0], [2751.75, 19038.0], [2753.0, 1484.0], [2753.25, 1500.0], [2754.5, 41932.0], [2755.0, 1532.0], [2755.5, 36723.0], [2757.5, 1508.0]]}}}
{"jsonrpc": "2.0", "method": "subscription", "params": {"channel": "book.ETH-13JUN25.none.20.100ms", "data": {"timestamp": 1749569143850, "change_id": 72059325514, "instrument_name": "ETH-13JUN25", "bids": [[2742.75, 9914.0], [2742.5, 8430.0], [2742.25, 3700.0], [2742.0, 9678.0], [2741.75, 7570.0], [2740.25, 12737.0], [2740.0, 1774.0], [2739.25, 1813.0], [2738.75, 3464.0], [2738.5, 26576.0], [2738.25, 900.0], [2738.0, 1796.0], [2737.5, 1804.0], [2737.25, 18900.0], [2736.75, 1840.0], [2736.0, 2723.0], [2735.5, 2716.0], [2735.0, 7592.0], [2734.75, 40000.0], [2734.5, 1816.0]], "asks": [[2743.0, 600.0], [2743.25, 600.0], [2743.5, 600.0], [2743.75, 6005.0], [2744.0, 24761.0], [2744.25, 8994.0], [2744.5, 25660.0], [2744.75, 460.0], [2745.0, 19188.0], [2745.5, 600.0], [2746.25, 90000.0], [2747.0, 1813.0], [2748.0, 1797.0], [2748.25, 48000.0], [2748.75, 2397.0], [2750.0, 1797.0], [2750.25, 24475.0], [2750.5, 1802.0], [2750.75, 400.0], [2751.0, 40000.0]]}}}
{"jsonrpc": "2.0", "method": "subscription", "params": {"channel": "book.ETH-20JUN25.none.20.100ms", "data": {"timestamp": 1749569143792, "change_id": 72059325055, "instrument_name": "ETH-20JUN25", "bids": [[2746.0, 3733.0], [2745.75, 3524.0], [2745.5, 10675.0], [2745.25, 5530.0], [2745.0, 8100.0], [2744.75, 600.0], [2744.5, 160.0], [2744.25, 228.0], [2744.0, 600.0], [2743.75, 2311.0], [2743.5, 1200.0], [2743.25, 1489.0], [2742.75, 456.0], [2742.5, 1520.0], [2742.25, 6185.0], [2742.0, 1474.0], [2741.75, 1200.0], [2741.5, 1508.0], [2741.0, 2705.0], [2740.0, 1499.0]], "asks": [[2746.25, 3000.0], [2746.75, 1829.0], [2747.0, 6095.0], [2747.25, 160.0], [2747.75, 4200.0], [2748.0, 9000.0], [2748.75, 2006.0], [2749.0, 270.0], [2749.25, 900.0], [2750.0, 1508.0], [2751.75, 19038.0], [2753.0, 1484.0], [2753.25, 1500.0], [2754.5, 41932.0], [2755.0, 1532.0], [2755.5, 36723.0], [2757.5, 1508.0], [2758.0, 37671.0], [2758.5, 1520.0], [2760.0, 400.0]]}}}
{"jsonrpc": "2.0", "method": "subscription", "params": {"channel": "book.ETH-13JUN25.none.20.100ms", "data": {"timestamp": 1749569144157, "change_id": 72059326301, "instrument_name": "ETH-13JUN25", "bids": [[2742.75, 9914.0], [2742.5, 8119.0], [2742.25, 3860.0], [2742.0, 9678.0], [2741.75, 7410.0], [2740.0, 1774.0], [2739.25, 1813.0], [2739.0, 24780.0], [2738.75, 3464.0], [2738.5, 1796.0], [2738.25, 900.0], [2738.0, 1796.0], [2737.5, 1804.0], [2737.25, 18900.0], [2736.75, 1840.0], [2736.0, 2723.0], [2735.5, 2716.0], [2735.0, 7592.0], [2734.75, 40000.0], [2734.5, 1816.0]], "asks": [[2743.0, 600.0], [2743.25, 600.0], [2743.5, 600.0], [2743.75, 600.0], [2744.0, 5919.0], [2744.5, 25660.0], [2744.75, 460.0], [2745.0, 19188.0], [2745.25, 24450.0], [2745.5, 600.0], [2746.25, 90000.0], [2747.0, 1813.0], [2748.0, 1797.0], [2748.25, 48000.0], [2748.75, 2397.0], [2750.0, 1797.0], [2750.25, 24475.0], [2750.5, 1802.0], [2750.75, 400.0], [2751.0, 40000.0]]}}}
{"jsonrpc": "2.0", "method": "subscription", "params": {"channel": "book.ETH-20JUN25.none.20.100ms", "data": {"timestamp": 1749569144145, "change_id": 72059326287, "instrument_name": "ETH-20JUN25", "bids": [[2746.0, 11577.0], [2745.75, 1170.0], [2745.5, 2830.0], [2745.25, 5530.0], [2745.0, 8260.0], [2744.75, 600.0], [2744.25, 228.0], [2744.0, 600.0], [2743.75, 2311.0], [2743.5, 1200.0], [2743.25, 1489.0], [2742.75, 6641.0], [2742.5, 1520.0], [2742.0, 1474.0], [2741.75, 1200.0], [2741.5, 1508.0], [2741.0, 2705.0], [2740.25, 6168.0], [2740.0, 1499.0], [2739.5, 1485.0]], "asks": [[2746.25, 3000.0], [2746.75, 2948.0], [2747.0, 9827.0], [2747.25, 160.0], [2747.75, 4200.0], [2748.0, 9000.0], [2748.75, 2006.0], [2749.0, 270.0], [2749.25, 900.0], [2750.0, 1508.0], [2753.0, 1484.0], [2753.25, 1500.0], [2754.25, 19038.0], [2754.5, 41932.0], [2755.0, 1532.0], [2755.5, 36723.0], [2757.5, 1508.0], [2758.0, 37671.0], [2758.5, 1520.0], [2760.0, 400.0]]}}}
{"jsonrpc": "2.0", "method": "subscription", "params": {"channel": "book.ETH-13JUN25.none.20.100ms", "data": {"timestamp": 1749569144508, "change_id": 72059327320, "instrument_name": "ETH-13JUN25", "bids": [[2742.75, 6105.0], [2742.5, 5527.0], [2742.25, 14439.0], [2742.0, 9678.0], [2741.75, 7410.0], [2740.25, 12737.0], [2740.0, 1774.0], [2739.25, 1813.0], [2739.0, 24780.0], [2738.75, 3464.0], [2738.5, 1796.0], [2738.25, 900.0], [2738.0, 1796.0], [2737.5, 1804.0], [2737.25, 18900.0], [2736.75, 1840.0], [2736.0, 2723.0], [2735.5, 2716.0], [2735.0, 7592.0], [2734.75, 40000.0]], "asks": [[2743.0, 600.0], [2743.25, 2800.0], [2743.5, 1952.0], [2743.75, 5109.0], [2744.0, 2014.0], [2744.5, 27664.0], [2744.75, 460.0], [2745.0, 17184.0], [2745.25, 24450.0], [2745.5, 600.0], [2746.25, 90000.0], [2747.0, 1813.0], [2748.0, 1797.0], [2748.25, 48000.0], [2748.75, 2397.0], [2750.0, 1797.0], [2750.25, 24475.0], [2750.5, 1802.0], [2750.75, 400.0], [2751.0, 40000.0]]}}}
{"jsonrpc": "2.0", "method": "subscription", "params": {"channel": "book.ETH-20JUN25.none.20.100ms", "data": {"timestamp": 1749569144540, "change_id": 72059327353, "instrument_name": "ETH-20JUN25", "bids": [[2746.0, 1.0], [2745.75, 7184.0], [2745.5, 10674.0], [2745.25, 5530.0], [2745.0, 8260.0], [2744.75, 600.0], [2744.25, 228.0], [2744.0, 600.0], [2743.75, 2311.0], [2743.5, 1200.0], [2743.25, 1489.0], [2742.75, 6185.0], [2742.5, 1520.0], [2742.0, 1474.0], [2741.75, 1200.0], [2741.5, 1508.0], [2741.0, 2705.0], [2740.25, 6168.0], [2740.0, 1499.0], [2739.5, 1485.0]], "asks": [[2746.25, 3000.0], [2746.5, 1120.0], [2746.75, 5561.0], [2747.0, 6095.0], [2747.25, 160.0], [2747.75, 4200.0], [2748.0, 9000.0], [2748.25, 2006.0], [2749.0, 270.0], [2749.25, 900.0], [2750.0, 1508.0], [2753.0, 1484.0], [2753.25, 1500.0], [2754.25, 19038.0], [2754.5, 41932.0], [2755.0, 1532.0], [2755.5, 36723.0], [2757.5, 1508.0], [2758.0, 37671.0], [2758.5, 1520.0]]}}}
{"jsonrpc": "2.0", "method": "subscription", "params": {"channel": "book.ETH-13JUN25.none.20.100ms", "data": {"timestamp": 1749569144840, "change_id": 72059327950, "instrument_name": "ETH-13JUN25", "bids": [[2742.75, 8119.0], [2742.5, 5527.0], [2742.25, 15439.0], [2742.0, 11901.0], [2741.75, 7410.0], [2740.5, 3821.0], [2740.25, 12737.0], [2740.0, 1774.0], [2739.25, 1813.0], [2739.0, 25819.0], [2738.75, 3464.0], [2738.5, 1796.0], [2738.25, 900.0], [2738.0, 1796.0], [2737.5, 7474.0], [2737.25, 18900.0], [2736.75, 1840.0], [2736.0, 2723.0], [2735.5, 2716.0], [2735.0, 1774.0]], "asks": [[2743.0, 600.0], [2743.25, 2800.0], [2743.5, 3966.0], [2743.75, 4505.0], [2744.25, 8299.0], [2744.5, 27664.0], [2744.75, 460.0], [2745.0, 17184.0], [2745.25, 24450.0], [2745.5, 600.0], [2746.0, 27000.0], [2746.25, 90000.0], [2747.0, 1813.0], [2748.0, 16197.0], [2748.25, 48000.0], [2748.75, 2397.0], [2750.0, 1797.0], [2750.25, 24475.0], [2750.5, 1802.0], [2750.75, 400.0]]}}}
{"jsonrpc": "2.0", "method": "subscription", "params": {"channel": "book.ETH-20JUN25.none.20.100ms", "data": {"timestamp": 1749569144870, "change_id": 72059327951, "instrument_name": "ETH-20JUN25", "bids": [[2746.0, 700.0], [2745.75, 7184.0], [2745.5, 10674.0], [2745.25, 5530.0], [2745.0, 7660.0], [2744.25, 228.0], [2744.0, 600.0], [2743.75, 2311.0], [2743.5, 1200.0], [2743.25, 1489.0], [2743.0, 1856.0], [2742.75, 6185.0], [2742.0, 1474.0], [2741.75, 1200.0], [2741.5, 1508.0], [2741.0, 2705.0], [2740.25, 6168.0], [2740.0, 1499.0], [2739.5, 1485.0], [2738.0, 40000.0]], "asks": [[2746.25, 3000.0], [2746.5, 1820.0], [2746.75, 5561.0], [2747.0, 6095.0], [2747.25, 160.0], [2747.75, 4200.0], [2748.0, 9602.0], [2748.25, 2006.0], [2749.0, 270.0], [2749.25, 900.0], [2753.0, 1484.0], [2753.25, 1500.0], [2754.25, 19038.0], [2754.5, 41932.0], [2755.0, 1532.0], [2755.5, 36723.0], [2757.5, 1508.0], [2758.0, 37671.0], [2758.5, 1520.0], [2760.0, 400.0]]}}}
{"jsonrpc": "2.0", "method": "subscription", "params": {"channel": "book.ETH-13JUN25.none.20.100ms", "data": {"timestamp": 1749569145052, "change_id": 72059328386, "instrument_name": "ETH-13JUN25", "bids": [[2742.75, 8119.0], [2742.5, 5527.0], [2742.25, 15439.0], [2742.0, 11901.0], [2741.75, 7410.0], [2740.5, 3821.0], [2740.25, 12737.0], [2739.25, 1813.0], [2739.0, 25819.0], [2738.75, 3464.0], [2738.5, 1796.0], [2738.25, 900.0], [2738.0, 1796.0], [2737.5, 7474.0], [2737.25, 18900.0], [2736.75, 1840.0], [2736.0, 2723.0], [2735.5, 2716.0], [2735.0, 1774.0], [2734.75, 40000.0]], "asks": [[2743.0, 600.0], [2743.25, 600.0], [2743.5, 3966.0], [2743.75, 4505.0], [2744.25, 8299.0], [2744.5, 27664.0], [2744.75, 460.0], [2745.0, 17184.0], [2745.25, 24450.0], [2745.5, 600.0], [2746.0, 27000.0], [2746.25, 90000.0], [2747.0, 1813.0], [2748.0, 16197.0], [2748.25, 48000.0], [2748.75, 2397.0], [2750.0, 1797.0], [2750.25, 24475.0], [2750.5, 1802.0], [2750.75, 400.0]]}}}
{"jsonrpc": "2.0", "method": "subscription", "params": {"channel": "book.ETH-20JUN25.none.20.100ms", "data": {"timestamp": 1749569144969, "change_id": 72059328097, "instrument_name": "ETH-20JUN25", "bids": [[2746.0, 700.0], [2745.75, 7184.0], [2745.5, 10674.0], [2745.25, 5530.0], [2745.0, 7660.0], [2744.25, 228.0], [2744.0, 600.0], [2743.75, 2311.0], [2743.5, 1200.0], [2743.25, 1489.0], [2743.0, 1856.0], [2742.75, 6185.0], [2742.0, 1474.0], [2741.75, 1200.0], [2741.5, 1508.0], [2741.0, 2705.0], [2740.25, 6168.0], [2740.0, 1499.0], [2739.5, 1485.0], [2738.0, 40000.0]], "asks": [[2746.25, 3000.0], [2746.5, 1820.0], [2746.75, 5561.0], [2747.0, 6095.0], [2747.25, 160.0], [2747.75, 4200.0], [2748.0, 9602.0], [2748.25, 2006.0], [2749.0, 270.0], [2749.25, 2385.0], [2749.75, 1000.0], [2753.0, 1484.0], [2753.25, 1500.0], [2754.25, 19038.0], [2754.5, 41932.0], [2755.0, 1532.0], [2755.5, 36723.0], [2757.5, 1508.0], [2758.0, 37671.0], [2758.5, 1520.0]]}}}
{"jsonrpc": "2.0", "method": "subscription", "params": {"channel": "book.ETH-13JUN25.none.20.100ms", "data": {"timestamp": 1749569145503, "change_id": 72059329337, "instrument_name": "ETH-13JUN25", "bids": [[2742.75, 8119.0], [2742.5, 5527.0], [2742.25, 15439.0], [2742.0, 11901.0], [2741.75, 7410.0], [2740.5, 3821.0], [2740.25, 12737.0], [2739.25, 1813.0], [2739.0, 25819.0], [2738.75, 3464.0], [2738.5, 1796.0], [2738.25, 900.0], [2738.0, 1796.0], [2737.5, 7474.0], [2737.25, 18900.0], [2736.75, 1840.0], [2736.0, 2723.0], [2735.5, 2716.0], [2735.0, 1774.0], [2734.75, 40000.0]], "asks": [[2743.0, 600.0], [2743.25, 2800.0], [2743.5, 3966.0], [2743.75, 4505.0], [2744.0, 160.0], [2744.25, 8299.0], [2744.5, 27504.0], [2744.75, 460.0], [2745.0, 17184.0], [2745.25, 24450.0], [2745.5, 600.0], [2746.0, 27000.0], [2746.25, 90000.0], [2747.0, 1813.0], [2748.0, 16197.0], [2748.25, 48000.0], [2748.75, 2397.0], [2750.0, 1797.0], [2750.25, 24475.0], [2750.5, 1802.0]]}}}
{"jsonrpc": "2.0", "method": "subscription", "params": {"channel": "book.ETH-20JUN25.none.20.100ms", "data": {"timestamp": 1749569145512, "change_id": 72059329344, "instrument_name": "ETH-20JUN25", "bids": [[2746.0, 4433.0], [2745.75, 3452.0], [2745.5, 10674.0], [2745.25, 5530.0], [2745.0, 7660.0], [2744.25, 228.0], [2744.0, 600.0], [2743.75, 2311.0], [2743.5, 1200.0], [2743.25, 1489.0], [2743.0, 1856.0], [2742.75, 6185.0], [2742.0, 1474.0], [2741.75, 1200.0], [2741.5, 1508.0], [2741.0, 2705.0], [2740.25, 6168.0], [2740.0, 1499.0], [2739.5, 1485.0], [2738.0, 40000.0]], "asks": [[2746.25, 3000.0], [2746.5, 1168.0], [2746.75, 5721.0], [2747.0, 6095.0], [2747.75, 4200.0], [2748.0, 9602.0], [2748.25, 2006.0], [2749.0, 270.0], [2749.25, 2385.0], [2749.5, 300.0], [2749.75, 1000.0], [2753.0, 1484.0], [2753.25, 1500.0], [2754.25, 19038.0], [2754.5, 41932.0], [2755.0, 1532.0], [2755.5, 36723.0], [2757.5, 1508.0], [2758.0, 37671.0], [2758.5, 1520.0]]}}}
{"jsonrpc": "2.0", "method": "subscription", "params": {"channel": "book.ETH-13JUN25.none.20.100ms", "data": {"timestamp": 1749569145549, "change_id": 72059329532, "instrument_name": "ETH-13JUN25", "bids": [[2742.75, 8119.0], [2742.5, 5527.0], [2742.25, 15439.0], [2742.0, 11901.0], [2741.75, 7410.0], [2740.5, 3821.0], [2740.25, 12737.0], [2739.25, 1813.0], [2739.0, 25819.0], [2738.75, 3464.0], [2738.5, 1796.0], [2738.25, 900.0], [2738.0, 1796.0], [2737.5, 7474.0], [2737.25, 18900.0], [2736.75, 1840.0], [2736.0, 2723.0], [2735.5, 2716.0], [2735.0, 1774.0], [2734.75, 40000.0]], "asks": [[2743.0, 600.0], [2743.25, 600.0], [2743.5, 3966.0], [2743.75, 4505.0], [2744.0, 160.0], [2744.25, 8299.0], [2744.5, 27504.0], [2744.75, 460.0], [2745.0, 17184.0], [2745.25, 24450.0], [2745.5, 600.0], [2746.0, 27000.0], [2746.25, 90000.0], [2747.0, 1813.0], [2748.0, 16197.0], [2748.25, 48000.0], [2748.75, 2397.0], [2750.0, 1797.0], [2750.25, 24475.0], [2750.5, 1802.0]]}}}
{"jsonrpc": "2.0", "method": "subscription", "params": {"channel": "book.ETH-20JUN25.none.20.100ms", "data": {"timestamp": 1749569145539, "change_id": 72059329464, "instrument_name": "ETH-20JUN25", "bids": [[2746.0, 4433.0], [2745.75, 3452.0], [2745.5, 10674.0], [2745.25, 5530.0], [2745.0, 7660.0], [2744.25, 228.0], [2744.0, 600.0], [2743.75, 2311.0], [2743.5, 1200.0], [2743.25, 1489.0], [2743.0, 1856.0], [2742.75, 6185.0], [2742.0, 1474.0], [2741.75, 1200.0], [2741.5, 1508.0], [2741.0, 2705.0], [2740.25, 6168.0], [2740.0, 1499.0], [2739.5, 1485.0], [2738.0, 40000.0]], "asks": [[2746.25, 3000.0], [2746.5, 1868.0], [2746.75, 5721.0], [2747.0, 6095.0], [2747.75, 4200.0], [2748.0, 9602.0], [2748.25, 2006.0], [2749.0, 270.0], [2749.25, 2385.0], [2749.5, 300.0], [2749.75, 1000.0], [2753.0, 1484.0], [2753.25, 1500.0], [2754.25, 19038.0], [2754.5, 41932.0], [2755.0, 1532.0], [2755.5, 36723.0], [2757.5, 1508.0], [2758.0, 37671.0], [2758.5, 1520.0]]}}}
{"jsonrpc": "2.0", "method": "subscription", "params": {"channel": "book.ETH-13JUN25.none.20.100ms", "data": {"timestamp": 1749569146176, "change_id": 72059330908, "instrument_name": "ETH-13JUN25", "bids": [[2742.75, 2200.0], [2742.5, 8912.0], [2742.25, 15477.0], [2742.0, 9678.0], [2741.75, 7410.0], [2741.0, 3821.0], [2740.75, 12737.0], [2739.25, 1813.0], [2738.75, 28244.0], [2738.5, 1796.0], [2738.25, 900.0], [2738.0, 1796.0], [2737.5, 1804.0], [2737.25, 18900.0], [2736.75, 1840.0], [2736.0, 2723.0], [2735.5, 2716.0], [2735.0, 1774.0], [2734.75, 40000.0], [2734.5, 1816.0]], "asks": [[2743.0, 600.0], [2743.25, 5230.0], [2743.5, 2614.0], [2743.75, 600.0], [2744.0, 2164.0], [2744.25, 8299.0], [2744.5, 25500.0], [2744.75, 460.0], [2745.0, 17184.0], [2745.25, 24450.0], [2745.5, 600.0], [2746.25, 90000.0], [2746.75, 233.0], [2747.0, 1813.0], [2748.0, 1797.0], [2748.25, 48000.0], [2748.75, 2397.0], [2750.0, 1797.0], [2750.25, 24475.0], [2750.5, 1802.0]]}}}
{"jsonrpc": "2.0", "method": "subscription", "params": {"channel": "book.ETH-20JUN25.none.20.100ms", "data": {"timestamp": 1749569146140, "change_id": 72059330871, "instrument_name": "ETH-20JUN25", "bids": [[2745.75, 1170.0], [2745.5, 5067.0], [2745.25, 17106.0], [2745.0, 7660.0], [2744.25, 228.0], [2744.0, 600.0], [2743.75, 826.0], [2743.5, 1200.0], [2743.25, 1489.0], [2742.25, 6185.0], [2742.0, 1474.0], [2741.75, 1652.0], [2741.5, 1508.0], [2741.0, 2705.0], [2740.0, 7667.0], [2739.5, 1485.0], [2738.0, 40000.0], [2737.5, 1481.0], [2737.25, 400.0], [2737.0, 1535.0]], "asks": [[2746.25, 6942.0], [2746.5, 700.0], [2746.75, 1989.0], [2747.0, 6095.0], [2747.5, 450.0], [2747.75, 4200.0], [2748.0, 11006.0], [2748.75, 1485.0], [2749.0, 1682.0], [2749.25, 2385.0], [2753.0, 1484.0], [2753.25, 1500.0], [2754.25, 19038.0], [2754.5, 41932.0], [2755.0, 1532.0], [2755.5, 36723.0], [2757.5, 1508.0], [2758.0, 37671.0], [2758.5, 1520.0], [2760.0, 400.0]]}}}
{"jsonrpc": "2.0", "method": "subscription", "params": {"channel": "book.ETH-13JUN25.none.20.100ms", "data": {"timestamp": 1749569146493, "change_id": 72059331497, "instrument_name": "ETH-13JUN25", "bids": [[2742.75, 4214.0], [2742.5, 7457.0], [2742.25, 7763.0], [2742.0, 9678.0], [2741.75, 15124.0], [2741.0, 3821.0], [2740.75, 12737.0], [2739.25, 1813.0], [2738.75, 28244.0], [2738.5, 1796.0], [2738.25, 900.0], [2738.0, 1796.0], [2737.5, 1804.0], [2737.25, 18900.0], [2736.75, 1840.0], [2736.0, 2723.0], [2735.5, 2716.0], [2735.0, 6429.0], [2734.75, 40000.0], [2734.5, 1816.0]], "asks": [[2743.0, 2800.0], [2743.25, 5230.0], [2743.5, 3454.0], [2743.75, 2800.0], [2744.0, 2164.0], [2744.25, 8299.0], [2744.5, 25500.0], [2744.75, 460.0], [2745.0, 17184.0], [2745.25, 24450.0], [2745.5, 600.0], [2746.25, 90000.0], [2746.75, 233.0], [2747.0, 1813.0], [2748.0, 1797.0], [2748.25, 48000.0], [2748.75, 2397.0], [2750.0, 1797.0], [2750.25, 24475.0], [2750.5, 1802.0]]}}}
{"jsonrpc": "2.0", "method": "subscription", "params": {"channel": "book.ETH-20JUN25.none.20.100ms", "data": {"timestamp": 1749569146475, "change_id": 72059331474, "instrument_name": "ETH-20JUN25", "bids": [[2745.75, 2218.0], [2745.5, 8799.0], [2745.25, 13374.0], [2745.0, 7660.0], [2744.25, 228.0], [2744.0, 600.0], [2743.75, 826.0], [2743.5, 1200.0], [2743.25, 1489.0], [2742.25, 6185.0], [2742.0, 1474.0], [2741.75, 1652.0], [2741.5, 1508.0], [2741.0, 2705.0], [2740.0, 7667.0], [2739.5, 1485.0], [2738.25, 4655.0], [2738.0, 40000.0], [2737.5, 1481.0], [2737.25, 400.0]], "asks": [[2746.25, 11442.0], [2746.5, 15700.0], [2746.75, 1989.0], [2747.0, 6095.0], [2747.5, 450.0], [2747.75, 6206.0], [2748.0, 9000.0], [2748.75, 1485.0], [2749.0, 1682.0], [2749.25, 2385.0], [2753.0, 1484.0], [2753.25, 1500.0], [2754.25, 19038.0], [2754.5, 41932.0], [2755.0, 1532.0], [2755.5, 36723.0], [2757.5, 1508.0], [2758.0, 37671.0], [2758.5, 1520.0], [2760.0, 400.0]]}}}
{"jsonrpc": "2.0", "method": "subscription", "params": {"channel": "book.ETH-13JUN25.none.20.100ms", "data": {"timestamp": 1749569146605, "change_id": 72059331809, "instrument_name": "ETH-13JUN25", "bids": [[2742.75, 4214.0], [2742.5, 7457.0], [2742.25, 7763.0], [2742.0, 9678.0], [2741.75, 7410.0], [2741.0, 3821.0], [2740.75, 12737.0], [2739.25, 1813.0], [2738.75, 28244.0], [2738.5, 1796.0], [2738.25, 900.0], [2738.0, 2506.0], [2737.5, 1804.0], [2737.25, 18900.0], [2736.75, 1840.0], [2736.0, 2723.0], [2735.5, 2716.0], [2735.0, 6429.0], [2734.75, 40000.0], [2734.5, 1816.0]], "asks": [[2743.0, 2800.0], [2743.25, 5230.0], [2743.5, 13226.0], [2743.75, 35724.0], [2744.0, 2164.0], [2744.25, 8299.0], [2744.5, 25500.0], [2744.75, 460.0], [2745.0, 17184.0], [2745.25, 24450.0], [2745.5, 600.0], [2746.25, 90000.0], [2746.75, 233.0], [2747.0, 1813.0], [2748.0, 1797.0], [2748.25, 48000.0], [2748.75, 2397.0], [2750.0, 1797.0], [2750.25, 24475.0], [2750.5, 1802.0]]}}}
{"jsonrpc": "2.0", "method": "subscription", "params": {"channel": "book.ETH-20JUN25.none.20.100ms", "data": {"timestamp": 1749569146840, "change_id": 72059331990, "instrument_name": "ETH-20JUN25", "bids": [[2745.75, 2218.0], [2745.5, 6562.0], [2745.25, 5530.0], [2745.0, 7660.0], [2744.25, 228.0], [2744.0, 600.0], [2743.75, 826.0], [2743.5, 1200.0], [2743.25, 1489.0], [2742.25, 6185.0], [2742.0, 1474.0], [2741.75, 1652.0], [2741.5, 1508.0], [2741.0, 3708.0], [2740.0, 7667.0], [2739.5, 1485.0], [2738.25, 4655.0], [2738.0, 40000.0], [2737.5, 1481.0], [2737.25, 400.0]], "asks": [[2746.25, 12142.0], [2746.5, 15700.0], [2746.75, 1989.0], [2747.0, 6095.0], [2747.5, 7950.0], [2747.75, 3506.0], [2748.0, 1500.0], [2748.75, 1485.0], [2749.0, 1682.0], [2749.25, 2385.0], [2753.0, 1484.0], [2753.25, 1500.0], [2754.25, 19038.0], [2754.5, 41932.0], [2755.0, 1532.0], [2755.5, 36723.0], [2757.5, 1508.0], [2758.0, 37671.0], [2758.5, 1520.0], [2760.0, 400.0]]}}}
{"jsonrpc": "2.0", "method": "subscription", "params": {"channel": "book.ETH-13JUN25.none.20.100ms", "data": {"timestamp": 1749569147179, "change_id": 72059333756, "instrument_name": "ETH-13JUN25", "bids": [[2742.5, 2200.0], [2742.25, 7622.0], [2742.0, 8306.0], [2741.75, 7410.0], [2741.25, 8500.0], [2739.75, 12737.0], [2739.25, 1813.0], [2739.0, 311.0], [2738.75, 3464.0], [2738.5, 1796.0], [2738.25, 25680.0], [2738.0, 20506.0], [2737.5, 2115.0], [2737.25, 900.0], [2736.75, 1840.0], [2736.0, 2723.0], [2735.5, 2716.0], [2735.0, 6429.0], [2734.75, 40000.0], [2734.5, 1816.0]], "asks": [[2742.75, 7510.0], [2743.0, 4814.0], [2743.25, 600.0], [2743.5, 11212.0], [2743.75, 37728.0], [2744.0, 7660.0], [2744.25, 311.0], [2744.5, 18000.0], [2744.75, 5615.0], [2745.0, 17184.0], [2745.25, 24450.0], [2745.5, 600.0], [2746.25, 90000.0], [2746.75, 515.0], [2747.0, 1813.0], [2748.0, 1797.0], [2748.25, 48000.0], [2748.75, 2397.0], [2750.0, 1797.0], [2750.25, 24475.0]]}}}
{"jsonrpc": "2.0", "method": "subscription", "params": {"channel": "book.ETH-20JUN25.none.20.100ms", "data": {"timestamp": 1749569147185, "change_id": 72059333770, "instrument_name": "ETH-20JUN25", "bids": [[2745.5, 1201.0], [2745.25, 5530.0], [2745.0, 7660.0], [2744.25, 228.0], [2744.0, 600.0], [2743.75, 826.0], [2743.5, 1200.0], [2743.25, 1489.0], [2742.0, 7659.0], [2741.75, 1200.0], [2741.5, 1508.0], [2741.0, 2705.0], [2740.0, 1499.0], [2739.5, 1485.0], [2738.25, 4655.0], [2738.0, 40000.0], [2737.5, 1481.0], [2737.25, 400.0], [2737.0, 1535.0], [2736.5, 1474.0]], "asks": [[2745.75, 700.0], [2746.0, 1810.0], [2746.25, 3910.0], [2746.5, 700.0], [2746.75, 1989.0], [2747.0, 6095.0], [2747.25, 2250.0], [2747.5, 7950.0], [2747.75, 3506.0], [2748.0, 1500.0], [2748.25, 1485.0], [2748.75, 1785.0], [2749.0, 1682.0], [2749.25, 2385.0], [2753.0, 1484.0], [2753.25, 1500.0], [2754.25, 19038.0], [2754.5, 41932.0], [2755.0, 1532.0], [2755.5, 36723.0]]}}}
{"jsonrpc": "2.0", "method": "subscription", "params": {"channel": "book.ETH-13JUN25.none.20.100ms", "data": {"timestamp": 1749569147516, "change_id": 72059334473, "instrument_name": "ETH-13JUN25", "bids": [[2742.5, 2200.0], [2742.25, 6489.0], [2742.0, 6241.0], [2741.75, 14469.0], [2741.25, 8500.0], [2739.75, 12737.0], [2739.25, 1813.0], [2739.0, 311.0], [2738.75, 3464.0], [2738.5, 1796.0], [2738.25, 25680.0], [2738.0, 20506.0], [2737.5, 2115.0], [2737.25, 900.0], [2736.75, 1840.0], [2736.0, 2723.0], [2735.5, 2716.0], [2735.0, 6429.0], [2734.75, 40000.0], [2734.5, 1816.0]], "asks": [[2743.0, 4814.0], [2743.25, 1440.0], [2743.5, 3800.0], [2743.75, 2800.0], [2744.0, 9504.0], [2744.25, 311.0], [2744.5, 18000.0], [2744.75, 5304.0], [2745.0, 17184.0], [2745.25, 24450.0], [2745.5, 600.0], [2746.25, 90000.0], [2746.75, 233.0], [2747.0, 1813.0], [2748.0, 1797.0], [2748.25, 48000.0], [2748.75, 2397.0], [2750.0, 1797.0], [2750.25, 24475.0], [2750.5, 1802.0]]}}}
{"jsonrpc": "2.0", "method": "subscription", "params": {"channel": "book.ETH-20JUN25.none.20.100ms", "data": {"timestamp": 1749569147517, "change_id": 72059334502, "instrument_name": "ETH-20JUN25", "bids": [[2745.5, 1200.0], [2745.25, 3100.0], [2745.0, 2276.0], [2744.75, 7052.0], [2744.25, 7728.0], [2744.0, 600.0], [2743.75, 826.0], [2743.5, 1200.0], [2743.25, 1489.0], [2742.0, 7659.0], [2741.75, 1200.0], [2741.5, 1508.0], [2741.0, 2705.0], [2740.0, 7667.0], [2739.5, 1485.0], [2738.25, 5818.0], [2738.0, 40000.0], [2737.5, 1481.0], [2737.25, 400.0], [2736.5, 1474.0]], "asks": [[2745.75, 700.0], [2746.0, 8862.0], [2746.25, 3370.0], [2746.5, 700.0], [2746.75, 34788.0], [2747.0, 6095.0], [2747.25, 4256.0], [2747.5, 7950.0], [2747.75, 1500.0], [2748.0, 1500.0], [2748.25, 1485.0], [2748.75, 1785.0], [2749.0, 1682.0], [2749.25, 2385.0], [2753.0, 1484.0], [2753.25, 1500.0], [2754.25, 19038.0], [2754.5, 41932.0], [2755.0, 1532.0], [2755.5, 36723.0]]}}}
{"jsonrpc": "2.0", "method": "subscription", "params": {"channel": "book.ETH-13JUN25.none.20.100ms", "data": {"timestamp": 1749569147771, "change_id": 72059335086, "instrument_name": "ETH-13JUN25", "bids": [[2742.5, 3962.0], [2742.25, 8568.0], [2742.0, 11460.0], [2741.75, 7410.0], [2741.25, 8500.0], [2739.75, 12737.0], [2739.25, 1813.0], [2739.0, 311.0], [2738.75, 3464.0], [2738.5, 1796.0], [2738.25, 25680.0], [2738.0, 20506.0], [2737.5, 2115.0], [2737.25, 900.0], [2736.75, 1840.0], [2736.0, 2723.0], [2735.5, 2716.0], [2735.0, 6429.0], [2734.75, 40000.0], [2734.5, 1816.0]], "asks": [[2743.0, 600.0], [2743.25, 2614.0], [2743.5, 43778.0], [2743.75, 5651.0], [2744.0, 9504.0], [2744.25, 311.0], [2744.5, 18000.0], [2744.75, 5304.0], [2745.0, 17184.0], [2745.25, 24450.0], [2745.5, 600.0], [2746.25, 90000.0], [2748.0, 1797.0], [2748.25, 48000.0], [2748.5, 719.0], [2748.75, 2397.0], [2750.0, 1797.0], [2750.25, 24475.0], [2750.5, 1802.0], [2750.75, 400.0]]}}}
{"jsonrpc": "2.0", "method": "subscription", "params": {"channel": "book.ETH-20JUN25.none.20.100ms", "data": {"timestamp": 1749569147823, "change_id": 72059335024, "instrument_name": "ETH-20JUN25", "bids": [[2745.75, 1270.0], [2745.5, 2830.0], [2745.25, 3358.0], [2745.0, 2976.0], [2744.75, 7052.0], [2744.25, 7728.0], [2744.0, 600.0], [2743.75, 826.0], [2743.5, 1200.0], [2743.25, 1489.0], [2742.0, 7659.0], [2741.75, 1200.0], [2741.5, 1508.0], [2741.0, 2705.0], [2740.0, 7667.0], [2739.5, 1485.0], [2738.25, 5818.0], [2738.0, 40000.0], [2737.5, 1481.0], [2737.25, 400.0]], "asks": [[2746.25, 3160.0], [2746.5, 17640.0], [2746.75, 34788.0], [2747.0, 6095.0], [2747.25, 2250.0], [2747.5, 9956.0], [2747.75, 1500.0], [2748.0, 1500.0], [2748.75, 1785.0], [2749.0, 1682.0], [2749.25, 2385.0], [2753.0, 1484.0], [2753.25, 1500.0], [2754.25, 19038.0], [2754.5, 41932.0], [2755.0, 1532.0], [2755.5, 36723.0], [2757.5, 1508.0], [2758.0, 37671.0], [2758.5, 1520.0]]}}}
{"jsonrpc": "2.0", "method": "subscription", "params": {"channel": "book.ETH-13JUN25.none.20.100ms", "data": {"timestamp": 1749569147990, "change_id": 72059337112, "instrument_name": "ETH-13JUN25", "bids": [[2742.75, 11273.0], [2742.5, 3358.0], [2742.25, 4475.0], [2742.0, 6373.0], [2741.75, 14910.0], [2740.25, 13048.0], [2740.0, 1810.0], [2739.25, 1813.0], [2739.0, 25091.0], [2738.75, 3464.0], [2738.5, 1796.0], [2738.25, 900.0], [2738.0, 20506.0], [2737.5, 2115.0], [2737.25, 900.0], [2736.75, 1840.0], [2736.0, 2723.0], [2735.5, 2716.0], [2735.0, 6429.0], [2734.75, 40000.0]], "asks": [[2743.0, 600.0], [2743.25, 600.0], [2743.5, 600.0], [2743.75, 2614.0], [2744.0, 2127.0], [2744.25, 12619.0], [2744.5, 18000.0], [2744.75, 12804.0], [2745.0, 19188.0], [2745.25, 24450.0], [2745.5, 600.0], [2746.25, 90000.0], [2748.0, 1797.0], [2748.25, 48000.0], [2748.75, 2397.0], [2750.0, 1797.0], [2750.25, 24475.0], [2750.5, 1802.0], [2750.75, 400.0], [2751.0, 40000.0]]}}}
{"jsonrpc": "2.0", "method": "subscription", "params": {"channel": "book.ETH-20JUN25.none.20.100ms", "data": {"timestamp": 1749569148163, "change_id": 72059337104, "instrument_name": "ETH-20JUN25", "bids": [[2746.0, 501.0], [2745.75, 8322.0], [2745.5, 5080.0], [2745.25, 10600.0], [2745.0, 160.0], [2744.75, 13228.0], [2744.25, 228.0], [2744.0, 600.0], [2743.75, 2085.0], [2743.5, 1200.0], [2743.25, 1489.0], [2742.25, 6185.0], [2742.0, 1474.0], [2741.75, 1200.0], [2741.5, 1508.0], [2741.0, 2705.0], [2740.25, 6168.0], [2740.0, 1499.0], [2739.5, 1485.0], [2738.25, 5818.0]], "asks": [[2746.25, 3000.0], [2746.75, 1829.0], [2747.0, 8371.0], [2747.25, 7052.0], [2747.5, 450.0], [2747.75, 1500.0], [2748.0, 1500.0], [2748.25, 7500.0], [2749.0, 2688.0], [2749.25, 2385.0], [2749.75, 1785.0], [2750.0, 1000.0], [2753.0, 1484.0], [2753.25, 1500.0], [2754.25, 19038.0], [2754.5, 41932.0], [2755.0, 1532.0], [2755.5, 36723.0], [2757.5, 1508.0], [2758.0, 37671.0]]}}}
{"jsonrpc": "2.0", "method": "subscription", "params": {"channel": "book.ETH-13JUN25.none.20.100ms", "data": {"timestamp": 1749569148380, "change_id": 72059338065, "instrument_name": "ETH-13JUN25", "bids": [[2743.0, 9259.0], [2742.75, 5034.0], [2742.5, 3358.0], [2742.25, 4315.0], [2742.0, 7373.0], [2741.75, 14910.0], [2740.5, 12737.0], [2740.25, 311.0], [2740.0, 1810.0], [2739.25, 1813.0], [2739.0, 25091.0], [2738.75, 3464.0], [2738.5, 1796.0], [2738.25, 900.0], [2738.0, 20506.0], [2737.5, 2115.0], [2737.25, 900.0], [2736.75, 1840.0], [2736.0, 2723.0], [2735.5, 2716.0]], "asks": [[2743.25, 600.0], [2743.5, 600.0], [2743.75, 600.0], [2744.0, 2200.0], [2744.25, 5400.0], [2744.5, 18000.0], [2744.75, 19863.0], [2745.0, 19348.0], [2745.25, 24450.0], [2745.5, 600.0], [2746.25, 90000.0], [2748.0, 1797.0], [2748.25, 48000.0], [2748.75, 2397.0], [2750.0, 1797.0], [2750.25, 24475.0], [2750.5, 1802.0], [2750.75, 400.0], [2751.0, 40000.0], [2751.5, 1789.0]]}}}
{"jsonrpc": "2.0", "method": "subscription", "params": {"channel": "book.ETH-20JUN25.none.20.100ms", "data": {"timestamp": 1749569148507, "change_id": 72059338074, "instrument_name": "ETH-20JUN25", "bids": [[2746.0, 701.0], [2745.75, 8370.0], [2745.5, 5240.0], [2745.25, 9900.0], [2744.75, 13228.0], [2744.25, 228.0], [2744.0, 600.0], [2743.75, 2085.0], [2743.5, 1200.0], [2743.25, 1489.0], [2742.25, 6185.0], [2742.0, 1474.0], [2741.75, 1200.0], [2741.5, 1508.0], [2741.0, 2705.0], [2740.25, 6168.0], [2740.0, 1499.0], [2739.5, 1485.0], [2738.25, 5818.0], [2738.0, 40000.0]], "asks": [[2746.25, 3000.0], [2747.25, 210.0], [2747.5, 3314.0], [2747.75, 8712.0], [2748.0, 1500.0], [2748.25, 13595.0], [2748.75, 2006.0], [2749.0, 270.0], [2749.25, 2385.0], [2749.75, 1785.0], [2750.0, 1000.0], [2753.0, 1484.0], [2753.25, 1500.0], [2754.25, 19038.0], [2754.5, 41932.0], [2755.0, 1532.0], [2755.5, 36723.0], [2757.5, 1508.0], [2758.0, 37671.0], [2758.5, 1520.0]]}}}
{"jsonrpc": "2.0", "method": "subscription", "params": {"channel": "book.ETH-13JUN25.none.20.100ms", "data": {"timestamp": 1749569148726, "change_id": 72059338836, "instrument_name": "ETH-13JUN25", "bids": [[2743.0, 2200.0], [2742.75, 3020.0], [2742.5, 3358.0], [2742.25, 4315.0], [2742.0, 7373.0], [2741.75, 14910.0], [2741.5, 12737.0], [2740.25, 311.0], [2740.0, 1810.0], [2739.5, 24780.0], [2739.25, 1813.0], [2739.0, 311.0], [2738.75, 3464.0], [2738.5, 1796.0], [2738.25, 900.0], [2738.0, 20506.0], [2737.5, 2115.0], [2737.25, 900.0], [2736.75, 1840.0], [2736.0, 2723.0]], "asks": [[2743.25, 600.0], [2743.5, 2898.0], [2743.75, 8884.0], [2744.0, 4214.0], [2744.25, 5400.0], [2744.5, 18160.0], [2744.75, 12804.0], [2745.0, 19188.0], [2745.25, 24450.0], [2745.5, 600.0], [2746.25, 90000.0], [2748.0, 1797.0], [2748.25, 48000.0], [2748.75, 2397.0], [2750.0, 1797.0], [2750.25, 24475.0], [2750.5, 1802.0], [2750.75, 400.0], [2751.0, 40000.0], [2751.5, 1789.0]]}}}
{"jsonrpc": "2.0", "method": "subscription", "params": {"channel": "book.ETH-20JUN25.none.20.100ms", "data": {"timestamp": 1749569148836, "change_id": 72059338948, "instrument_name": "ETH-20JUN25", "bids": [[2746.0, 1900.0], [2745.75, 1318.0], [2745.5, 5030.0], [2745.25, 9900.0], [2744.0, 600.0], [2743.75, 2085.0], [2743.5, 1200.0], [2743.25, 1489.0], [2742.5, 6185.0], [2742.0, 1474.0], [2741.75, 1200.0], [2741.5, 1508.0], [2741.0, 2705.0], [2740.5, 6168.0], [2740.0, 1499.0], [2739.5, 1485.0], [2738.25, 5818.0], [2738.0, 40000.0], [2737.5, 1481.0], [2737.25, 400.0]], "asks": [[2746.25, 3000.0], [2746.75, 2116.0], [2747.0, 7052.0], [2747.25, 370.0], [2747.5, 700.0], [2747.75, 1500.0], [2748.0, 1500.0], [2748.25, 13595.0], [2748.5, 2006.0], [2749.25, 2385.0], [2749.75, 1485.0], [2753.0, 1484.0], [2753.25, 1500.0], [2754.25, 19038.0], [2754.5, 41932.0], [2755.0, 1532.0], [2755.5, 36723.0], [2757.5, 1508.0], [2758.0, 37671.0], [2758.5, 1520.0]]}}}
{"jsonrpc": "2.0", "method": "subscription", "params": {"channel": "book.ETH-13JUN25.none.20.100ms", "data": {"timestamp": 1749569148889, "change_id": 72059339139, "instrument_name": "ETH-13JUN25", "bids": [[2743.0, 2200.0], [2742.75, 7069.0], [2742.5, 10417.0], [2742.25, 4315.0], [2742.0, 7373.0], [2741.75, 14910.0], [2741.5, 12737.0], [2740.25, 311.0], [2740.0, 1810.0], [2739.5, 24780.0], [2739.25, 1813.0], [2739.0, 311.0], [2738.75, 3464.0], [2738.5, 1796.0], [2738.25, 900.0], [2738.0, 20506.0], [2737.5, 2115.0], [2737.25, 900.0], [2736.75, 1840.0], [2736.0, 2723.0]], "asks": [[2743.25, 600.0], [2743.5, 4912.0], [2743.75, 8280.0], [2744.0, 2200.0], [2744.25, 5400.0], [2744.5, 18160.0], [2744.75, 14808.0], [2745.0, 17184.0], [2745.25, 24450.0], [2745.5, 600.0], [2746.25, 90000.0], [2748.0, 1797.0], [2748.25, 48000.0], [2748.75, 2397.0], [2750.0, 1797.0], [2750.25, 24475.0], [2750.5, 1802.0], [2750.75, 400.0], [2751.0, 40000.0], [2751.5, 1789.0]]}}}
{"jsonrpc": "2.0", "method": "subscription", "params": {"channel": "book.ETH-20JUN25.none.20.100ms", "data": {"timestamp": 1749569149164, "change_id": 72059339579, "instrument_name": "ETH-20JUN25", "bids": [[2746.0, 1900.0], [2745.75, 3356.0], [2745.5, 12082.0], [2745.25, 9900.0], [2744.0, 1226.0], [2743.75, 2085.0], [2743.5, 1200.0], [2743.25, 1489.0], [2742.5, 6185.0], [2742.0, 1474.0], [2741.75, 1652.0], [2741.5, 1508.0], [2741.0, 2705.0], [2740.5, 6168.0], [2740.0, 1499.0], [2739.5, 1485.0], [2738.25, 5818.0], [2738.0, 40000.0], [2737.5, 1481.0], [2737.25, 400.0]], "asks": [[2746.25, 3000.0], [2746.75, 2116.0], [2747.0, 7052.0], [2747.25, 370.0], [2747.5, 700.0], [2747.75, 1500.0], [2748.0, 6180.0], [2748.25, 15601.0], [2749.25, 2385.0], [2749.5, 446.0], [2749.75, 1485.0], [2753.0, 1484.0], [2753.25, 1500.0], [2754.25, 19038.0], [2754.5, 41932.0], [2755.0, 1532.0], [2755.5, 36723.0], [2757.5, 1508.0], [2758.0, 37671.0], [2758.5, 1520.0]]}}}
{"jsonrpc": "2.0", "method": "subscription", "params": {"channel": "book.ETH-13JUN25.none.20.100ms", "data": {"timestamp": 1749569149442, "change_id": 72059340509, "instrument_name": "ETH-13JUN25", "bids": [[2743.0, 9259.0], [2742.75, 5034.0], [2742.5, 3358.0], [2742.25, 4315.0], [2742.0, 7373.0], [2741.75, 18731.0], [2741.5, 12737.0], [2740.25, 311.0], [2740.0, 1810.0], [2739.75, 7434.0], [2739.5, 24780.0], [2739.25, 1813.0], [2739.0, 311.0], [2738.75, 3464.0], [2738.5, 1796.0], [2738.25, 7052.0], [2738.0, 20506.0], [2737.5, 2115.0], [2737.25, 900.0], [2736.75, 1840.0]], "asks": [[2743.25, 600.0], [2743.5, 600.0], [2743.75, 1221.0], [2744.0, 4318.0], [2744.25, 14659.0], [2744.5, 18160.0], [2744.75, 12804.0], [2745.0, 26523.0], [2745.25, 24450.0], [2745.5, 600.0], [2746.25, 90000.0], [2747.75, 539.0], [2748.0, 1797.0], [2748.25, 48000.0], [2748.75, 2397.0], [2750.0, 1797.0], [2750.25, 24475.0], [2750.5, 1802.0], [2750.75, 400.0], [2751.0, 40000.0]]}}}
{"jsonrpc": "2.0", "method": "subscription", "params": {"channel": "book.ETH-20JUN25.none.20.100ms", "data": {"timestamp": 1749569149494, "change_id": 72059340748, "instrument_name": "ETH-20JUN25", "bids": [[2746.0, 1901.0], [2745.75, 3356.0], [2745.5, 5030.0], [2745.25, 9900.0], [2744.0, 1226.0], [2743.75, 2085.0], [2743.5, 1200.0], [2743.25, 1489.0], [2742.5, 6185.0], [2742.0, 1474.0], [2741.75, 1652.0], [2741.5, 1508.0], [2741.0, 2705.0], [2740.5, 6168.0], [2739.5, 1485.0], [2738.25, 5818.0], [2738.0, 40000.0], [2737.5, 1481.0], [2737.25, 400.0], [2737.0, 1531.0]], "asks": [[2746.25, 3000.0], [2746.75, 2816.0], [2747.0, 7052.0], [2747.25, 370.0], [2747.5, 700.0], [2747.75, 1500.0], [2748.0, 6180.0], [2748.25, 15601.0], [2749.25, 2385.0], [2753.0, 1484.0], [2753.25, 1500.0], [2754.25, 19038.0], [2754.5, 41932.0], [2755.0, 1532.0], [2755.5, 36723.0], [2757.5, 1508.0], [2758.0, 37671.0], [2758.5, 1520.0], [2760.0, 400.0], [2760.25, 1500.0]]}}}
{"jsonrpc": "2.0", "method": "subscription", "params": {"channel": "book.ETH-13JUN25.none.20.100ms", "data": {"timestamp": 1749569149823, "change_id": 72059341407, "instrument_name": "ETH-13JUN25", "bids": [[2743.0, 9259.0], [2742.75, 5034.0], [2742.5, 3358.0], [2742.25, 4315.0], [2742.0, 7373.0], [2741.75, 18731.0], [2741.5, 12737.0], [2740.25, 311.0], [2740.0, 1810.0], [2739.75, 7434.0], [2739.5, 24780.0], [2739.25, 1813.0], [2739.0, 311.0], [2738.75, 3464.0], [2738.5, 1796.0], [2738.25, 6741.0], [2738.0, 20506.0], [2737.5, 2115.0], [2737.25, 900.0], [2736.75, 1840.0]], "asks": [[2743.25, 600.0], [2743.5, 600.0], [2743.75, 3274.0], [2744.0, 4900.0], [2744.25, 14659.0], [2744.5, 18160.0], [2744.75, 12804.0], [2745.0, 26523.0], [2745.25, 24450.0], [2745.5, 600.0], [2746.25, 90000.0], [2747.75, 539.0], [2748.0, 1797.0], [2748.25, 48000.0], [2748.75, 2397.0], [2750.0, 1797.0], [2750.25, 24475.0], [2750.5, 1802.0], [2750.75, 400.0], [2751.0, 40000.0]]}}}
{"jsonrpc": "2.0", "method": "subscription", "params": {"channel": "book.ETH-20JUN25.none.20.100ms", "data": {"timestamp": 1749569149715, "change_id": 72059341334, "instrument_name": "ETH-20JUN25", "bids": [[2746.0, 8953.0], [2745.75, 1318.0], [2745.5, 5030.0], [2745.25, 9900.0], [2744.0, 1226.0], [2743.75, 2085.0], [2743.5, 1200.0], [2743.25, 1489.0], [2742.5, 6185.0], [2742.0, 1474.0], [2741.75, 1652.0], [2741.5, 1508.0], [2741.0, 2705.0], [2740.5, 6168.0], [2739.5, 1485.0], [2738.25, 5818.0], [2738.0, 40000.0], [2737.5, 1481.0], [2737.25, 400.0], [2737.0, 1531.0]], "asks": [[2746.25, 3000.0], [2746.75, 700.0], [2747.25, 2459.0], [2747.5, 7752.0], [2747.75, 1500.0], [2748.0, 6180.0], [2748.25, 13595.0], [2748.75, 2006.0], [2749.25, 2385.0], [2753.0, 1484.0], [2753.25, 1500.0], [2754.25, 19038.0], [2754.5, 41932.0], [2755.0, 1532.0], [2755.5, 36723.0], [2757.5, 1508.0], [2758.0, 37671.0], [2758.5, 1520.0], [2760.0, 400.0], [2760.25, 1500.0]]}}}
{"jsonrpc": "2.0", "method": "subscription", "params": {"channel": "book.ETH-13JUN25.none.20.100ms", "data": {"timestamp": 1749569150153, "change_id": 72059342109, "instrument_name": "ETH-13JUN25", "bids": [[2743.0, 9259.0], [2742.75, 6034.0], [2742.5, 5415.0], [2742.25, 11815.0], [2742.0, 4401.0], [2741.75, 11231.0], [2741.5, 12737.0], [2740.25, 311.0], [2740.0, 1810.0], [2739.75, 7434.0], [2739.5, 24780.0], [2739.25, 1813.0], [2739.0, 311.0], [2738.75, 3464.0], [2738.5, 1796.0], [2738.25, 6741.0], [2738.0, 20506.0], [2737.5, 2115.0], [2737.25, 900.0], [2736.75, 1840.0]], "asks": [[2743.25, 600.0], [2743.5, 600.0], [2743.75, 600.0], [2744.0, 2200.0], [2744.25, 7600.0], [2744.5, 27607.0], [2744.75, 12804.0], [2745.0, 26523.0], [2745.25, 24450.0], [2745.5, 600.0], [2746.25, 90000.0], [2747.75, 539.0], [2748.0, 1797.0], [2748.25, 48000.0], [2748.75, 2397.0], [2750.0, 1797.0], [2750.25, 24475.0], [2750.5, 1802.0], [2750.75, 400.0], [2751.0, 40000.0]]}}}
{"jsonrpc": "2.0", "method": "subscription", "params": {"channel": "book.ETH-20JUN25.none.20.100ms", "data": {"timestamp": 1749569150131, "change_id": 72059342016, "instrument_name": "ETH-20JUN25", "bids": [[2746.0, 8953.0], [2745.75, 1318.0], [2745.5, 5030.0], [2745.25, 9900.0], [2744.5, 1531.0], [2744.0, 1226.0], [2743.75, 2085.0], [2743.5, 1647.0], [2743.25, 1489.0], [2742.5, 6185.0], [2742.0, 1834.0], [2741.75, 1652.0], [2741.5, 1508.0], [2741.0, 2705.0], [2740.5, 6168.0], [2739.5, 1485.0], [2738.25, 5818.0], [2738.0, 40000.0], [2737.5, 1481.0], [2737.25, 400.0]], "asks": [[2746.25, 3000.0], [2747.25, 2459.0], [2747.5, 8202.0], [2747.75, 1500.0], [2748.0, 6180.0], [2748.25, 13595.0], [2748.5, 602.0], [2748.75, 2006.0], [2749.25, 2385.0], [2753.0, 1484.0], [2753.25, 1500.0], [2754.25, 19038.0], [2754.5, 41932.0], [2755.0, 1532.0], [2755.5, 36723.0], [2757.5, 1508.0], [2758.0, 37671.0], [2758.5, 1520.0], [2760.0, 400.0], [2760.25, 1500.0]]}}}
{"jsonrpc": "2.0", "method": "subscription", "params": {"channel": "book.ETH-13JUN25.none.20.100ms", "data": {"timestamp": 1749569150238, "change_id": 72059344073, "instrument_name": "ETH-13JUN25", "bids": [[2743.25, 4214.0], [2743.0, 10228.0], [2742.75, 3671.0], [2742.5, 4257.0], [2742.25, 11200.0], [2742.0, 14915.0], [2741.75, 7410.0], [2740.0, 1810.0], [2739.75, 24780.0], [2739.25, 1813.0], [2738.75, 3464.0], [2738.5, 1796.0], [2738.25, 900.0], [2738.0, 19796.0], [2737.5, 1804.0], [2737.25, 900.0], [2736.75, 1840.0], [2736.0, 2723.0], [2735.5, 2716.0], [2735.25, 400.0]], "asks": [[2743.5, 600.0], [2743.75, 600.0], [2744.25, 2200.0], [2744.5, 18000.0], [2744.75, 460.0], [2745.0, 31738.0], [2745.25, 24450.0], [2745.5, 8100.0], [2745.75, 2004.0], [2746.25, 90000.0], [2748.0, 1797.0], [2748.25, 48000.0], [2748.75, 2397.0], [2750.0, 1797.0], [2750.25, 24475.0], [2750.5, 1802.0], [2751.0, 40000.0], [2751.5, 1789.0], [2752.25, 180000.0], [2752.5, 400.0]]}}}
{"jsonrpc": "2.0", "method": "subscription", "params": {"channel": "book.ETH-20JUN25.none.20.100ms", "data": {"timestamp": 1749569150483, "change_id": 72059344372, "instrument_name": "ETH-20JUN25", "bids": [[2746.5, 7762.0], [2746.25, 1720.0], [2746.0, 5860.0], [2745.75, 8818.0], [2745.5, 2780.0], [2745.25, 2400.0], [2744.75, 459.0], [2744.5, 1531.0], [2744.0, 1226.0], [2743.75, 4301.0], [2743.5, 7832.0], [2743.25, 1489.0], [2742.0, 1474.0], [2741.75, 1200.0], [2741.5, 1508.0], [2741.0, 2705.0], [2739.5, 1485.0], [2738.25, 5818.0], [2738.0, 40000.0], [2737.5, 1481.0]], "asks": [[2747.25, 910.0], [2747.5, 5698.0], [2747.75, 19226.0], [2748.0, 13232.0], [2748.25, 13595.0], [2749.0, 872.0], [2749.25, 2906.0], [2749.5, 459.0], [2749.75, 1531.0], [2750.0, 459.0], [2750.25, 1531.0], [2753.0, 1934.0], [2753.25, 1500.0], [2754.25, 19038.0], [2754.5, 41932.0], [2755.0, 1532.0], [2755.5, 36723.0], [2757.5, 1508.0], [2758.0, 37671.0], [2758.5, 1520.0]]}}}
{"jsonrpc": "2.0", "method": "subscription", "params": {"channel": "book.ETH-13JUN25.none.20.100ms", "data": {"timestamp": 1749569150785, "change_id": 72059345774, "instrument_name": "ETH-13JUN25", "bids": [[2743.0, 5205.0], [2742.75, 11040.0], [2742.5, 5303.0], [2742.25, 11200.0], [2742.0, 2178.0], [2741.75, 7410.0], [2740.25, 12737.0], [2740.0, 1810.0], [2739.25, 1813.0], [2739.0, 24780.0], [2738.75, 3464.0], [2738.5, 1796.0], [2738.25, 900.0], [2738.0, 19796.0], [2737.5, 1804.0], [2737.25, 900.0], [2736.75, 1840.0], [2736.0, 2723.0], [2735.5, 2716.0], [2735.25, 400.0]], "asks": [[2743.5, 600.0], [2743.75, 3246.0], [2744.0, 9694.0], [2744.25, 8165.0], [2744.5, 18000.0], [2744.75, 460.0], [2745.0, 34183.0], [2745.25, 24450.0], [2745.5, 600.0], [2746.25, 90000.0], [2748.0, 1797.0], [2748.25, 48000.0], [2748.75, 2397.0], [2750.0, 1797.0], [2750.25, 24475.0], [2750.5, 1802.0], [2751.0, 40000.0], [2751.5, 1789.0], [2752.25, 180000.0], [2752.5, 400.0]]}}}
{"jsonrpc": "2.0", "method": "subscription", "params": {"channel": "book.ETH-20JUN25.none.20.100ms", "data": {"timestamp": 1749569150794, "change_id": 72059345811, "instrument_name": "ETH-20JUN25", "bids": [[2746.25, 1318.0], [2746.0, 6476.0], [2745.75, 15822.0], [2745.5, 2620.0], [2745.25, 2560.0], [2744.0, 1226.0], [2743.75, 2445.0], [2743.5, 1647.0], [2743.25, 1489.0], [2742.5, 1856.0], [2742.25, 6627.0], [2742.0, 1834.0], [2741.75, 1652.0], [2741.5, 1508.0], [2741.0, 2705.0], [2740.0, 6168.0], [2739.5, 1485.0], [2738.25, 5818.0], [2738.0, 40000.0], [2737.5, 1481.0]], "asks": [[2746.75, 3026.0], [2747.0, 12462.0], [2747.25, 15910.0], [2747.5, 700.0], [2747.75, 1660.0], [2748.0, 5579.0], [2748.25, 13595.0], [2748.75, 2006.0], [2749.25, 900.0], [2749.75, 1531.0], [2750.25, 1531.0], [2753.0, 1484.0], [2753.25, 1500.0], [2754.25, 19038.0], [2754.5, 41932.0], [2755.0, 1532.0], [2755.5, 36723.0], [2757.5, 1508.0], [2758.0, 37671.0], [2758.5, 1520.0]]}}}
{"jsonrpc": "2.0", "method": "subscription", "params": {"channel": "book.ETH-13JUN25.none.20.100ms", "data": {"timestamp": 1749569150892, "change_id": 72059346684, "instrument_name": "ETH-13JUN25", "bids": [[2743.0, 7219.0], [2742.75, 11040.0], [2742.5, 5303.0], [2742.25, 11200.0], [2742.0, 2178.0], [2741.75, 7410.0], [2740.25, 12737.0], [2740.0, 1810.0], [2739.25, 1813.0], [2739.0, 24780.0], [2738.75, 3464.0], [2738.5, 1796.0], [2738.25, 900.0], [2738.0, 19796.0], [2737.5, 1804.0], [2737.25, 900.0], [2736.75, 1840.0], [2736.0, 2723.0], [2735.5, 2716.0], [2735.25, 400.0]], "asks": [[2743.5, 600.0], [2743.75, 3246.0], [2744.0, 9694.0], [2744.25, 8165.0], [2744.5, 18311.0], [2744.75, 2464.0], [2745.0, 32179.0], [2745.25, 24450.0], [2745.5, 600.0], [2746.25, 90000.0], [2748.0, 1797.0], [2748.25, 48000.0], [2748.75, 2397.0], [2750.0, 1797.0], [2750.25, 24475.0], [2750.5, 1802.0], [2751.0, 40000.0], [2751.5, 1789.0], [2752.25, 180000.0], [2752.5, 400.0]]}}}
{"jsonrpc": "2.0", "method": "subscription", "params": {"channel": "book.ETH-20JUN25.none.20.100ms", "data": {"timestamp": 1749569151130, "change_id": 72059347008, "instrument_name": "ETH-20JUN25", "bids": [[2746.25, 700.0], [2746.0, 6476.0], [2745.75, 15822.0], [2745.5, 2620.0], [2745.25, 2560.0], [2744.0, 1118.0], [2743.75, 2445.0], [2743.5, 1647.0], [2743.25, 1489.0], [2743.0, 1856.0], [2742.75, 6185.0], [2742.25, 442.0], [2742.0, 1834.0], [2741.75, 1652.0], [2741.5, 1508.0], [2741.0, 2705.0], [2740.5, 6168.0], [2739.5, 1485.0], [2738.25, 5818.0], [2738.0, 40000.0]], "asks": [[2746.5, 700.0], [2746.75, 3026.0], [2747.0, 12462.0], [2747.25, 15210.0], [2747.5, 11027.0], [2747.75, 35081.0], [2748.0, 5579.0], [2748.25, 13595.0], [2748.5, 602.0], [2748.75, 2006.0], [2749.0, 270.0], [2749.25, 900.0], [2749.5, 459.0], [2749.75, 1531.0], [2750.25, 1531.0], [2753.0, 1484.0], [2753.25, 1500.0], [2754.25, 19038.0], [2754.5, 41932.0], [2755.0, 1532.0]]}}}
{"jsonrpc": "2.0", "method": "subscription", "params": {"channel": "book.ETH-13JUN25.none.20.100ms", "data": {"timestamp": 1749569151441, "change_id": 72059347672, "instrument_name": "ETH-13JUN25", "bids": [[2743.0, 7219.0], [2742.75, 11040.0], [2742.5, 5303.0], [2742.25, 9000.0], [2742.0, 4401.0], [2741.75, 7410.0], [2740.5, 3821.0], [2740.25, 12737.0], [2740.0, 1810.0], [2739.25, 1813.0], [2739.0, 25819.0], [2738.75, 3464.0], [2738.5, 1796.0], [2738.25, 900.0], [2738.0, 19796.0], [2737.5, 2074.0], [2737.25, 900.0], [2736.75, 1840.0], [2736.0, 2723.0], [2735.5, 2716.0]], "asks": [[2743.5, 3640.0], [2743.75, 5446.0], [2744.0, 9694.0], [2744.25, 8165.0], [2744.5, 18471.0], [2744.75, 9869.0], [2745.0, 32019.0], [2745.25, 24450.0], [2745.5, 600.0], [2746.25, 90000.0], [2747.75, 539.0], [2748.0, 1797.0], [2748.25, 48000.0], [2748.75, 2397.0], [2750.0, 1797.0], [2750.25, 24475.0], [2750.5, 1802.0], [2751.0, 40000.0], [2751.5, 1789.0], [2752.25, 180000.0]]}}}
{"jsonrpc": "2.0", "method": "subscription", "params": {"channel": "book.ETH-20JUN25.none.20.100ms", "data": {"timestamp": 1749569151453, "change_id": 72059347732, "instrument_name": "ETH-20JUN25", "bids": [[2746.0, 6476.0], [2745.75, 15822.0], [2745.5, 2620.0], [2745.25, 2560.0], [2744.0, 1118.0], [2743.75, 2445.0], [2743.5, 1647.0], [2743.25, 1489.0], [2743.0, 1856.0], [2742.75, 6185.0], [2742.25, 442.0], [2742.0, 1834.0], [2741.75, 1652.0], [2741.5, 1508.0], [2741.0, 2705.0], [2740.5, 6168.0], [2739.5, 1485.0], [2738.25, 5818.0], [2738.0, 40000.0], [2737.5, 1481.0]], "asks": [[2746.5, 700.0], [2746.75, 3026.0], [2747.0, 12462.0], [2747.25, 15370.0], [2747.5, 11027.0], [2747.75, 34921.0], [2748.0, 5579.0], [2748.25, 13595.0], [2748.5, 602.0], [2748.75, 2465.0], [2749.0, 1801.0], [2749.25, 900.0], [2749.5, 459.0], [2749.75, 1531.0], [2750.25, 1531.0], [2753.0, 1484.0], [2753.25, 1500.0], [2754.25, 19038.0], [2754.5, 41932.0], [2755.0, 1532.0]]}}}
{"jsonrpc": "2.0", "method": "subscription", "params": {"channel": "book.ETH-13JUN25.none.20.100ms", "data": {"timestamp": 1749569151559, "change_id": 72059348146, "instrument_name": "ETH-13JUN25", "bids": [[2743.0, 7219.0], [2742.75, 11040.0], [2742.5, 5303.0], [2742.25, 9000.0], [2742.0, 4401.0], [2741.75, 7410.0], [2740.5, 3821.0], [2740.25, 12737.0], [2740.0, 1810.0], [2739.25, 1813.0], [2739.0, 25819.0], [2738.75, 3464.0], [2738.5, 1796.0], [2738.25, 900.0], [2738.0, 19796.0], [2737.5, 2074.0], [2737.25, 900.0], [2736.75, 1840.0], [2736.0, 2723.0], [2735.5, 2716.0]], "asks": [[2743.5, 3640.0], [2743.75, 5446.0], [2744.0, 19534.0], [2744.25, 41094.0], [2744.5, 18471.0], [2744.75, 9869.0], [2745.0, 32019.0], [2745.25, 24450.0], [2745.5, 600.0], [2746.25, 90000.0], [2747.75, 539.0], [2748.0, 1797.0], [2748.25, 48000.0], [2748.75, 2397.0], [2750.0, 1797.0], [2750.25, 24475.0], [2750.5, 1802.0], [2751.0, 40000.0], [2751.5, 1789.0], [2752.25, 180000.0]]}}}
{"jsonrpc": "2.0", "method": "subscription", "params": {"channel": "book.ETH-20JUN25.none.20.100ms", "data": {"timestamp": 1749569151774, "change_id": 72059348388, "instrument_name": "ETH-20JUN25", "bids": [[2746.0, 6476.0], [2745.75, 15822.0], [2745.5, 2620.0], [2745.25, 2560.0], [2744.0, 1118.0], [2743.75, 2445.0], [2743.5, 1647.0], [2743.25, 1489.0], [2743.0, 1856.0], [2742.75, 6185.0], [2742.25, 442.0], [2742.0, 1834.0], [2741.75, 1652.0], [2741.5, 1508.0], [2741.0, 2705.0], [2740.5, 6168.0], [2739.5, 1485.0], [2738.25, 5818.0], [2738.0, 40000.0], [2737.5, 1481.0]], "asks": [[2746.5, 700.0], [2746.75, 3026.0], [2747.0, 12462.0], [2747.25, 15370.0], [2747.5, 1198.0], [2747.75, 1950.0], [2748.0, 5579.0], [2748.25, 13595.0], [2748.5, 602.0], [2748.75, 2465.0], [2749.0, 1801.0], [2749.25, 900.0], [2750.25, 1531.0], [2753.0, 1484.0], [2753.25, 1500.0], [2754.25, 19038.0], [2754.5, 41932.0], [2755.0, 1532.0], [2755.5, 36723.0], [2757.5, 1508.0]]}}}
{"jsonrpc": "2.0", "method": "subscription", "params": {"channel": "book.ETH-13JUN25.none.20.100ms", "data": {"timestamp": 1749569151840, "change_id": 72059348497, "instrument_name": "ETH-13JUN25", "bids": [[2743.0, 7219.0], [2742.75, 11040.0], [2742.5, 5303.0], [2742.25, 9000.0], [2742.0, 4401.0], [2741.75, 7410.0], [2740.5, 3821.0], [2740.25, 12737.0], [2740.0, 1810.0], [2739.25, 1813.0], [2739.0, 25819.0], [2738.75, 3464.0], [2738.5, 1796.0], [2738.25, 900.0], [2738.0, 19796.0], [2737.5, 2074.0], [2737.25, 900.0], [2736.75, 1840.0], [2736.0, 2723.0], [2735.5, 2716.0]], "asks": [[2743.5, 3640.0], [2743.75, 5446.0], [2744.0, 19534.0], [2744.25, 41094.0], [2744.5, 18471.0], [2744.75, 9869.0], [2745.0, 32019.0], [2745.25, 24450.0], [2745.5, 600.0], [2746.25, 90000.0], [2747.75, 539.0], [2748.0, 1797.0], [2748.25, 48000.0], [2748.75, 2397.0], [2750.0, 1797.0], [2750.25, 24475.0], [2750.5, 1802.0], [2751.0, 40000.0], [2751.5, 1789.0], [2752.25, 180000.0]]}}}
{"jsonrpc": "2.0", "method": "subscription", "params": {"channel": "book.ETH-20JUN25.none.20.100ms", "data": {"timestamp": 1749569152064, "change_id": 72059348920, "instrument_name": "ETH-20JUN25", "bids": [[2746.0, 6476.0], [2745.75, 15822.0], [2745.5, 2620.0], [2745.25, 2560.0], [2744.0, 1118.0], [2743.75, 2445.0], [2743.5, 1647.0], [2743.25, 1489.0], [2743.0, 1856.0], [2742.75, 6185.0], [2742.25, 442.0], [2742.0, 1834.0], [2741.75, 1652.0], [2741.5, 1508.0], [2741.0, 2705.0], [2740.5, 6168.0], [2739.5, 1485.0], [2738.25, 5818.0], [2738.0, 40000.0], [2737.5, 1481.0]], "asks": [[2746.5, 700.0], [2746.75, 3026.0], [2747.0, 12462.0], [2747.25, 15370.0], [2747.5, 1198.0], [2747.75, 1950.0], [2748.0, 5579.0], [2748.25, 13595.0], [2748.5, 602.0], [2748.75, 2465.0], [2749.0, 1801.0], [2749.25, 1200.0], [2749.5, 1000.0], [2750.25, 1531.0], [2753.0, 1484.0], [2753.25, 1500.0], [2754.25, 19038.0], [2754.5, 41932.0], [2755.0, 1532.0], [2755.5, 36723.0]]}}}
{"jsonrpc": "2.0", "method": "subscription", "params": {"channel": "book.ETH-13JUN25.none.20.100ms", "data": {"timestamp": 1749569152468, "change_id": 72059349524, "instrument_name": "ETH-13JUN25", "bids": [[2743.0, 5205.0], [2742.75, 11040.0], [2742.5, 5303.0], [2742.25, 9653.0], [2742.0, 4401.0], [2741.75, 7410.0], [2740.5, 3821.0], [2740.25, 12737.0], [2739.25, 1813.0], [2739.0, 25819.0], [2738.75, 3464.0], [2738.5, 1796.0], [2738.25, 900.0], [2738.0, 19796.0], [2737.5, 2074.0], [2737.25, 900.0], [2736.75, 1840.0], [2736.0, 2723.0], [2735.5, 2716.0], [2735.25, 400.0]], "asks": [[2743.5, 3640.0], [2743.75, 5446.0], [2744.0, 19534.0], [2744.25, 41094.0], [2744.5, 18860.0], [2744.75, 9869.0], [2745.0, 32019.0], [2745.25, 24450.0], [2745.5, 600.0], [2746.25, 90000.0], [2747.75, 539.0], [2748.0, 1797.0], [2748.25, 48000.0], [2748.75, 2397.0], [2750.0, 1797.0], [2750.25, 24475.0], [2750.5, 1802.0], [2751.0, 40000.0], [2751.5, 1789.0], [2752.25, 180000.0]]}}}
{"jsonrpc": "2.0", "method": "subscription", "params": {"channel": "book.ETH-13JUN25.none.20.100ms", "data": {"timestamp": 1749569152647, "change_id": 72059349976, "instrument_name": "ETH-13JUN25", "bids": [[2743.0, 7219.0], [2742.75, 11040.0], [2742.5, 5303.0], [2742.25, 9653.0], [2742.0, 4401.0], [2741.75, 7410.0], [2740.5, 3821.0], [2740.25, 12737.0], [2739.25, 9247.0], [2739.0, 25819.0], [2738.75, 3464.0], [2738.5, 1796.0], [2738.25, 900.0], [2738.0, 19796.0], [2737.75, 541.0], [2737.5, 2074.0], [2737.25, 900.0], [2736.75, 1840.0], [2736.0, 2723.0], [2735.5, 2716.0]], "asks": [[2743.5, 3640.0], [2743.75, 5446.0], [2744.0, 19534.0], [2744.25, 41094.0], [2744.5, 18860.0], [2744.75, 9869.0], [2745.0, 32019.0], [2745.25, 24450.0], [2745.5, 600.0], [2746.0, 27000.0], [2746.25, 90000.0], [2747.0, 1810.0], [2747.75, 539.0], [2748.0, 16197.0], [2748.25, 48000.0], [2748.75, 2397.0], [2750.0, 1797.0], [2750.25, 24475.0], [2750.5, 1802.0], [2751.0, 40000.0]]}}}
{"jsonrpc": "2.0", "method": "subscription", "params": {"channel": "book.ETH-20JUN25.none.20.100ms", "data": {"timestamp": 1749569152603, "change_id": 72059350068, "instrument_name": "ETH-20JUN25", "bids": [[2746.0, 4226.0], [2745.75, 8322.0], [2745.5, 2620.0], [2745.25, 4810.0], [2745.0, 7500.0], [2744.0, 1118.0], [2743.75, 2445.0], [2743.5, 1647.0], [2743.25, 1489.0], [2743.0, 1856.0], [2742.75, 6185.0], [2742.25, 442.0], [2742.0, 1834.0], [2741.75, 1652.0], [2741.5, 1508.0], [2741.0, 2705.0], [2740.5, 6168.0], [2739.5, 1485.0], [2738.25, 5818.0], [2738.0, 40000.0]], "asks": [[2746.5, 910.0], [2746.75, 3026.0], [2747.0, 12462.0], [2747.25, 15370.0], [2747.5, 1198.0], [2747.75, 1950.0], [2748.0, 5579.0], [2748.25, 13595.0], [2748.5, 602.0], [2748.75, 2465.0], [2749.0, 1801.0], [2749.25, 1200.0], [2749.5, 1000.0], [2750.25, 1531.0], [2753.0, 1484.0], [2753.25, 1500.0], [2754.25, 19038.0], [2754.5, 41932.0], [2755.0, 1532.0], [2755.5, 36723.0]]}}}
{"jsonrpc": "2.0", "method": "subscription", "params": {"channel": "book.ETH-13JUN25.none.20.100ms", "data": {"timestamp": 1749569153447, "change_id": 72059351838, "instrument_name": "ETH-13JUN25", "bids": [[2743.0, 2683.0], [2742.75, 5060.0], [2742.5, 12362.0], [2742.25, 9653.0], [2742.0, 4401.0], [2741.75, 8410.0], [2740.5, 3821.0], [2740.25, 12737.0], [2739.25, 9247.0], [2739.0, 25819.0], [2738.75, 3464.0], [2738.5, 2797.0], [2738.25, 900.0], [2738.0, 20506.0], [2737.75, 541.0], [2737.5, 2074.0], [2737.25, 900.0], [2736.75, 1840.0], [2736.0, 2723.0], [2735.5, 2716.0]], "asks": [[2743.5, 7667.0], [2743.75, 9859.0], [2744.0, 10461.0], [2744.25, 41094.0], [2744.5, 26360.0], [2744.75, 2775.0], [2745.0, 24519.0], [2745.25, 24450.0], [2745.5, 600.0], [2746.0, 27000.0], [2746.25, 90000.0], [2747.0, 1810.0], [2747.75, 539.0], [2748.0, 16197.0], [2748.25, 48000.0], [2748.75, 2397.0], [2750.0, 1797.0], [2750.25, 24475.0], [2750.5, 1802.0], [2751.0, 40000.0]]}}}
{"jsonrpc": "2.0", "method": "subscription", "params": {"channel": "book.ETH-20JUN25.none.20.100ms", "data": {"timestamp": 1749569153450, "change_id": 72059351845, "instrument_name": "ETH-20JUN25", "bids": [[2746.0, 4226.0], [2745.75, 8322.0], [2745.5, 2620.0], [2745.25, 5510.0], [2745.0, 7500.0], [2744.0, 1118.0], [2743.75, 2445.0], [2743.5, 1647.0], [2743.25, 1489.0], [2743.0, 1856.0], [2742.75, 6185.0], [2742.25, 442.0], [2742.0, 1834.0], [2741.75, 1652.0], [2741.5, 1508.0], [2741.0, 2705.0], [2740.5, 6168.0], [2739.5, 1485.0], [2738.25, 5818.0], [2738.0, 40000.0]], "asks": [[2746.5, 910.0], [2746.75, 3026.0], [2747.0, 12462.0], [2747.25, 15370.0], [2747.5, 1198.0], [2747.75, 1950.0], [2748.0, 5579.0], [2748.25, 13595.0], [2748.5, 602.0], [2748.75, 2465.0], [2749.0, 1801.0], [2749.25, 1200.0], [2749.5, 1000.0], [2750.25, 1531.0], [2753.0, 1484.0], [2753.25, 1500.0], [2754.25, 19038.0], [2754.5, 41932.0], [2755.0, 1532.0], [2755.5, 36723.0]]}}}
{"jsonrpc": "2.0", "method": "subscription", "params": {"channel": "book.ETH-13JUN25.none.20.100ms", "data": {"timestamp": 1749569153788, "change_id": 72059352726, "instrument_name": "ETH-13JUN25", "bids": [[2742.5, 5303.0], [2742.25, 9212.0], [2742.0, 4561.0], [2741.75, 8410.0], [2741.5, 7500.0], [2741.0, 3821.0], [2740.75, 12737.0], [2739.25, 9247.0], [2739.0, 25819.0], [2738.75, 3775.0], [2738.5, 1796.0], [2738.25, 900.0], [2738.0, 20506.0], [2737.75, 541.0], [2737.5, 2074.0], [2737.25, 900.0], [2737.0, 552.0], [2736.75, 1840.0], [2736.0, 2723.0], [2735.5, 2716.0]], "asks": [[2743.0, 2860.0], [2743.25, 5586.0], [2743.5, 12713.0], [2743.75, 2800.0], [2744.0, 10461.0], [2744.25, 41094.0], [2744.5, 27664.0], [2744.75, 5576.0], [2745.0, 24519.0], [2745.25, 24450.0], [2745.5, 600.0], [2746.0, 27000.0], [2746.25, 90000.0], [2746.75, 543.0], [2747.0, 1810.0], [2747.75, 539.0], [2748.0, 16197.0], [2748.25, 48000.0], [2748.75, 2397.0], [2750.0, 1797.0]]}}}
{"jsonrpc": "2.0", "method": "subscription", "params": {"channel": "book.ETH-20JUN25.none.20.100ms", "data": {"timestamp": 1749569153785, "change_id": 72059352710, "instrument_name": "ETH-20JUN25", "bids": [[2746.0, 1200.0], [2745.75, 570.0], [2745.5, 2620.0], [2745.25, 5510.0], [2745.0, 7500.0], [2744.0, 600.0], [2743.75, 960.0], [2743.5, 1647.0], [2743.25, 1489.0], [2742.75, 3387.0], [2742.5, 6185.0], [2742.25, 442.0], [2742.0, 1834.0], [2741.75, 1652.0], [2741.5, 1508.0], [2741.0, 2705.0], [2740.25, 6168.0], [2739.5, 1485.0], [2738.25, 5818.0], [2738.0, 40000.0]], "asks": [[2746.25, 700.0], [2746.5, 22962.0], [2746.75, 910.0], [2747.0, 700.0], [2747.25, 370.0], [2747.5, 3338.0], [2747.75, 9450.0], [2748.0, 1500.0], [2748.25, 8101.0], [2748.75, 459.0], [2749.0, 1801.0], [2749.25, 1200.0], [2749.5, 1000.0], [2750.25, 1531.0], [2753.0, 1484.0], [2753.25, 1500.0], [2754.25, 19038.0], [2754.5, 41932.0], [2755.0, 1532.0], [2755.5, 36723.0]]}}}
{"jsonrpc": "2.0", "method": "subscription", "params": {"channel": "book.ETH-13JUN25.none.20.100ms", "data": {"timestamp": 1749569154021, "change_id": 72059353916, "instrument_name": "ETH-13JUN25", "bids": [[2742.5, 2200.0], [2742.25, 4248.0], [2742.0, 11309.0], [2741.75, 8410.0], [2741.5, 7500.0], [2739.5, 12737.0], [2739.25, 1813.0], [2739.0, 1039.0], [2738.75, 3775.0], [2738.5, 26576.0], [2738.25, 900.0], [2738.0, 20506.0], [2737.75, 311.0], [2737.5, 1804.0], [2737.25, 900.0], [2736.75, 1840.0], [2736.0, 2723.0], [2735.5, 2716.0], [2735.25, 400.0], [2735.0, 7592.0]], "asks": [[2743.0, 6909.0], [2743.25, 10353.0], [2743.5, 3640.0], [2743.75, 2800.0], [2744.0, 7971.0], [2744.25, 4204.0], [2744.5, 18000.0], [2744.75, 771.0], [2745.0, 24519.0], [2745.25, 24450.0], [2745.5, 600.0], [2746.0, 27000.0], [2746.25, 90000.0], [2747.0, 1810.0], [2747.75, 228.0], [2748.0, 16197.0], [2748.25, 48000.0], [2748.75, 2397.0], [2750.0, 1797.0], [2750.25, 24475.0]]}}}
{"jsonrpc": "2.0", "method": "subscription", "params": {"channel": "book.ETH-20JUN25.none.20.100ms", "data": {"timestamp": 1749569153956, "change_id": 72059353774, "instrument_name": "ETH-20JUN25", "bids": [[2746.0, 1200.0], [2745.75, 570.0], [2745.5, 2620.0], [2745.25, 7184.0], [2745.0, 14552.0], [2744.5, 160.0], [2744.0, 600.0], [2743.75, 960.0], [2743.5, 1647.0], [2743.25, 1489.0], [2742.75, 3387.0], [2742.5, 6185.0], [2742.25, 442.0], [2742.0, 1834.0], [2741.75, 1652.0], [2741.5, 1508.0], [2741.0, 2705.0], [2740.0, 6168.0], [2739.5, 1485.0], [2738.25, 5818.0]], "asks": [[2746.25, 700.0], [2746.5, 22962.0], [2746.75, 1070.0], [2747.0, 700.0], [2747.5, 1198.0], [2747.75, 9450.0], [2748.0, 3506.0], [2748.25, 6095.0], [2748.75, 1459.0], [2749.0, 1801.0], [2749.25, 900.0], [2750.25, 1531.0], [2753.0, 1484.0], [2753.25, 1500.0], [2754.25, 19038.0], [2754.5, 41932.0], [2755.0, 1532.0], [2755.5, 36723.0], [2757.5, 1508.0], [2758.0, 37671.0]]}}}
{"jsonrpc": "2.0", "method": "subscription", "params": {"channel": "book.ETH-13JUN25.none.20.100ms", "data": {"timestamp": 1749569154404, "change_id": 72059354715, "instrument_name": "ETH-13JUN25", "bids": [[2742.5, 3782.0], [2742.25, 8462.0], [2742.0, 11309.0], [2741.75, 8410.0], [2741.5, 7500.0], [2739.5, 12737.0], [2739.25, 1813.0], [2739.0, 1039.0], [2738.75, 3775.0], [2738.5, 26576.0], [2738.25, 900.0], [2738.0, 20506.0], [2737.75, 311.0], [2737.5, 1804.0], [2737.25, 900.0], [2736.75, 1840.0], [2736.0, 2723.0], [2735.5, 2716.0], [2735.25, 400.0], [2735.0, 7592.0]], "asks": [[2743.0, 6909.0], [2743.25, 19839.0], [2743.5, 36561.0], [2743.75, 2800.0], [2744.0, 7971.0], [2744.25, 2004.0], [2744.5, 18000.0], [2744.75, 771.0], [2745.0, 24519.0], [2745.25, 24450.0], [2745.5, 600.0], [2746.0, 27000.0], [2746.25, 90000.0], [2747.0, 1810.0], [2747.75, 228.0], [2748.0, 16197.0], [2748.25, 48000.0], [2748.75, 2397.0], [2750.0, 1797.0], [2750.25, 24475.0]]}}}
{"jsonrpc": "2.0", "method": "subscription", "params": {"channel": "book.ETH-20JUN25.none.20.100ms", "data": {"timestamp": 1749569154438, "change_id": 72059354746, "instrument_name": "ETH-20JUN25", "bids": [[2746.0, 1200.0], [2745.75, 570.0], [2745.5, 2620.0], [2745.25, 7184.0], [2745.0, 14552.0], [2744.5, 160.0], [2744.0, 600.0], [2743.75, 960.0], [2743.5, 1647.0], [2743.25, 1489.0], [2742.75, 3387.0], [2742.5, 6185.0], [2742.25, 442.0], [2742.0, 1834.0], [2741.75, 1652.0], [2741.5, 1508.0], [2741.0, 2705.0], [2740.0, 6168.0], [2739.5, 1485.0], [2738.25, 5818.0]], "asks": [[2746.25, 700.0], [2746.5, 22962.0], [2746.75, 10932.0], [2747.0, 32961.0], [2747.5, 1198.0], [2747.75, 11456.0], [2748.0, 1500.0], [2748.25, 6095.0], [2748.75, 1459.0], [2749.0, 1801.0], [2749.25, 900.0], [2753.0, 1484.0], [2753.25, 1500.0], [2754.25, 19038.0], [2754.5, 41932.0], [2755.0, 1532.0], [2755.5, 36723.0], [2757.5, 1508.0], [2758.0, 37671.0], [2758.5, 1520.0]]}}}
{"jsonrpc": "2.0", "method": "subscription", "params": {"channel": "book.ETH-13JUN25.none.20.100ms", "data": {"timestamp": 1749569154694, "change_id": 72059355007, "instrument_name": "ETH-13JUN25", "bids": [[2742.5, 3782.0], [2742.25, 8462.0], [2742.0, 11309.0], [2741.75, 8410.0], [2741.5, 7500.0], [2739.75, 3821.0], [2739.5, 12737.0], [2739.25, 1813.0], [2739.0, 1039.0], [2738.75, 3775.0], [2738.5, 26576.0], [2738.25, 7052.0], [2738.0, 20506.0], [2737.75, 311.0], [2737.5, 1804.0], [2737.25, 900.0], [2736.75, 1840.0], [2736.0, 2723.0], [2735.5, 2716.0], [2735.25, 400.0]], "asks": [[2743.0, 6909.0], [2743.25, 19839.0], [2743.5, 36721.0], [2743.75, 2800.0], [2744.0, 7811.0], [2744.25, 7404.0], [2744.5, 18000.0], [2744.75, 771.0], [2745.0, 24519.0], [2745.25, 24450.0], [2745.5, 600.0], [2746.0, 27000.0], [2746.25, 90000.0], [2746.75, 543.0], [2747.0, 1810.0], [2747.75, 228.0], [2748.0, 16197.0], [2748.25, 48000.0], [2748.75, 2397.0], [2750.0, 1797.0]]}}}
{"jsonrpc": "2.0", "method": "subscription", "params": {"channel": "book.ETH-20JUN25.none.20.100ms", "data": {"timestamp": 1749569154750, "change_id": 72059355065, "instrument_name": "ETH-20JUN25", "bids": [[2746.0, 1200.0], [2745.75, 570.0], [2745.5, 2620.0], [2745.25, 7184.0], [2745.0, 14552.0], [2744.5, 160.0], [2744.0, 600.0], [2743.75, 960.0], [2743.5, 1647.0], [2743.25, 1489.0], [2742.75, 3387.0], [2742.5, 6185.0], [2742.25, 442.0], [2742.0, 1834.0], [2741.75, 1652.0], [2741.5, 1508.0], [2741.0, 2705.0], [2740.0, 6168.0], [2739.5, 1485.0], [2738.25, 5818.0]], "asks": [[2746.25, 861.0], [2746.5, 22962.0], [2746.75, 10772.0], [2747.0, 32961.0], [2747.25, 7500.0], [2747.5, 1198.0], [2747.75, 3956.0], [2748.0, 1500.0], [2748.25, 6095.0], [2748.75, 1459.0], [2749.0, 1801.0], [2749.25, 900.0], [2753.0, 1484.0], [2753.25, 1500.0], [2754.25, 19038.0], [2754.5, 41932.0], [2755.0, 1532.0], [2755.5, 36723.0], [2757.5, 1508.0], [2758.0, 37671.0]]}}}
{"jsonrpc": "2.0", "method": "subscription", "params": {"channel": "book.ETH-13JUN25.none.20.100ms", "data": {"timestamp": 1749569155068, "change_id": 72059355544, "instrument_name": "ETH-13JUN25", "bids": [[2742.5, 3096.0], [2742.25, 9124.0], [2742.0, 4250.0], [2741.75, 8410.0], [2741.5, 7500.0], [2739.75, 3821.0], [2739.5, 12737.0], [2739.25, 1813.0], [2739.0, 1039.0], [2738.75, 3775.0], [2738.5, 26576.0], [2738.25, 7052.0], [2738.0, 20506.0], [2737.75, 311.0], [2737.5, 1804.0], [2737.25, 900.0], [2736.75, 1840.0], [2736.0, 2723.0], [2735.5, 2716.0], [2735.25, 400.0]], "asks": [[2743.0, 6909.0], [2743.25, 19839.0], [2743.5, 36721.0], [2743.75, 2800.0], [2744.0, 7811.0], [2744.25, 7404.0], [2744.5, 18000.0], [2744.75, 771.0], [2745.0, 24519.0], [2745.25, 24450.0], [2745.5, 600.0], [2746.0, 27000.0], [2746.25, 90000.0], [2746.75, 543.0], [2747.0, 1810.0], [2747.75, 228.0], [2748.0, 16197.0], [2748.25, 48000.0], [2748.75, 2397.0], [2750.0, 1797.0]]}}}
{"jsonrpc": "2.0", "method": "subscription", "params": {"channel": "book.ETH-20JUN25.none.20.100ms", "data": {"timestamp": 1749569155069, "change_id": 72059355548, "instrument_name": "ETH-20JUN25", "bids": [[2746.0, 1200.0], [2745.75, 360.0], [2745.5, 1920.0], [2745.25, 6484.0], [2745.0, 14552.0], [2744.5, 160.0], [2744.0, 600.0], [2743.75, 960.0], [2743.5, 1647.0], [2743.25, 1489.0], [2742.75, 3387.0], [2742.5, 6185.0], [2742.25, 442.0], [2742.0, 1834.0], [2741.75, 1652.0], [2741.5, 1508.0], [2741.0, 2705.0], [2740.0, 6168.0], [2739.5, 1485.0], [2738.25, 5818.0]], "asks": [[2746.25, 861.0], [2746.5, 22962.0], [2746.75, 10772.0], [2747.0, 32961.0], [2747.25, 7500.0], [2747.5, 1198.0], [2747.75, 3956.0], [2748.0, 1500.0], [2748.25, 6095.0], [2748.75, 1459.0], [2749.0, 1801.0], [2749.25, 900.0], [2753.0, 1484.0], [2753.25, 1500.0], [2754.25, 19038.0], [2754.5, 41932.0], [2755.0, 1532.0], [2755.5, 36723.0], [2757.5, 1508.0], [2758.0, 37671.0]]}}}
{"jsonrpc": "2.0", "method": "subscription", "params": {"channel": "book.ETH-13JUN25.none.20.100ms", "data": {"timestamp": 1749569155274, "change_id": 72059357089, "instrument_name": "ETH-13JUN25", "bids": [[2742.25, 1500.0], [2742.0, 4090.0], [2741.75, 11674.0], [2741.5, 7059.0], [2741.25, 160.0], [2740.75, 8500.0], [2739.5, 12737.0], [2739.25, 1813.0], [2739.0, 1039.0], [2738.75, 3775.0], [2738.5, 1796.0], [2738.25, 7052.0], [2738.0, 44576.0], [2737.75, 311.0], [2737.5, 1804.0], [2737.25, 900.0], [2736.75, 1840.0], [2736.0, 2723.0], [2735.5, 2716.0], [2735.25, 400.0]], "asks": [[2742.75, 14744.0], [2743.0, 44094.0], [2743.25, 12780.0], [2743.5, 34521.0], [2743.75, 2604.0], [2744.0, 32261.0], [2744.25, 5400.0], [2744.5, 18000.0], [2744.75, 460.0], [2745.5, 600.0], [2745.75, 1837.0], [2746.0, 27000.0], [2746.25, 90000.0], [2747.0, 1810.0], [2747.75, 228.0], [2748.0, 16197.0], [2748.25, 48000.0], [2748.75, 2397.0], [2750.0, 1797.0], [2750.25, 24475.0]]}}}
{"jsonrpc": "2.0", "method": "subscription", "params": {"channel": "book.ETH-20JUN25.none.20.100ms", "data": {"timestamp": 1749569155430, "change_id": 72059357159, "instrument_name": "ETH-20JUN25", "bids": [[2746.0, 1200.0], [2745.5, 1200.0], [2745.25, 2610.0], [2745.0, 700.0], [2744.75, 2164.0], [2744.5, 9462.0], [2744.25, 7500.0], [2744.0, 600.0], [2743.75, 960.0], [2743.5, 1647.0], [2743.25, 1489.0], [2742.75, 1531.0], [2742.25, 442.0], [2742.0, 1834.0], [2741.75, 1652.0], [2741.5, 7693.0], [2741.25, 812.0], [2741.0, 2705.0], [2740.5, 1531.0], [2740.0, 1531.0]], "asks": [[2746.25, 861.0], [2746.5, 22052.0], [2747.25, 7500.0], [2747.5, 2706.0], [2747.75, 1950.0], [2748.0, 1500.0], [2748.25, 6095.0], [2748.75, 1459.0], [2749.0, 1801.0], [2749.25, 900.0], [2753.0, 1484.0], [2753.25, 1500.0], [2754.25, 19038.0], [2754.5, 41932.0], [2755.0, 1532.0], [2755.5, 36723.0], [2757.5, 1508.0], [2758.0, 37671.0], [2758.5, 1520.0], [2760.0, 400.0]]}}}
{"jsonrpc": "2.0", "method": "subscription", "params": {"channel": "book.ETH-13JUN25.none.20.100ms", "data": {"timestamp": 1749569155668, "change_id": 72059357614, "instrument_name": "ETH-13JUN25", "bids": [[2742.25, 1500.0], [2742.0, 4090.0], [2741.75, 11674.0], [2741.5, 7059.0], [2741.25, 160.0], [2741.0, 2550.0], [2740.75, 8500.0], [2739.5, 13281.0], [2739.25, 1813.0], [2739.0, 1039.0], [2738.75, 3775.0], [2738.5, 1796.0], [2738.25, 7052.0], [2738.0, 44576.0], [2737.75, 311.0], [2737.5, 1804.0], [2737.25, 900.0], [2737.0, 552.0], [2736.75, 1840.0], [2736.0, 2723.0]], "asks": [[2742.5, 4214.0], [2742.75, 14744.0], [2743.0, 42080.0], [2743.25, 2428.0], [2743.5, 1600.0], [2743.75, 12189.0], [2744.0, 32261.0], [2744.25, 5400.0], [2744.5, 18000.0], [2744.75, 460.0], [2745.5, 1151.0], [2745.75, 1837.0], [2746.0, 27000.0], [2746.25, 90000.0], [2747.0, 1810.0], [2747.75, 511.0], [2748.0, 16197.0], [2748.25, 48000.0], [2748.75, 2397.0], [2750.0, 1797.0]]}}}
{"jsonrpc": "2.0", "method": "subscription", "params": {"channel": "book.ETH-20JUN25.none.20.100ms", "data": {"timestamp": 1749569155731, "change_id": 72059357706, "instrument_name": "ETH-20JUN25", "bids": [[2746.0, 934.0], [2745.5, 1200.0], [2745.25, 2610.0], [2745.0, 700.0], [2744.75, 2164.0], [2744.5, 9302.0], [2744.25, 7500.0], [2744.0, 600.0], [2743.75, 1120.0], [2743.5, 1647.0], [2743.25, 1489.0], [2743.0, 459.0], [2742.75, 1531.0], [2742.25, 442.0], [2742.0, 1834.0], [2741.75, 1652.0], [2741.5, 7693.0], [2741.25, 812.0], [2741.0, 2705.0], [2740.5, 1531.0]], "asks": [[2746.25, 861.0], [2746.5, 22052.0], [2747.0, 2250.0], [2747.25, 9506.0], [2747.5, 700.0], [2747.75, 1950.0], [2748.0, 1500.0], [2748.25, 6095.0], [2748.5, 300.0], [2748.75, 1459.0], [2749.0, 1801.0], [2749.25, 900.0], [2753.0, 1484.0], [2753.25, 1500.0], [2754.25, 19038.0], [2754.5, 41932.0], [2755.0, 1532.0], [2755.5, 36723.0], [2757.5, 1508.0], [2758.0, 37671.0]]}}}
{"jsonrpc": "2.0", "method": "subscription", "params": {"channel": "book.ETH-13JUN25.none.20.100ms", "data": {"timestamp": 1749569156035, "change_id": 72059358237, "instrument_name": "ETH-13JUN25", "bids": [[2742.25, 1500.0], [2742.0, 4090.0], [2741.75, 11674.0], [2741.5, 7059.0], [2741.25, 160.0], [2741.0, 2550.0], [2740.75, 8500.0], [2739.5, 13281.0], [2739.25, 1813.0], [2739.0, 1039.0], [2738.75, 3775.0], [2738.5, 1796.0], [2738.25, 7052.0], [2738.0, 44576.0], [2737.75, 311.0], [2737.5, 1804.0], [2737.25, 900.0], [2737.0, 552.0], [2736.75, 1840.0], [2736.0, 2723.0]], "asks": [[2742.5, 4214.0], [2742.75, 14744.0], [2743.0, 44814.0], [2743.25, 35346.0], [2743.5, 1600.0], [2743.75, 12189.0], [2744.0, 32261.0], [2744.25, 5400.0], [2744.5, 18000.0], [2744.75, 460.0], [2745.5, 1151.0], [2745.75, 1837.0], [2746.0, 27000.0], [2746.25, 90000.0], [2747.0, 1810.0], [2747.75, 511.0], [2748.0, 16197.0], [2748.25, 48000.0], [2748.75, 2397.0], [2750.0, 1797.0]]}}}
{"jsonrpc": "2.0", "method": "subscription", "params": {"channel": "book.ETH-20JUN25.none.20.100ms", "data": {"timestamp": 1749569156092, "change_id": 72059358351, "instrument_name": "ETH-20JUN25", "bids": [[2746.0, 934.0], [2745.5, 1410.0], [2745.25, 2610.0], [2745.0, 700.0], [2744.75, 2164.0], [2744.5, 9302.0], [2744.25, 7500.0], [2744.0, 600.0], [2743.75, 1120.0], [2743.5, 1647.0], [2743.25, 1489.0], [2743.0, 459.0], [2742.75, 1531.0], [2742.25, 442.0], [2742.0, 1834.0], [2741.75, 1652.0], [2741.5, 7693.0], [2741.25, 812.0], [2741.0, 2705.0], [2740.5, 1531.0]], "asks": [[2746.25, 861.0], [2746.5, 31939.0], [2746.75, 32958.0], [2747.0, 2250.0], [2747.25, 7500.0], [2747.5, 700.0], [2747.75, 3956.0], [2748.0, 1500.0], [2748.25, 6095.0], [2748.5, 300.0], [2748.75, 1459.0], [2749.0, 1801.0], [2749.25, 900.0], [2753.0, 1484.0], [2753.25, 1500.0], [2754.25, 19038.0], [2754.5, 41932.0], [2755.0, 1532.0], [2755.5, 36723.0], [2757.5, 1508.0]]}}}
{"jsonrpc": "2.0", "method": "subscription", "params": {"channel": "book.ETH-13JUN25.none.20.100ms", "data": {"timestamp": 1749569156413, "change_id": 72059358864, "instrument_name": "ETH-13JUN25", "bids": [[2742.25, 3700.0], [2742.0, 11149.0], [2741.75, 9424.0], [2741.25, 160.0], [2741.0, 2550.0], [2740.75, 8500.0], [2739.5, 13281.0], [2739.25, 1813.0], [2739.0, 1039.0], [2738.75, 3775.0], [2738.5, 1796.0], [2738.25, 7052.0], [2738.0, 44576.0], [2737.75, 311.0], [2737.5, 1804.0], [2737.25, 900.0], [2737.0, 552.0], [2736.75, 1840.0], [2736.0, 2723.0], [2735.5, 2716.0]], "asks": [[2742.5, 2014.0], [2742.75, 14744.0], [2743.0, 44814.0], [2743.25, 40205.0], [2743.5, 1600.0], [2743.75, 12189.0], [2744.0, 32261.0], [2744.25, 5400.0], [2744.5, 18000.0], [2744.75, 460.0], [2745.5, 1151.0], [2745.75, 1837.0], [2746.0, 27000.0], [2746.25, 90000.0], [2747.0, 1810.0], [2747.75, 511.0], [2748.0, 16197.0], [2748.25, 48000.0], [2748.75, 2397.0], [2750.0, 1797.0]]}}}
{"jsonrpc": "2.0", "method": "subscription", "params": {"channel": "book.ETH-20JUN25.none.20.100ms", "data": {"timestamp": 1749569156415, "change_id": 72059358870, "instrument_name": "ETH-20JUN25", "bids": [[2746.0, 934.0], [2745.5, 1894.0], [2745.25, 4699.0], [2745.0, 7052.0], [2744.5, 2250.0], [2744.25, 7660.0], [2744.0, 600.0], [2743.75, 960.0], [2743.5, 1647.0], [2743.25, 1489.0], [2743.0, 459.0], [2742.75, 1531.0], [2742.25, 442.0], [2742.0, 1834.0], [2741.75, 1652.0], [2741.5, 7693.0], [2741.25, 812.0], [2741.0, 2705.0], [2740.5, 1531.0], [2740.0, 1531.0]], "asks": [[2746.25, 861.0], [2746.5, 31939.0], [2746.75, 32958.0], [2747.0, 2250.0], [2747.25, 7500.0], [2747.5, 2706.0], [2747.75, 1950.0], [2748.0, 1500.0], [2748.25, 6095.0], [2748.5, 300.0], [2748.75, 1459.0], [2749.0, 1801.0], [2749.25, 900.0], [2753.0, 1484.0], [2753.25, 1500.0], [2754.25, 19038.0], [2754.5, 41932.0], [2755.0, 1532.0], [2755.5, 36723.0], [2757.5, 1508.0]]}}}
