{"jsonrpc": "2.0", "id": 1, "result": ["book.ETH-2JAN26.none.20.100ms"], "usIn": 1766658405767932, "usOut": 1766658405768137, "usDiff": 205, "testnet": false}
{"jsonrpc": "2.0", "method": "subscription", "params": {"channel": "book.ETH-2JAN26.none.20.100ms", "data": {"timestamp": 1766658405702, "change_id": 102722478144, "instrument_name": "ETH-2JAN26", "bids": [[2923.0, 1850.0], [2922.75, 801.0], [2922.5, 801.0], [2922.25, 801.0], [2922.0, 2644.0], [2921.75, 11215.0], [2921.5, 20940.0], [2920.5, 206.0], [2920.25, 2506.0], [2920.0, 4774.0], [2919.75, 2036.0], [2919.5, 6910.0], [2919.25, 1933.0], [2919.0, 6236.0], [2918.75, 500.0], [2918.25, 5454.0], [2918.0, 18272.0], [2917.0, 30000.0], [2915.5, 100.0], [2914.5, 59212.0]], "asks": [[2923.75, 806.0], [2924.0, 589.0], [2924.25, 206.0], [2924.5, 1250.0], [2925.5, 600.0], [2925.75, 806.0], [2926.0, 806.0], [2926.25, 2826.0], [2926.5, 7751.0], [2926.75, 2479.0], [2927.0, 4774.0], [2927.25, 14622.0], [2927.5, 90000.0], [2927.75, 6117.0], [2929.0, 18871.0], [2930.0, 5430.0], [2930.25, 18272.0], [2930.75, 37446.0], [2932.75, 40100.0], [2933.75, 38490.0]]}}}
{"jsonrpc": "2.0", "method": "subscription", "params": {"channel": "book.ETH-2JAN26.none.20.100ms", "data": {"timestamp": 1766658405620, "change_id": 102722478144, "instrument_name": "ETH-2JAN26", "bids": [[2923.0, 1850.0], [2922.75, 801.0], [2922.5, 801.0], [2922.25, 801.0], [2922.0, 2644.0], [2921.75, 11215.0], [2921.5, 20940.0], [2920.5, 206.0], [2920.25, 2506.0], [2920.0, 4774.0], [2919.75, 2036.0], [2919.5, 6910.0], [2919.25, 1933.0], [2919.0, 6236.0], [2918.75, 500.0], [2918.25, 5454.0], [2918.0, 18272.0], [2917.0, 30000.0], [2915.5, 100.0], [2914.5, 59212.0]], "asks": [[2923.75, 806.0], [2924.0, 589.0], [2924.25, 206.0], [2924.5, 1250.0], [2925.5, 600.0], [2925.75, 806.0], [2926.0, 806.0], [2926.25, 2826.0], [2926.5, 7751.0], [2926.75, 2479.0], [2927.0, 4774.0], [2927.25, 14622.0], [2927.5, 90000.0], [2927.75, 6117.0], [2929.0, 18871.0], [2930.0, 5430.0], [2930.25, 18272.0], [2930.75, 37446.0], [2932.75, 40100.0], [2933.75, 38490.0]]}}}
{"jsonrpc": "2.0", "method": "subscription", "params": {"channel": "book.ETH-2JAN26.none.20.100ms", "data": {"timestamp": 1766658406402, "change_id": 102722478899, "instrument_name": "ETH-2JAN26", "bids": [[2923.0, 1850.0], [2922.75, 801.0], [2922.5, 801.0], [2922.25, 873.0], [2922.0, 2644.0], [2921.75, 11215.0], [2921.5, 20940.0], [2920.5, 206.0], [2920.25, 2506.0], [2920.0, 4774.0], [2919.75, 2036.0], [2919.5, 6910.0], [2919.25, 1861.0], [2919.0, 6236.0], [2918.75, 500.0], [2918.25, 5454.0], [2918.0, 18272.0], [2917.0, 30000.0], [2915.5, 100.0], [2914.5, 59212.0]], "asks": [[2923.75, 806.0], [2924.0, 589.0], [2924.25, 206.0], [2924.5, 1250.0], [2925.5, 600.0], [2925.75, 806.0], [2926.0, 806.0], [2926.25, 2826.0], [2926.5, 7751.0], [2926.75, 2479.0], [2927.0, 4774.0], [2927.25, 14622.0], [2927.5, 90000.0], [2927.75, 6117.0], [2929.0, 18871.0], [2930.0, 5430.0], [2930.25, 18272.0], [2930.75, 37446.0], [2932.75, 40100.0], [2933.75, 38490.0]]}}}
{"jsonrpc": "2.0", "method": "subscription", "params": {"channel": "book.ETH-2JAN26.none.20.100ms", "data": {"timestamp": 1766658406700, "change_id": 102722479578, "instrument_name": "ETH-2JAN26", "bids": [[2923.0, 1850.0], [2922.75, 801.0], [2922.5, 801.0], [2922.25, 873.0], [2922.0, 2644.0], [2921.75, 11215.0], [2921.5, 20940.0], [2920.5, 206.0], [2920.25, 2506.0], [2920.0, 4774.0], [2919.75, 2036.0], [2919.5, 6910.0], [2919.25, 1861.0], [2919.0, 6236.0], [2918.75, 500.0], [2918.25, 5454.0], [2918.0, 18272.0], [2917.0, 30000.0], [2915.5, 100.0], [2914.75, 400.0]], "asks": [[2923.75, 806.0], [2924.0, 589.0], [2924.25, 206.0], [2924.5, 1250.0], [2925.5, 600.0], [2925.75, 806.0], [2926.0, 806.0], [2926.25, 2826.0], [2926.5, 7751.0], [2926.75, 2479.0], [2927.0, 4774.0], [2927.25, 14622.0], [2927.5, 90000.0], [2927.75, 6117.0], [2929.0, 18871.0], [2930.0, 5430.0], [2930.25, 18272.0], [2930.75, 37446.0], [2932.0, 400.0], [2932.75, 40100.0]]}}}
{"jsonrpc": "2.0", "method": "subscription", "params": {"channel": "book.ETH-2JAN26.none.20.100ms", "data": {"timestamp": 1766658409022, "change_id": 102722481429, "instrument_name": "ETH-2JAN26", "bids": [[2923.0, 1850.0], [2922.75, 1771.0], [2922.5, 7523.0], [2922.25, 873.0], [2922.0, 2644.0], [2921.75, 11215.0], [2921.5, 20940.0], [2920.5, 206.0], [2920.25, 2506.0], [2920.0, 4774.0], [2919.75, 2036.0], [2919.5, 6910.0], [2919.25, 1861.0], [2919.0, 6236.0], [2918.75, 500.0], [2918.25, 5454.0], [2918.0, 18272.0], [2917.0, 30000.0], [2915.5, 100.0], [2914.75, 400.0]], "asks": [[2923.75, 806.0], [2924.0, 589.0], [2924.25, 206.0], [2924.5, 1250.0], [2925.5, 600.0], [2925.75, 806.0], [2926.0, 806.0], [2926.25, 2826.0], [2926.5, 7751.0], [2926.75, 2479.0], [2927.0, 4774.0], [2927.25, 14622.0], [2927.5, 90000.0], [2927.75, 6117.0], [2929.0, 18871.0], [2930.0, 5430.0], [2930.25, 18272.0], [2930.75, 37446.0], [2932.0, 400.0], [2932.75, 40100.0]]}}}
{"jsonrpc": "2.0", "method": "subscription", "params": {"channel": "book.ETH-2JAN26.none.20.100ms", "data": {"timestamp": 1766658411541, "change_id": 102722483608, "instrument_name": "ETH-2JAN26", "bids": [[2923.0, 1850.0], [2922.75, 1771.0], [2922.5, 7523.0], [2922.25, 873.0], [2922.0, 2644.0], [2921.75, 11215.0], [2921.5, 20940.0], [2920.5, 206.0], [2920.25, 2506.0], [2920.0, 4774.0], [2919.75, 2036.0], [2919.5, 6910.0], [2919.25, 1861.0], [2919.0, 6236.0], [2918.75, 500.0], [2918.25, 5454.0], [2918.0, 18272.0], [2917.0, 30000.0], [2915.5, 100.0], [2914.75, 400.0]], "asks": [[2923.75, 600.0], [2924.0, 589.0], [2924.25, 206.0], [2924.5, 1250.0], [2925.5, 600.0], [2925.75, 806.0], [2926.0, 806.0], [2926.25, 2826.0], [2926.5, 7751.0], [2926.75, 2479.0], [2927.0, 4774.0], [2927.25, 14622.0], [2927.5, 90000.0], [2927.75, 6117.0], [2929.0, 18871.0], [2930.0, 5430.0], [2930.25, 18272.0], [2930.75, 37446.0], [2932.0, 400.0], [2932.75, 40100.0]]}}}
{"jsonrpc": "2.0", "method": "subscription", "params": {"channel": "book.ETH-2JAN26.none.20.100ms", "data": {"timestamp": 1766658412145, "change_id": 102722484077, "instrument_name": "ETH-2JAN26", "bids": [[2923.0, 1850.0], [2922.75, 1771.0], [2922.5, 7523.0], [2922.25, 873.0], [2922.0, 2644.0], [2921.75, 11215.0], [2921.5, 20940.0], [2920.5, 206.0], [2920.25, 2506.0], [2920.0, 4774.0], [2919.75, 2036.0], [2919.5, 13146.0], [2918.75, 500.0], [2918.25, 5454.0], [2918.0, 18272.0], [2917.0, 30000.0], [2915.5, 100.0], [2914.75, 400.0], [2914.5, 59212.0], [2914.25, 500.0]], "asks": [[2923.75, 600.0], [2924.0, 589.0], [2924.25, 206.0], [2924.5, 1250.0], [2925.5, 600.0], [2925.75, 806.0], [2926.0, 806.0], [2926.25, 2826.0], [2926.5, 7751.0], [2926.75, 2479.0], [2927.0, 4774.0], [2927.25, 14622.0], [2927.5, 90000.0], [2927.75, 6117.0], [2929.0, 18871.0], [2930.0, 5430.0], [2930.25, 18272.0], [2930.75, 37446.0], [2932.0, 400.0], [2932.75, 40100.0]]}}}
{"jsonrpc": "2.0", "method": "subscription", "params": {"channel": "book.ETH-2JAN26.none.20.100ms", "data": {"timestamp": 1766658413030, "change_id": 102722484763, "instrument_name": "ETH-2JAN26", "bids": [[2923.0, 1850.0], [2922.75, 1771.0], [2922.5, 7523.0], [2922.25, 873.0], [2922.0, 2644.0], [2921.75, 11215.0], [2921.5, 20940.0], [2920.5, 206.0], [2920.25, 2506.0], [2920.0, 4774.0], [2919.75, 2036.0], [2919.5, 13146.0], [2918.75, 500.0], [2918.25, 5454.0], [2918.0, 18272.0], [2917.0, 30000.0], [2915.5, 100.0], [2914.75, 400.0], [2914.5, 59212.0], [2914.25, 500.0]], "asks": [[2923.75, 600.0], [2924.0, 795.0], [2924.25, 1456.0], [2925.5, 600.0], [2925.75, 806.0], [2926.0, 806.0], [2926.25, 2826.0], [2926.5, 7751.0], [2926.75, 2479.0], [2927.0, 4774.0], [2927.25, 14622.0], [2927.5, 90000.0], [2927.75, 6117.0], [2929.0, 18871.0], [2930.0, 5430.0], [2930.25, 18272.0], [2930.75, 37446.0], [2932.0, 400.0], [2932.75, 40100.0], [2933.75, 38490.0]]}}}
{"jsonrpc": "2.0", "method": "subscription", "params": {"channel": "book.ETH-2JAN26.none.20.100ms", "data": {"timestamp": 1766658421665, "change_id": 102722493217, "instrument_name": "ETH-2JAN26", "bids": [[2922.5, 8773.0], [2922.25, 873.0], [2922.0, 2644.0], [2921.75, 11215.0], [2921.5, 20940.0], [2920.5, 206.0], [2920.25, 2506.0], [2920.0, 4774.0], [2919.75, 2036.0], [2919.5, 13146.0], [2918.75, 500.0], [2918.25, 5454.0], [2918.0, 18272.0], [2917.0, 30000.0], [2915.5, 100.0], [2914.75, 400.0], [2914.5, 59212.0], [2914.25, 500.0], [2913.25, 73088.0], [2913.0, 90000.0]], "asks": [[2923.75, 1149.0], [2924.0, 1839.0], [2925.5, 600.0], [2925.75, 806.0], [2926.0, 806.0], [2926.25, 2826.0], [2926.5, 7751.0], [2926.75, 2479.0], [2927.0, 4774.0], [2927.25, 14622.0], [2927.5, 90000.0], [2927.75, 6117.0], [2929.0, 18871.0], [2930.0, 5430.0], [2930.25, 18272.0], [2930.75, 37446.0], [2932.0, 400.0], [2932.75, 40100.0], [2933.75, 38490.0], [2934.0, 180000.0]]}}}
{"jsonrpc": "2.0", "method": "subscription", "params": {"channel": "book.ETH-2JAN26.none.20.100ms", "data": {"timestamp": 1766658421974, "change_id": 102722493504, "instrument_name": "ETH-2JAN26", "bids": [[2922.5, 2051.0], [2922.25, 873.0], [2922.0, 2644.0], [2921.75, 11215.0], [2921.5, 20940.0], [2920.5, 206.0], [2920.25, 2506.0], [2920.0, 4774.0], [2919.75, 2036.0], [2919.5, 13146.0], [2918.75, 500.0], [2918.25, 5454.0], [2918.0, 18272.0], [2917.0, 30000.0], [2915.5, 100.0], [2914.75, 400.0], [2914.5, 59212.0], [2914.25, 500.0], [2913.25, 73088.0], [2913.0, 90000.0]], "asks": [[2923.75, 1149.0], [2924.0, 1839.0], [2925.5, 600.0], [2925.75, 806.0], [2926.0, 806.0], [2926.25, 2826.0], [2926.5, 7751.0], [2926.75, 2479.0], [2927.0, 4774.0], [2927.25, 14622.0], [2927.5, 90000.0], [2927.75, 6117.0], [2929.0, 18871.0], [2930.0, 5430.0], [2930.25, 18272.0], [2930.75, 37446.0], [2932.0, 400.0], [2932.75, 40100.0], [2933.75, 38490.0], [2934.0, 180000.0]]}}}
{"jsonrpc": "2.0", "method": "subscription", "params": {"channel": "book.ETH-2JAN26.none.20.100ms", "data": {"timestamp": 1766658422414, "change_id": 102722494273, "instrument_name": "ETH-2JAN26", "bids": [[2923.0, 1850.0], [2922.75, 600.0], [2922.5, 2315.0], [2922.25, 7594.0], [2922.0, 2644.0], [2921.75, 11215.0], [2921.5, 20940.0], [2920.5, 206.0], [2920.25, 2506.0], [2920.0, 4774.0], [2919.75, 2036.0], [2919.5, 13146.0], [2918.75, 500.0], [2918.25, 5454.0], [2918.0, 18272.0], [2917.0, 30000.0], [2915.5, 100.0], [2914.75, 400.0], [2914.5, 59212.0], [2914.25, 500.0]], "asks": [[2923.75, 806.0], [2924.0, 589.0], [2924.25, 206.0], [2924.5, 1250.0], [2925.5, 600.0], [2925.75, 806.0], [2926.0, 806.0], [2926.25, 806.0], [2926.5, 806.0], [2926.75, 2479.0], [2927.0, 4774.0], [2927.25, 14622.0], [2927.5, 97159.0], [2927.75, 6117.0], [2929.0, 18871.0], [2930.0, 5430.0], [2930.25, 18272.0], [2930.75, 37446.0], [2932.0, 400.0], [2932.75, 40100.0]]}}}
{"jsonrpc": "2.0", "method": "subscription", "params": {"channel": "book.ETH-2JAN26.none.20.100ms", "data": {"timestamp": 1766658422667, "change_id": 102722494534, "instrument_name": "ETH-2JAN26", "bids": [[2923.0, 1850.0], [2922.75, 600.0], [2922.5, 801.0], [2922.25, 873.0], [2922.0, 2644.0], [2921.75, 11215.0], [2921.5, 20940.0], [2920.5, 206.0], [2920.25, 2506.0], [2920.0, 4774.0], [2919.75, 2036.0], [2919.5, 13146.0], [2918.75, 500.0], [2918.25, 5454.0], [2918.0, 18272.0], [2917.0, 30000.0], [2915.5, 100.0], [2914.75, 400.0], [2914.5, 59212.0], [2914.25, 500.0]], "asks": [[2923.75, 806.0], [2924.0, 795.0], [2924.25, 1456.0], [2925.5, 600.0], [2925.75, 2881.0], [2926.0, 7936.0], [2926.25, 806.0], [2926.5, 806.0], [2926.75, 2479.0], [2927.0, 4774.0], [2927.25, 14622.0], [2927.5, 90000.0], [2927.75, 6117.0], [2929.0, 18871.0], [2930.0, 5430.0], [2930.25, 18272.0], [2930.75, 37446.0], [2932.0, 400.0], [2932.75, 40100.0], [2933.75, 38490.0]]}}}
{"jsonrpc": "2.0", "method": "subscription", "params": {"channel": "book.ETH-2JAN26.none.20.100ms", "data": {"timestamp": 1766658422969, "change_id": 102722494705, "instrument_name": "ETH-2JAN26", "bids": [[2923.0, 1850.0], [2922.75, 1060.0], [2922.5, 7522.0], [2922.25, 873.0], [2922.0, 2644.0], [2921.75, 11215.0], [2921.5, 20940.0], [2920.5, 206.0], [2920.25, 2506.0], [2920.0, 4774.0], [2919.75, 2036.0], [2919.5, 13146.0], [2918.75, 500.0], [2918.25, 5454.0], [2918.0, 18272.0], [2917.0, 30000.0], [2915.5, 100.0], [2914.75, 400.0], [2914.5, 59212.0], [2914.25, 500.0]], "asks": [[2923.75, 806.0], [2924.0, 795.0], [2924.25, 1456.0], [2925.5, 600.0], [2925.75, 2881.0], [2926.0, 7936.0], [2926.25, 806.0], [2926.5, 806.0], [2926.75, 2479.0], [2927.0, 4774.0], [2927.25, 14622.0], [2927.5, 90000.0], [2927.75, 6117.0], [2929.0, 18871.0], [2930.0, 5430.0], [2930.25, 18272.0], [2930.75, 37446.0], [2932.0, 400.0], [2932.75, 40100.0], [2933.75, 38490.0]]}}}
{"jsonrpc": "2.0", "method": "subscription", "params": {"channel": "book.ETH-2JAN26.none.20.100ms", "data": {"timestamp": 1766658424064, "change_id": 102722495859, "instrument_name": "ETH-2JAN26", "bids": [[2923.0, 1850.0], [2922.75, 1747.0], [2922.5, 7522.0], [2922.25, 873.0], [2922.0, 2644.0], [2921.75, 11215.0], [2921.5, 20940.0], [2920.5, 206.0], [2920.25, 2506.0], [2920.0, 4774.0], [2919.75, 2036.0], [2919.5, 13146.0], [2918.75, 500.0], [2918.25, 5454.0], [2918.0, 18272.0], [2917.0, 30000.0], [2915.5, 100.0], [2914.75, 400.0], [2914.5, 59212.0], [2914.25, 500.0]], "asks": [[2923.75, 1189.0], [2924.0, 206.0], [2924.25, 1456.0], [2925.5, 600.0], [2925.75, 2881.0], [2926.0, 7936.0], [2926.25, 806.0], [2926.5, 806.0], [2926.75, 2479.0], [2927.0, 4774.0], [2927.25, 14622.0], [2927.5, 90000.0], [2927.75, 6117.0], [2929.0, 18871.0], [2930.0, 5430.0], [2930.25, 18272.0], [2930.75, 37446.0], [2932.0, 400.0], [2932.75, 40100.0], [2933.75, 38490.0]]}}}
{"jsonrpc": "2.0", "method": "subscription", "params": {"channel": "book.ETH-2JAN26.none.20.100ms", "data": {"timestamp": 1766658424158, "change_id": 102722495938, "instrument_name": "ETH-2JAN26", "bids": [[2923.0, 1850.0], [2922.75, 1747.0], [2922.5, 7522.0], [2922.25, 873.0], [2922.0, 2644.0], [2921.75, 11215.0], [2921.5, 20940.0], [2920.5, 206.0], [2920.25, 2506.0], [2920.0, 4774.0], [2919.75, 2036.0], [2919.5, 6910.0], [2919.25, 1861.0], [2919.0, 6236.0], [2918.75, 500.0], [2918.25, 5454.0], [2918.0, 18272.0], [2917.0, 30000.0], [2915.5, 100.0], [2914.75, 400.0]], "asks": [[2923.75, 1189.0], [2924.0, 206.0], [2924.25, 1456.0], [2925.5, 600.0], [2925.75, 2881.0], [2926.0, 7936.0], [2926.25, 806.0], [2926.5, 806.0], [2926.75, 2479.0], [2927.0, 4774.0], [2927.25, 14622.0], [2927.5, 90000.0], [2927.75, 6117.0], [2929.0, 18871.0], [2930.0, 5430.0], [2930.25, 18272.0], [2930.75, 37446.0], [2932.0, 400.0], [2932.75, 40100.0], [2933.75, 38490.0]]}}}
{"jsonrpc": "2.0", "method": "subscription", "params": {"channel": "book.ETH-2JAN26.none.20.100ms", "data": {"timestamp": 1766658424567, "change_id": 102722496373, "instrument_name": "ETH-2JAN26", "bids": [[2923.0, 1850.0], [2922.75, 1747.0], [2922.5, 7522.0], [2922.25, 873.0], [2922.0, 2644.0], [2921.75, 11215.0], [2921.5, 20940.0], [2920.5, 206.0], [2920.25, 2506.0], [2920.0, 4774.0], [2919.75, 2036.0], [2919.5, 6910.0], [2919.25, 1861.0], [2919.0, 6236.0], [2918.75, 500.0], [2918.25, 5454.0], [2918.0, 18272.0], [2917.0, 30000.0], [2915.5, 100.0], [2914.75, 400.0]], "asks": [[2923.75, 589.0], [2924.0, 206.0], [2924.25, 1456.0], [2925.5, 600.0], [2925.75, 2881.0], [2926.0, 7936.0], [2926.25, 806.0], [2926.5, 806.0], [2926.75, 2479.0], [2927.0, 4774.0], [2927.25, 14622.0], [2927.5, 90000.0], [2927.75, 6117.0], [2929.0, 18871.0], [2930.0, 5430.0], [2930.25, 18272.0], [2930.75, 37446.0], [2932.0, 400.0], [2932.75, 40100.0], [2933.75, 38490.0]]}}}
{"jsonrpc": "2.0", "method": "subscription", "params": {"channel": "book.ETH-2JAN26.none.20.100ms", "data": {"timestamp": 1766658425764, "change_id": 102722497404, "instrument_name": "ETH-2JAN26", "bids": [[2923.0, 1850.0], [2922.75, 1747.0], [2922.5, 7522.0], [2922.25, 873.0], [2922.0, 2644.0], [2921.75, 11215.0], [2921.5, 20940.0], [2920.5, 206.0], [2920.25, 2506.0], [2920.0, 4774.0], [2919.75, 2036.0], [2919.5, 6910.0], [2919.25, 1861.0], [2919.0, 6236.0], [2918.75, 500.0], [2918.25, 5454.0], [2918.0, 18272.0], [2917.0, 30000.0], [2915.5, 100.0], [2914.75, 400.0]], "asks": [[2923.75, 1189.0], [2924.0, 206.0], [2924.25, 1456.0], [2925.5, 600.0], [2925.75, 2881.0], [2926.0, 7936.0], [2926.25, 806.0], [2926.5, 806.0], [2926.75, 2479.0], [2927.0, 4774.0], [2927.25, 14622.0], [2927.5, 90000.0], [2927.75, 6117.0], [2929.0, 18871.0], [2930.0, 5430.0], [2930.25, 18272.0], [2930.75, 37446.0], [2932.0, 400.0], [2932.75, 40100.0], [2933.75, 38490.0]]}}}
{"jsonrpc": "2.0", "method": "subscription", "params": {"channel": "book.ETH-2JAN26.none.20.100ms", "data": {"timestamp": 1766658427154, "change_id": 102722498666, "instrument_name": "ETH-2JAN26", "bids": [[2923.0, 1850.0], [2922.75, 1747.0], [2922.5, 7522.0], [2922.25, 873.0], [2922.0, 2644.0], [2921.75, 11215.0], [2921.5, 20940.0], [2920.5, 206.0], [2920.25, 2506.0], [2920.0, 4774.0], [2919.75, 2036.0], [2919.5, 6910.0], [2919.25, 6236.0], [2918.75, 500.0], [2918.25, 5454.0], [2918.0, 18272.0], [2917.0, 30000.0], [2915.5, 100.0], [2914.75, 400.0], [2914.5, 59212.0]], "asks": [[2923.75, 1189.0], [2924.0, 206.0], [2924.25, 1456.0], [2925.5, 600.0], [2925.75, 2881.0], [2926.0, 7936.0], [2926.25, 806.0], [2926.5, 806.0], [2926.75, 2479.0], [2927.0, 4774.0], [2927.25, 14622.0], [2927.5, 90000.0], [2927.75, 6117.0], [2929.0, 18871.0], [2930.0, 5430.0], [2930.25, 18272.0], [2930.75, 37446.0], [2932.0, 400.0], [2932.75, 40100.0], [2933.75, 38490.0]]}}}
{"jsonrpc": "2.0", "method": "subscription", "params": {"channel": "book.ETH-2JAN26.none.20.100ms", "data": {"timestamp": 1766658427998, "change_id": 102722499346, "instrument_name": "ETH-2JAN26", "bids": [[2923.0, 1850.0], [2922.75, 1747.0], [2922.5, 7522.0], [2922.25, 873.0], [2922.0, 2644.0], [2921.75, 11215.0], [2921.5, 20940.0], [2920.5, 206.0], [2920.25, 2506.0], [2920.0, 4774.0], [2919.75, 2036.0], [2919.5, 6910.0], [2919.25, 1861.0], [2919.0, 6236.0], [2918.75, 500.0], [2918.25, 5454.0], [2918.0, 18272.0], [2917.0, 30000.0], [2915.5, 100.0], [2914.75, 400.0]], "asks": [[2923.75, 1189.0], [2924.0, 206.0], [2924.25, 1456.0], [2925.5, 600.0], [2925.75, 2881.0], [2926.0, 7936.0], [2926.25, 806.0], [2926.5, 806.0], [2926.75, 2479.0], [2927.0, 4774.0], [2927.25, 14622.0], [2927.5, 90000.0], [2927.75, 6117.0], [2929.0, 18871.0], [2930.0, 5430.0], [2930.25, 18272.0], [2930.75, 37446.0], [2932.0, 400.0], [2932.75, 40100.0], [2933.75, 38490.0]]}}}
{"jsonrpc": "2.0", "method": "subscription", "params": {"channel": "book.ETH-2JAN26.none.20.100ms", "data": {"timestamp": 1766658435977, "change_id": 102722506360, "instrument_name": "ETH-2JAN26", "bids": [[2923.0, 1850.0], [2922.75, 600.0], [2922.5, 801.0], [2922.25, 873.0], [2922.0, 2644.0], [2921.75, 11215.0], [2921.5, 20940.0], [2920.5, 206.0], [2920.25, 2506.0], [2920.0, 4774.0], [2919.75, 2036.0], [2919.5, 6910.0], [2919.25, 1861.0], [2919.0, 6236.0], [2918.75, 500.0], [2918.25, 5454.0], [2918.0, 18272.0], [2917.0, 30000.0], [2915.5, 100.0], [2914.75, 400.0]], "asks": [[2923.5, 806.0], [2923.75, 1189.0], [2924.0, 206.0], [2924.25, 1456.0], [2925.5, 600.0], [2925.75, 2881.0], [2926.0, 7936.0], [2926.25, 806.0], [2926.5, 806.0], [2926.75, 2479.0], [2927.0, 4774.0], [2927.25, 14622.0], [2927.5, 90000.0], [2927.75, 6117.0], [2929.0, 18871.0], [2930.0, 5430.0], [2930.25, 18272.0], [2930.75, 37446.0], [2932.0, 400.0], [2932.75, 40100.0]]}}}
{"jsonrpc": "2.0", "method": "subscription", "params": {"channel": "book.ETH-2JAN26.none.20.100ms", "data": {"timestamp": 1766658436315, "change_id": 102722507040, "instrument_name": "ETH-2JAN26", "bids": [[2923.0, 600.0], [2922.75, 1850.0], [2922.5, 801.0], [2922.25, 873.0], [2922.0, 2644.0], [2921.75, 11215.0], [2921.5, 20940.0], [2920.5, 206.0], [2920.25, 2506.0], [2920.0, 4774.0], [2919.75, 2036.0], [2919.5, 6910.0], [2919.25, 1861.0], [2919.0, 6236.0], [2918.75, 500.0], [2918.25, 5454.0], [2918.0, 18272.0], [2917.0, 30000.0], [2915.5, 100.0], [2914.75, 400.0]], "asks": [[2923.5, 206.0], [2923.75, 1189.0], [2924.0, 1456.0], [2924.25, 206.0], [2925.5, 600.0], [2925.75, 2881.0], [2926.0, 7936.0], [2926.25, 806.0], [2926.5, 806.0], [2926.75, 2479.0], [2927.0, 4774.0], [2927.25, 14622.0], [2927.5, 90000.0], [2927.75, 6117.0], [2929.0, 18871.0], [2930.0, 5430.0], [2930.25, 18272.0], [2930.75, 37446.0], [2932.0, 400.0], [2932.75, 40100.0]]}}}
{"jsonrpc": "2.0", "method": "subscription", "params": {"channel": "book.ETH-2JAN26.none.20.100ms", "data": {"timestamp": 1766658436317, "change_id": 102722507042, "instrument_name": "ETH-2JAN26", "bids": [[2923.0, 600.0], [2922.75, 1850.0], [2922.5, 801.0], [2922.25, 873.0], [2922.0, 2644.0], [2921.75, 11215.0], [2921.5, 20940.0], [2920.5, 206.0], [2920.25, 2506.0], [2920.0, 4774.0], [2919.75, 2036.0], [2919.5, 6910.0], [2919.25, 1861.0], [2919.0, 6236.0], [2918.75, 500.0], [2918.25, 5454.0], [2918.0, 18272.0], [2917.0, 30000.0], [2915.5, 100.0], [2914.75, 400.0]], "asks": [[2923.5, 206.0], [2923.75, 1395.0], [2924.0, 1456.0], [2925.5, 600.0], [2925.75, 2881.0], [2926.0, 7936.0], [2926.25, 806.0], [2926.5, 806.0], [2926.75, 2479.0], [2927.0, 4774.0], [2927.25, 14622.0], [2927.5, 90000.0], [2927.75, 6117.0], [2929.0, 18871.0], [2930.0, 5430.0], [2930.25, 18272.0], [2930.75, 37446.0], [2932.0, 400.0], [2932.75, 40100.0], [2933.75, 38490.0]]}}}
{"jsonrpc": "2.0", "method": "subscription", "params": {"channel": "book.ETH-2JAN26.none.20.100ms", "data": {"timestamp": 1766658436986, "change_id": 102722507442, "instrument_name": "ETH-2JAN26", "bids": [[2923.0, 600.0], [2922.75, 1850.0], [2922.5, 801.0], [2922.25, 873.0], [2922.0, 2644.0], [2921.75, 11215.0], [2921.5, 20940.0], [2920.5, 206.0], [2920.25, 2506.0], [2920.0, 4774.0], [2919.75, 2036.0], [2919.5, 6910.0], [2919.25, 1861.0], [2919.0, 6236.0], [2918.75, 500.0], [2918.25, 5454.0], [2918.0, 18272.0], [2917.0, 30000.0], [2915.5, 100.0], [2914.75, 400.0]], "asks": [[2923.75, 1395.0], [2924.0, 1456.0], [2925.5, 600.0], [2925.75, 2881.0], [2926.0, 7936.0], [2926.25, 806.0], [2926.5, 806.0], [2926.75, 2479.0], [2927.0, 4774.0], [2927.25, 14622.0], [2927.5, 90000.0], [2927.75, 6117.0], [2929.0, 18871.0], [2930.0, 5430.0], [2930.25, 18272.0], [2930.75, 37446.0], [2932.0, 400.0], [2932.75, 40100.0], [2933.75, 38490.0], [2934.0, 180000.0]]}}}
{"jsonrpc": "2.0", "method": "subscription", "params": {"channel": "book.ETH-2JAN26.none.20.100ms", "data": {"timestamp": 1766658437937, "change_id": 102722508371, "instrument_name": "ETH-2JAN26", "bids": [[2923.0, 600.0], [2922.75, 2757.0], [2922.5, 7522.0], [2922.25, 873.0], [2922.0, 2644.0], [2921.75, 11215.0], [2921.5, 20940.0], [2920.5, 206.0], [2920.25, 2506.0], [2920.0, 4774.0], [2919.75, 2036.0], [2919.5, 6910.0], [2919.25, 1861.0], [2919.0, 6236.0], [2918.75, 500.0], [2918.25, 5454.0], [2918.0, 18272.0], [2917.0, 30000.0], [2915.5, 100.0], [2914.75, 400.0]], "asks": [[2923.75, 1189.0], [2924.25, 206.0], [2924.5, 1250.0], [2925.5, 600.0], [2925.75, 2881.0], [2926.0, 7936.0], [2926.25, 806.0], [2926.5, 806.0], [2926.75, 2479.0], [2927.0, 4774.0], [2927.25, 14622.0], [2927.5, 90000.0], [2927.75, 6117.0], [2929.0, 18871.0], [2930.0, 5430.0], [2930.25, 18272.0], [2930.75, 37446.0], [2932.0, 400.0], [2932.75, 40100.0], [2933.75, 38490.0]]}}}
{"jsonrpc": "2.0", "method": "subscription", "params": {"channel": "book.ETH-2JAN26.none.20.100ms", "data": {"timestamp": 1766658438292, "change_id": 102722508985, "instrument_name": "ETH-2JAN26", "bids": [[2923.0, 1850.0], [2922.75, 806.0], [2922.5, 801.0], [2922.25, 873.0], [2922.0, 2644.0], [2921.75, 11215.0], [2921.5, 20940.0], [2920.5, 206.0], [2920.25, 2506.0], [2920.0, 4774.0], [2919.75, 2036.0], [2919.5, 6910.0], [2919.25, 1861.0], [2919.0, 6236.0], [2918.75, 500.0], [2918.25, 5454.0], [2918.0, 18272.0], [2917.0, 30000.0], [2915.5, 100.0], [2914.75, 400.0]], "asks": [[2923.75, 1189.0], [2924.25, 206.0], [2924.5, 1250.0], [2925.5, 600.0], [2925.75, 806.0], [2926.0, 2895.0], [2926.25, 7983.0], [2926.5, 806.0], [2926.75, 2479.0], [2927.0, 4774.0], [2927.25, 14622.0], [2927.5, 90000.0], [2927.75, 6117.0], [2929.0, 18871.0], [2930.0, 5430.0], [2930.25, 18272.0], [2930.75, 37446.0], [2932.0, 400.0], [2932.75, 40100.0], [2933.75, 38490.0]]}}}
{"jsonrpc": "2.0", "method": "subscription", "params": {"channel": "book.ETH-2JAN26.none.20.100ms", "data": {"timestamp": 1766658438619, "change_id": 102722509241, "instrument_name": "ETH-2JAN26", "bids": [[2923.0, 1850.0], [2922.75, 806.0], [2922.5, 801.0], [2922.25, 873.0], [2922.0, 2644.0], [2921.75, 11215.0], [2921.5, 20940.0], [2920.5, 206.0], [2920.25, 2506.0], [2920.0, 4774.0], [2919.75, 2036.0], [2919.5, 6910.0], [2919.25, 1861.0], [2919.0, 6236.0], [2918.75, 500.0], [2918.25, 5454.0], [2918.0, 18272.0], [2917.0, 30000.0], [2915.5, 100.0], [2914.75, 400.0]], "asks": [[2923.75, 589.0], [2924.25, 206.0], [2924.5, 1250.0], [2925.5, 600.0], [2925.75, 806.0], [2926.0, 2895.0], [2926.25, 7983.0], [2926.5, 806.0], [2926.75, 2479.0], [2927.0, 4774.0], [2927.25, 14622.0], [2927.5, 90000.0], [2927.75, 6117.0], [2929.0, 18871.0], [2930.0, 5430.0], [2930.25, 18272.0], [2930.75, 37446.0], [2932.0, 400.0], [2932.75, 40100.0], [2933.75, 38490.0]]}}}
{"jsonrpc": "2.0", "method": "subscription", "params": {"channel": "book.ETH-2JAN26.none.20.100ms", "data": {"timestamp": 1766658439289, "change_id": 102722509977, "instrument_name": "ETH-2JAN26", "bids": [[2922.75, 1753.0], [2922.5, 7522.0], [2922.25, 873.0], [2922.0, 2644.0], [2921.75, 11215.0], [2921.5, 20940.0], [2920.5, 206.0], [2920.25, 2506.0], [2920.0, 4774.0], [2919.75, 2036.0], [2919.5, 8771.0], [2919.25, 6236.0], [2918.75, 500.0], [2918.25, 5454.0], [2918.0, 18272.0], [2917.0, 30000.0], [2915.5, 100.0], [2914.75, 400.0], [2914.5, 59212.0], [2914.25, 500.0]], "asks": [[2923.75, 589.0], [2924.25, 206.0], [2924.5, 1250.0], [2925.5, 600.0], [2925.75, 806.0], [2926.0, 806.0], [2926.25, 806.0], [2926.5, 806.0], [2926.75, 2479.0], [2927.0, 4774.0], [2927.25, 14622.0], [2927.5, 90000.0], [2927.75, 13054.0], [2929.0, 18871.0], [2930.0, 5430.0], [2930.25, 18272.0], [2930.75, 37446.0], [2932.0, 400.0], [2932.75, 40100.0], [2933.75, 38490.0]]}}}
{"jsonrpc": "2.0", "method": "subscription", "params": {"channel": "book.ETH-2JAN26.none.20.100ms", "data": {"timestamp": 1766658439608, "change_id": 102722510642, "instrument_name": "ETH-2JAN26", "bids": [[2923.0, 1850.0], [2922.75, 806.0], [2922.5, 801.0], [2922.25, 873.0], [2922.0, 2644.0], [2921.75, 11215.0], [2921.5, 20940.0], [2920.5, 206.0], [2920.25, 2506.0], [2920.0, 4774.0], [2919.75, 2036.0], [2919.5, 8771.0], [2919.25, 6236.0], [2918.75, 500.0], [2918.25, 5454.0], [2918.0, 18272.0], [2917.0, 30000.0], [2915.5, 100.0], [2914.75, 400.0], [2914.5, 59212.0]], "asks": [[2923.75, 1189.0], [2924.0, 206.0], [2924.25, 1456.0], [2925.5, 600.0], [2925.75, 806.0], [2926.0, 806.0], [2926.25, 8018.0], [2926.5, 806.0], [2926.75, 2479.0], [2927.0, 4774.0], [2927.25, 14622.0], [2927.5, 90000.0], [2927.75, 6117.0], [2929.0, 18871.0], [2930.0, 5430.0], [2930.25, 18272.0], [2930.75, 37446.0], [2932.0, 400.0], [2932.75, 40100.0], [2933.75, 38490.0]]}}}
{"jsonrpc": "2.0", "method": "subscription", "params": {"channel": "book.ETH-2JAN26.none.20.100ms", "data": {"timestamp": 1766658440145, "change_id": 102722511338, "instrument_name": "ETH-2JAN26", "bids": [[2922.75, 1850.0], [2922.5, 801.0], [2922.25, 873.0], [2922.0, 806.0], [2921.75, 4878.0], [2921.5, 20940.0], [2921.0, 1892.0], [2920.75, 6337.0], [2920.5, 206.0], [2920.25, 2506.0], [2920.0, 4774.0], [2919.75, 2036.0], [2919.5, 6910.0], [2919.25, 1861.0], [2919.0, 6236.0], [2918.75, 500.0], [2918.25, 5454.0], [2918.0, 18272.0], [2917.0, 30000.0], [2915.5, 100.0]], "asks": [[2923.5, 206.0], [2923.75, 1189.0], [2924.0, 206.0], [2924.25, 1456.0], [2925.5, 600.0], [2925.75, 806.0], [2926.0, 2906.0], [2926.25, 8018.0], [2926.5, 806.0], [2926.75, 2479.0], [2927.0, 4774.0], [2927.25, 14622.0], [2927.5, 90000.0], [2927.75, 6117.0], [2929.0, 18871.0], [2930.0, 5430.0], [2930.25, 18272.0], [2930.75, 37446.0], [2932.0, 400.0], [2932.75, 40100.0]]}}}
{"jsonrpc": "2.0", "method": "subscription", "params": {"channel": "book.ETH-2JAN26.none.20.100ms", "data": {"timestamp": 1766658440597, "change_id": 102722511886, "instrument_name": "ETH-2JAN26", "bids": [[2922.75, 1850.0], [2922.5, 1443.0], [2922.25, 7594.0], [2922.0, 806.0], [2921.75, 4878.0], [2921.5, 20940.0], [2921.0, 1892.0], [2920.75, 6337.0], [2920.5, 206.0], [2920.25, 2506.0], [2920.0, 4774.0], [2919.75, 2036.0], [2919.5, 6910.0], [2919.25, 1861.0], [2919.0, 6236.0], [2918.75, 500.0], [2918.25, 5454.0], [2918.0, 18272.0], [2917.0, 30000.0], [2915.5, 100.0]], "asks": [[2923.5, 806.0], [2923.75, 1189.0], [2924.0, 206.0], [2924.25, 1456.0], [2925.5, 600.0], [2925.75, 806.0], [2926.0, 2906.0], [2926.25, 8018.0], [2926.5, 806.0], [2926.75, 2479.0], [2927.0, 4774.0], [2927.25, 14622.0], [2927.5, 90000.0], [2927.75, 6117.0], [2929.0, 18871.0], [2930.0, 5430.0], [2930.25, 18272.0], [2930.75, 37446.0], [2932.0, 400.0], [2932.75, 40100.0]]}}}
{"jsonrpc": "2.0", "method": "subscription", "params": {"channel": "book.ETH-2JAN26.none.20.100ms", "data": {"timestamp": 1766658441892, "change_id": 102722512886, "instrument_name": "ETH-2JAN26", "bids": [[2922.75, 1850.0], [2922.5, 1443.0], [2922.25, 7594.0], [2922.0, 806.0], [2921.75, 4878.0], [2921.5, 20940.0], [2921.0, 1892.0], [2920.75, 6337.0], [2920.5, 206.0], [2920.25, 2506.0], [2920.0, 4774.0], [2919.75, 2036.0], [2919.5, 6910.0], [2919.25, 1861.0], [2919.0, 6236.0], [2918.75, 500.0], [2918.25, 5454.0], [2918.0, 18272.0], [2917.0, 30000.0], [2915.5, 100.0]], "asks": [[2923.5, 806.0], [2923.75, 1395.0], [2924.0, 1456.0], [2925.5, 600.0], [2925.75, 806.0], [2926.0, 2906.0], [2926.25, 8018.0], [2926.5, 806.0], [2926.75, 2479.0], [2927.0, 4774.0], [2927.25, 14622.0], [2927.5, 90000.0], [2927.75, 6117.0], [2929.0, 18871.0], [2930.0, 5430.0], [2930.25, 18272.0], [2930.75, 37446.0], [2932.0, 400.0], [2932.75, 40100.0], [2933.75, 38490.0]]}}}
{"jsonrpc": "2.0", "method": "subscription", "params": {"channel": "book.ETH-2JAN26.none.20.100ms", "data": {"timestamp": 1766658442275, "change_id": 102722513475, "instrument_name": "ETH-2JAN26", "bids": [[2922.75, 1850.0], [2922.5, 801.0], [2922.25, 873.0], [2922.0, 806.0], [2921.75, 4878.0], [2921.5, 20940.0], [2921.0, 1892.0], [2920.75, 6337.0], [2920.5, 206.0], [2920.25, 2506.0], [2920.0, 4774.0], [2919.75, 2036.0], [2919.5, 6910.0], [2919.25, 1861.0], [2919.0, 6236.0], [2918.75, 500.0], [2918.25, 5454.0], [2918.0, 18272.0], [2917.0, 30000.0], [2915.5, 100.0]], "asks": [[2923.5, 806.0], [2923.75, 1395.0], [2924.0, 1456.0], [2925.5, 600.0], [2925.75, 806.0], [2926.0, 2906.0], [2926.25, 8018.0], [2926.5, 806.0], [2926.75, 2479.0], [2927.0, 4774.0], [2927.25, 14622.0], [2927.5, 90000.0], [2927.75, 6117.0], [2929.0, 18871.0], [2930.0, 5430.0], [2930.25, 18272.0], [2930.75, 37446.0], [2932.0, 400.0], [2932.75, 40100.0], [2933.75, 38490.0]]}}}
{"jsonrpc": "2.0", "method": "subscription", "params": {"channel": "book.ETH-2JAN26.none.20.100ms", "data": {"timestamp": 1766658442681, "change_id": 102722513711, "instrument_name": "ETH-2JAN26", "bids": [[2922.75, 1850.0], [2922.5, 1471.0], [2922.25, 7594.0], [2922.0, 806.0], [2921.75, 4878.0], [2921.5, 20940.0], [2921.0, 1892.0], [2920.75, 6337.0], [2920.5, 206.0], [2920.25, 2506.0], [2920.0, 4774.0], [2919.75, 2036.0], [2919.5, 6910.0], [2919.25, 1861.0], [2919.0, 6236.0], [2918.75, 500.0], [2918.25, 5454.0], [2918.0, 18272.0], [2917.0, 30000.0], [2915.5, 100.0]], "asks": [[2923.5, 806.0], [2923.75, 1395.0], [2924.0, 1456.0], [2925.5, 600.0], [2925.75, 806.0], [2926.0, 2906.0], [2926.25, 8018.0], [2926.5, 806.0], [2926.75, 2479.0], [2927.0, 4774.0], [2927.25, 14622.0], [2927.5, 90000.0], [2927.75, 6117.0], [2929.0, 18871.0], [2930.0, 5430.0], [2930.25, 18272.0], [2930.75, 37446.0], [2932.0, 400.0], [2932.75, 40100.0], [2933.75, 38490.0]]}}}
{"jsonrpc": "2.0", "method": "subscription", "params": {"channel": "book.ETH-2JAN26.none.20.100ms", "data": {"timestamp": 1766658443541, "change_id": 102722514474, "instrument_name": "ETH-2JAN26", "bids": [[2922.75, 1850.0], [2922.5, 801.0], [2922.25, 873.0], [2922.0, 806.0], [2921.75, 4878.0], [2921.5, 20940.0], [2921.0, 1892.0], [2920.75, 6337.0], [2920.5, 206.0], [2920.25, 2506.0], [2920.0, 4774.0], [2919.75, 2036.0], [2919.5, 6910.0], [2919.25, 1861.0], [2919.0, 6236.0], [2918.75, 500.0], [2918.25, 5454.0], [2918.0, 18272.0], [2917.0, 30000.0], [2915.5, 100.0]], "asks": [[2923.5, 806.0], [2923.75, 1395.0], [2924.0, 1456.0], [2925.5, 600.0], [2925.75, 806.0], [2926.0, 2906.0], [2926.25, 8018.0], [2926.5, 806.0], [2926.75, 2479.0], [2927.0, 4774.0], [2927.25, 14622.0], [2927.5, 90000.0], [2927.75, 6117.0], [2929.0, 18871.0], [2930.0, 5430.0], [2930.25, 18272.0], [2930.75, 37446.0], [2932.0, 400.0], [2932.75, 40100.0], [2933.75, 38490.0]]}}}
{"jsonrpc": "2.0", "method": "subscription", "params": {"channel": "book.ETH-2JAN26.none.20.100ms", "data": {"timestamp": 1766658443900, "change_id": 102722514677, "instrument_name": "ETH-2JAN26", "bids": [[2922.75, 1850.0], [2922.5, 1537.0], [2922.25, 7594.0], [2922.0, 806.0], [2921.75, 4878.0], [2921.5, 20940.0], [2921.0, 1892.0], [2920.75, 6337.0], [2920.5, 206.0], [2920.25, 2506.0], [2920.0, 4774.0], [2919.75, 2036.0], [2919.5, 6910.0], [2919.25, 1861.0], [2919.0, 6236.0], [2918.75, 500.0], [2918.25, 5454.0], [2918.0, 18272.0], [2917.0, 30000.0], [2915.5, 100.0]], "asks": [[2923.5, 806.0], [2923.75, 1395.0], [2924.0, 1456.0], [2925.5, 600.0], [2925.75, 806.0], [2926.0, 2906.0], [2926.25, 8018.0], [2926.5, 806.0], [2926.75, 2479.0], [2927.0, 4774.0], [2927.25, 14622.0], [2927.5, 90000.0], [2927.75, 6117.0], [2929.0, 18871.0], [2930.0, 5430.0], [2930.25, 18272.0], [2930.75, 37446.0], [2932.0, 400.0], [2932.75, 40100.0], [2933.75, 38490.0]]}}}
{"jsonrpc": "2.0", "method": "subscription", "params": {"channel": "book.ETH-2JAN26.none.20.100ms", "data": {"timestamp": 1766658444377, "change_id": 102722515321, "instrument_name": "ETH-2JAN26", "bids": [[2922.75, 1850.0], [2922.5, 801.0], [2922.25, 873.0], [2922.0, 806.0], [2921.75, 4878.0], [2921.5, 20940.0], [2921.0, 1892.0], [2920.75, 6337.0], [2920.5, 206.0], [2920.25, 2506.0], [2920.0, 4774.0], [2919.75, 2036.0], [2919.5, 6910.0], [2919.25, 1861.0], [2919.0, 6236.0], [2918.75, 500.0], [2918.25, 5454.0], [2918.0, 18272.0], [2917.0, 30000.0], [2915.5, 100.0]], "asks": [[2923.5, 806.0], [2923.75, 1395.0], [2924.0, 1456.0], [2925.5, 600.0], [2925.75, 806.0], [2926.0, 2906.0], [2926.25, 8018.0], [2926.5, 806.0], [2926.75, 2479.0], [2927.0, 4774.0], [2927.25, 14622.0], [2927.5, 90000.0], [2927.75, 6117.0], [2929.0, 18871.0], [2930.0, 5430.0], [2930.25, 18272.0], [2930.75, 37446.0], [2932.0, 400.0], [2932.75, 40100.0], [2933.75, 38490.0]]}}}
{"jsonrpc": "2.0", "method": "subscription", "params": {"channel": "book.ETH-2JAN26.none.20.100ms", "data": {"timestamp": 1766658444743, "change_id": 102722515462, "instrument_name": "ETH-2JAN26", "bids": [[2922.75, 1850.0], [2922.5, 1537.0], [2922.25, 7594.0], [2922.0, 806.0], [2921.75, 4878.0], [2921.5, 20940.0], [2921.0, 1892.0], [2920.75, 6337.0], [2920.5, 206.0], [2920.25, 2506.0], [2920.0, 4774.0], [2919.75, 2036.0], [2919.5, 6910.0], [2919.25, 1861.0], [2919.0, 6236.0], [2918.75, 500.0], [2918.25, 5454.0], [2918.0, 18272.0], [2917.0, 30000.0], [2915.5, 100.0]], "asks": [[2923.5, 806.0], [2923.75, 1395.0], [2924.0, 1456.0], [2925.5, 600.0], [2925.75, 806.0], [2926.0, 2906.0], [2926.25, 8018.0], [2926.5, 806.0], [2926.75, 2479.0], [2927.0, 4774.0], [2927.25, 14622.0], [2927.5, 90000.0], [2927.75, 6117.0], [2929.0, 18871.0], [2930.0, 5430.0], [2930.25, 18272.0], [2930.75, 37446.0], [2932.0, 400.0], [2932.75, 40100.0], [2933.75, 38490.0]]}}}
{"jsonrpc": "2.0", "method": "subscription", "params": {"channel": "book.ETH-2JAN26.none.20.100ms", "data": {"timestamp": 1766658445196, "change_id": 102722515819, "instrument_name": "ETH-2JAN26", "bids": [[2922.75, 1850.0], [2922.5, 1537.0], [2922.25, 7594.0], [2922.0, 806.0], [2921.75, 4878.0], [2921.5, 20940.0], [2921.25, 6337.0], [2920.5, 206.0], [2920.25, 2506.0], [2920.0, 4774.0], [2919.75, 2036.0], [2919.5, 8771.0], [2919.25, 6236.0], [2918.75, 500.0], [2918.25, 5454.0], [2918.0, 18272.0], [2917.0, 30000.0], [2915.5, 100.0], [2914.75, 400.0], [2914.5, 59212.0]], "asks": [[2923.5, 806.0], [2923.75, 1395.0], [2924.0, 1456.0], [2925.5, 600.0], [2925.75, 806.0], [2926.0, 2906.0], [2926.25, 8018.0], [2926.5, 806.0], [2926.75, 2479.0], [2927.0, 4774.0], [2927.25, 14622.0], [2927.5, 90000.0], [2927.75, 6117.0], [2929.0, 18871.0], [2930.0, 5430.0], [2930.25, 18272.0], [2930.75, 37446.0], [2932.0, 400.0], [2932.75, 40100.0], [2933.75, 38490.0]]}}}
{"jsonrpc": "2.0", "method": "subscription", "params": {"channel": "book.ETH-2JAN26.none.20.100ms", "data": {"timestamp": 1766658445853, "change_id": 102722516408, "instrument_name": "ETH-2JAN26", "bids": [[2922.75, 1850.0], [2922.5, 801.0], [2922.25, 873.0], [2922.0, 806.0], [2921.75, 4878.0], [2921.5, 20940.0], [2921.25, 6337.0], [2920.5, 206.0], [2920.25, 2506.0], [2920.0, 4774.0], [2919.75, 2036.0], [2919.5, 8771.0], [2919.25, 6236.0], [2918.75, 500.0], [2918.25, 5454.0], [2918.0, 18272.0], [2917.0, 30000.0], [2915.5, 100.0], [2914.75, 400.0], [2914.5, 59212.0]], "asks": [[2923.5, 806.0], [2923.75, 1395.0], [2924.0, 1456.0], [2925.5, 600.0], [2925.75, 806.0], [2926.0, 2906.0], [2926.25, 8018.0], [2926.5, 806.0], [2926.75, 2479.0], [2927.0, 4774.0], [2927.25, 14622.0], [2927.5, 90000.0], [2927.75, 6117.0], [2929.0, 18871.0], [2930.0, 5430.0], [2930.25, 18272.0], [2930.75, 37446.0], [2932.0, 400.0], [2932.75, 40100.0], [2933.75, 38490.0]]}}}
{"jsonrpc": "2.0", "method": "subscription", "params": {"channel": "book.ETH-2JAN26.none.20.100ms", "data": {"timestamp": 1766658446530, "change_id": 102722517385, "instrument_name": "ETH-2JAN26", "bids": [[2922.75, 1250.0], [2922.5, 600.0], [2922.25, 873.0], [2922.0, 806.0], [2921.75, 4878.0], [2921.5, 20940.0], [2921.25, 6337.0], [2920.5, 206.0], [2920.25, 2506.0], [2920.0, 4774.0], [2919.75, 2036.0], [2919.5, 8771.0], [2919.25, 6236.0], [2918.75, 500.0], [2918.25, 5454.0], [2918.0, 18272.0], [2917.0, 30000.0], [2915.5, 100.0], [2914.75, 400.0], [2914.5, 59212.0]], "asks": [[2923.5, 1302.0], [2923.75, 1839.0], [2925.5, 600.0], [2925.75, 806.0], [2926.0, 2906.0], [2926.25, 8018.0], [2926.5, 806.0], [2926.75, 2479.0], [2927.0, 4774.0], [2927.25, 14622.0], [2927.5, 90000.0], [2927.75, 6117.0], [2929.0, 18871.0], [2930.0, 5430.0], [2930.25, 18272.0], [2930.75, 37446.0], [2932.0, 400.0], [2932.75, 40100.0], [2933.75, 38490.0], [2934.0, 180000.0]]}}}
{"jsonrpc": "2.0", "method": "subscription", "params": {"channel": "book.ETH-2JAN26.none.20.100ms", "data": {"timestamp": 1766658446725, "change_id": 102722517607, "instrument_name": "ETH-2JAN26", "bids": [[2922.5, 600.0], [2922.25, 2123.0], [2922.0, 806.0], [2921.75, 4878.0], [2921.5, 20940.0], [2921.25, 6337.0], [2920.5, 206.0], [2920.25, 2506.0], [2920.0, 4774.0], [2919.75, 2036.0], [2919.5, 8771.0], [2919.25, 6236.0], [2918.75, 500.0], [2918.25, 5454.0], [2918.0, 18272.0], [2917.0, 30000.0], [2915.5, 100.0], [2914.75, 400.0], [2914.5, 59212.0], [2914.25, 500.0]], "asks": [[2923.5, 1302.0], [2923.75, 1839.0], [2925.5, 600.0], [2925.75, 806.0], [2926.0, 2906.0], [2926.25, 8018.0], [2926.5, 806.0], [2926.75, 2479.0], [2927.0, 4774.0], [2927.25, 14622.0], [2927.5, 90000.0], [2927.75, 6117.0], [2929.0, 18871.0], [2930.0, 5430.0], [2930.25, 18272.0], [2930.75, 37446.0], [2932.0, 400.0], [2932.75, 40100.0], [2933.75, 38490.0], [2934.0, 180000.0]]}}}
{"jsonrpc": "2.0", "method": "subscription", "params": {"channel": "book.ETH-2JAN26.none.20.100ms", "data": {"timestamp": 1766658446957, "change_id": 102722517720, "instrument_name": "ETH-2JAN26", "bids": [[2922.5, 1850.0], [2922.25, 873.0], [2922.0, 806.0], [2921.75, 4878.0], [2921.5, 20940.0], [2921.25, 6337.0], [2920.5, 206.0], [2920.25, 2506.0], [2920.0, 4774.0], [2919.75, 2036.0], [2919.5, 8771.0], [2919.25, 6236.0], [2918.75, 500.0], [2918.25, 5454.0], [2918.0, 18272.0], [2917.0, 30000.0], [2915.5, 100.0], [2914.75, 400.0], [2914.5, 59212.0], [2914.25, 500.0]], "asks": [[2923.5, 1302.0], [2923.75, 1839.0], [2925.5, 600.0], [2925.75, 806.0], [2926.0, 2906.0], [2926.25, 8018.0], [2926.5, 806.0], [2926.75, 2479.0], [2927.0, 4774.0], [2927.25, 14622.0], [2927.5, 90000.0], [2927.75, 6117.0], [2929.0, 18871.0], [2930.0, 5430.0], [2930.25, 18272.0], [2930.75, 37446.0], [2932.0, 400.0], [2932.75, 40100.0], [2933.75, 38490.0], [2934.0, 180000.0]]}}}
{"jsonrpc": "2.0", "method": "subscription", "params": {"channel": "book.ETH-2JAN26.none.20.100ms", "data": {"timestamp": 1766658447267, "change_id": 102722518274, "instrument_name": "ETH-2JAN26", "bids": [[2922.5, 1850.0], [2922.25, 1648.0], [2922.0, 7527.0], [2921.75, 4878.0], [2921.5, 20940.0], [2921.25, 6337.0], [2920.5, 206.0], [2920.25, 2506.0], [2920.0, 4774.0], [2919.75, 2036.0], [2919.5, 8771.0], [2919.25, 6236.0], [2918.75, 500.0], [2918.25, 5454.0], [2918.0, 18272.0], [2917.0, 30000.0], [2915.5, 100.0], [2914.75, 400.0], [2914.5, 59212.0], [2914.25, 500.0]], "asks": [[2923.5, 1302.0], [2923.75, 1839.0], [2925.5, 600.0], [2925.75, 806.0], [2926.0, 2906.0], [2926.25, 8018.0], [2926.5, 806.0], [2926.75, 2479.0], [2927.0, 4774.0], [2927.25, 14622.0], [2927.5, 90000.0], [2927.75, 6117.0], [2929.0, 18871.0], [2930.0, 5430.0], [2930.25, 18272.0], [2930.75, 37446.0], [2932.0, 400.0], [2932.75, 40100.0], [2933.75, 38490.0], [2934.0, 180000.0]]}}}
{"jsonrpc": "2.0", "method": "subscription", "params": {"channel": "book.ETH-2JAN26.none.20.100ms", "data": {"timestamp": 1766658448197, "change_id": 102722518975, "instrument_name": "ETH-2JAN26", "bids": [[2922.5, 1850.0], [2922.25, 1648.0], [2922.0, 7527.0], [2921.75, 4878.0], [2921.5, 27277.0], [2920.5, 206.0], [2920.25, 2506.0], [2920.0, 4774.0], [2919.75, 2036.0], [2919.5, 6910.0], [2919.25, 1861.0], [2919.0, 6236.0], [2918.75, 500.0], [2918.25, 5454.0], [2918.0, 18272.0], [2917.0, 30000.0], [2915.5, 100.0], [2914.75, 400.0], [2914.5, 59212.0], [2914.25, 500.0]], "asks": [[2923.5, 1302.0], [2923.75, 1839.0], [2925.5, 600.0], [2925.75, 806.0], [2926.0, 2906.0], [2926.25, 8018.0], [2926.5, 806.0], [2926.75, 2479.0], [2927.0, 4774.0], [2927.25, 14622.0], [2927.5, 90000.0], [2927.75, 6117.0], [2929.0, 18871.0], [2930.0, 5430.0], [2930.25, 18272.0], [2930.75, 37446.0], [2932.0, 400.0], [2932.75, 40100.0], [2933.75, 38490.0], [2934.0, 180000.0]]}}}
{"jsonrpc": "2.0", "method": "subscription", "params": {"channel": "book.ETH-2JAN26.none.20.100ms", "data": {"timestamp": 1766658448343, "change_id": 102722519349, "instrument_name": "ETH-2JAN26", "bids": [[2922.5, 1250.0], [2922.25, 1576.0], [2922.0, 7527.0], [2921.75, 4878.0], [2921.5, 27349.0], [2920.5, 206.0], [2920.25, 2506.0], [2920.0, 4774.0], [2919.75, 2036.0], [2919.5, 6910.0], [2919.25, 1861.0], [2919.0, 6236.0], [2918.75, 500.0], [2918.25, 5454.0], [2918.0, 18272.0], [2917.0, 30000.0], [2915.5, 100.0], [2914.75, 400.0], [2914.5, 59212.0], [2914.25, 500.0]], "asks": [[2923.5, 1302.0], [2923.75, 1839.0], [2925.5, 600.0], [2925.75, 806.0], [2926.0, 2906.0], [2926.25, 8018.0], [2926.5, 806.0], [2926.75, 2479.0], [2927.0, 4774.0], [2927.25, 14622.0], [2927.5, 90000.0], [2927.75, 6117.0], [2929.0, 18871.0], [2930.0, 5430.0], [2930.25, 18272.0], [2930.75, 37446.0], [2932.0, 400.0], [2932.75, 40100.0], [2933.75, 38490.0], [2934.0, 180000.0]]}}}
{"jsonrpc": "2.0", "method": "subscription", "params": {"channel": "book.ETH-2JAN26.none.20.100ms", "data": {"timestamp": 1766658448593, "change_id": 102722519585, "instrument_name": "ETH-2JAN26", "bids": [[2922.5, 1250.0], [2922.25, 801.0], [2922.0, 806.0], [2921.75, 4878.0], [2921.5, 27349.0], [2920.5, 206.0], [2920.25, 2506.0], [2920.0, 4774.0], [2919.75, 2036.0], [2919.5, 6910.0], [2919.25, 1861.0], [2919.0, 6236.0], [2918.75, 500.0], [2918.25, 5454.0], [2918.0, 18272.0], [2917.0, 30000.0], [2915.5, 100.0], [2914.75, 400.0], [2914.5, 59212.0], [2914.25, 500.0]], "asks": [[2923.5, 1302.0], [2923.75, 1839.0], [2925.5, 600.0], [2925.75, 806.0], [2926.0, 2906.0], [2926.25, 8018.0], [2926.5, 806.0], [2926.75, 2479.0], [2927.0, 4774.0], [2927.25, 14622.0], [2927.5, 90000.0], [2927.75, 6117.0], [2929.0, 18871.0], [2930.0, 5430.0], [2930.25, 18272.0], [2930.75, 37446.0], [2932.0, 400.0], [2932.75, 40100.0], [2933.75, 38490.0], [2934.0, 180000.0]]}}}
{"jsonrpc": "2.0", "method": "subscription", "params": {"channel": "book.ETH-2JAN26.none.20.100ms", "data": {"timestamp": 1766658448956, "change_id": 102722519812, "instrument_name": "ETH-2JAN26", "bids": [[2922.5, 1250.0], [2922.25, 1318.0], [2922.0, 7526.0], [2921.75, 4878.0], [2921.5, 27349.0], [2920.5, 206.0], [2920.25, 2506.0], [2920.0, 4774.0], [2919.75, 2036.0], [2919.5, 6910.0], [2919.25, 1861.0], [2919.0, 6236.0], [2918.75, 500.0], [2918.25, 5454.0], [2918.0, 18272.0], [2917.0, 30000.0], [2915.5, 100.0], [2914.75, 400.0], [2914.5, 59212.0], [2914.25, 500.0]], "asks": [[2923.5, 1302.0], [2923.75, 1839.0], [2925.5, 600.0], [2925.75, 806.0], [2926.0, 2906.0], [2926.25, 8018.0], [2926.5, 806.0], [2926.75, 2479.0], [2927.0, 4774.0], [2927.25, 14622.0], [2927.5, 90000.0], [2927.75, 6117.0], [2929.0, 18871.0], [2930.0, 5430.0], [2930.25, 18272.0], [2930.75, 37446.0], [2932.0, 400.0], [2932.75, 40100.0], [2933.75, 38490.0], [2934.0, 180000.0]]}}}
{"jsonrpc": "2.0", "method": "subscription", "params": {"channel": "book.ETH-2JAN26.none.20.100ms", "data": {"timestamp": 1766658450486, "change_id": 102722521422, "instrument_name": "ETH-2JAN26", "bids": [[2922.5, 1850.0], [2922.25, 1318.0], [2922.0, 7526.0], [2921.75, 4878.0], [2921.5, 27349.0], [2920.5, 206.0], [2920.25, 2506.0], [2920.0, 4774.0], [2919.75, 2036.0], [2919.5, 6910.0], [2919.25, 1861.0], [2919.0, 6236.0], [2918.75, 500.0], [2918.25, 5454.0], [2918.0, 18272.0], [2917.0, 30000.0], [2915.5, 100.0], [2914.75, 400.0], [2914.5, 59212.0], [2914.25, 500.0]], "asks": [[2923.5, 1302.0], [2923.75, 1839.0], [2925.5, 600.0], [2925.75, 806.0], [2926.0, 2906.0], [2926.25, 8018.0], [2926.5, 806.0], [2926.75, 2479.0], [2927.0, 4774.0], [2927.25, 14622.0], [2927.5, 90000.0], [2927.75, 6117.0], [2929.0, 18871.0], [2930.0, 5430.0], [2930.25, 18272.0], [2930.75, 37446.0], [2932.0, 400.0], [2932.75, 40100.0], [2933.75, 38490.0], [2934.0, 180000.0]]}}}
{"jsonrpc": "2.0", "method": "subscription", "params": {"channel": "book.ETH-2JAN26.none.20.100ms", "data": {"timestamp": 1766658451193, "change_id": 102722521962, "instrument_name": "ETH-2JAN26", "bids": [[2922.5, 1850.0], [2922.25, 1318.0], [2922.0, 7526.0], [2921.75, 4878.0], [2921.5, 21012.0], [2920.75, 6337.0], [2920.5, 206.0], [2920.25, 2506.0], [2920.0, 4774.0], [2919.75, 2036.0], [2919.5, 6910.0], [2919.25, 1861.0], [2919.0, 6236.0], [2918.75, 500.0], [2918.25, 5454.0], [2918.0, 18272.0], [2917.0, 30000.0], [2915.5, 100.0], [2914.75, 400.0], [2914.5, 59212.0]], "asks": [[2923.5, 1302.0], [2923.75, 1839.0], [2925.5, 600.0], [2925.75, 806.0], [2926.0, 2906.0], [2926.25, 8018.0], [2926.5, 806.0], [2926.75, 2479.0], [2927.0, 4774.0], [2927.25, 14622.0], [2927.5, 90000.0], [2927.75, 6117.0], [2929.0, 18871.0], [2930.0, 5430.0], [2930.25, 18272.0], [2930.75, 37446.0], [2932.0, 400.0], [2932.75, 40100.0], [2933.75, 38490.0], [2934.0, 180000.0]]}}}
{"jsonrpc": "2.0", "method": "subscription", "params": {"channel": "book.ETH-2JAN26.none.20.100ms", "data": {"timestamp": 1766658451607, "change_id": 102722522447, "instrument_name": "ETH-2JAN26", "bids": [[2922.5, 1850.0], [2922.25, 801.0], [2922.0, 806.0], [2921.75, 4878.0], [2921.5, 21012.0], [2920.75, 6337.0], [2920.5, 206.0], [2920.25, 2506.0], [2920.0, 4774.0], [2919.75, 2036.0], [2919.5, 6910.0], [2919.25, 1861.0], [2919.0, 6236.0], [2918.75, 500.0], [2918.25, 5454.0], [2918.0, 18272.0], [2917.0, 30000.0], [2915.5, 100.0], [2914.75, 400.0], [2914.5, 59212.0]], "asks": [[2923.5, 1302.0], [2923.75, 1839.0], [2925.5, 600.0], [2925.75, 806.0], [2926.0, 2906.0], [2926.25, 8018.0], [2926.5, 806.0], [2926.75, 2479.0], [2927.0, 4774.0], [2927.25, 14622.0], [2927.5, 90000.0], [2927.75, 6117.0], [2929.0, 18871.0], [2930.0, 5430.0], [2930.25, 18272.0], [2930.75, 37446.0], [2932.0, 400.0], [2932.75, 40100.0], [2933.75, 38490.0], [2934.0, 180000.0]]}}}
{"jsonrpc": "2.0", "method": "subscription", "params": {"channel": "book.ETH-2JAN26.none.20.100ms", "data": {"timestamp": 1766658451969, "change_id": 102722522622, "instrument_name": "ETH-2JAN26", "bids": [[2922.5, 1850.0], [2922.25, 1482.0], [2922.0, 7526.0], [2921.75, 4878.0], [2921.5, 21012.0], [2920.75, 6337.0], [2920.5, 206.0], [2920.25, 2506.0], [2920.0, 4774.0], [2919.75, 2036.0], [2919.5, 6910.0], [2919.25, 1861.0], [2919.0, 6236.0], [2918.75, 500.0], [2918.25, 5454.0], [2918.0, 18272.0], [2917.0, 30000.0], [2915.5, 100.0], [2914.75, 400.0], [2914.5, 59212.0]], "asks": [[2923.5, 1302.0], [2923.75, 1839.0], [2925.5, 600.0], [2925.75, 806.0], [2926.0, 2906.0], [2926.25, 8018.0], [2926.5, 806.0], [2926.75, 2479.0], [2927.0, 4774.0], [2927.25, 14622.0], [2927.5, 90000.0], [2927.75, 6117.0], [2929.0, 18871.0], [2930.0, 5430.0], [2930.25, 18272.0], [2930.75, 37446.0], [2932.0, 400.0], [2932.75, 40100.0], [2933.75, 38490.0], [2934.0, 180000.0]]}}}
{"jsonrpc": "2.0", "method": "subscription", "params": {"channel": "book.ETH-2JAN26.none.20.100ms", "data": {"timestamp": 1766658454042, "change_id": 102722524459, "instrument_name": "ETH-2JAN26", "bids": [[2922.5, 1850.0], [2922.25, 1482.0], [2922.0, 7526.0], [2921.75, 4878.0], [2921.5, 21012.0], [2920.75, 6337.0], [2920.5, 206.0], [2920.25, 2506.0], [2920.0, 4774.0], [2919.75, 2036.0], [2919.5, 6910.0], [2919.25, 1861.0], [2919.0, 6236.0], [2918.75, 500.0], [2918.25, 5454.0], [2918.0, 18272.0], [2917.0, 30000.0], [2915.5, 100.0], [2914.75, 400.0], [2914.5, 59212.0]], "asks": [[2923.5, 1302.0], [2923.75, 1839.0], [2925.5, 600.0], [2925.75, 806.0], [2926.0, 2906.0], [2926.25, 8018.0], [2926.5, 806.0], [2926.75, 2479.0], [2927.0, 4774.0], [2927.25, 14622.0], [2927.5, 90000.0], [2927.75, 6117.0], [2929.0, 18871.0], [2930.0, 5430.0], [2930.25, 18272.0], [2930.75, 37446.0], [2932.0, 400.0], [2932.75, 40100.0], [2933.75, 38490.0], [2934.0, 180000.0]]}}}
{"jsonrpc": "2.0", "method": "subscription", "params": {"channel": "book.ETH-2JAN26.none.20.100ms", "data": {"timestamp": 1766658454571, "change_id": 102722525029, "instrument_name": "ETH-2JAN26", "bids": [[2922.5, 1850.0], [2922.25, 1482.0], [2922.0, 7526.0], [2921.75, 4878.0], [2921.5, 21012.0], [2920.75, 6337.0], [2920.5, 206.0], [2920.25, 2506.0], [2920.0, 4774.0], [2919.75, 2036.0], [2919.5, 6910.0], [2919.25, 1861.0], [2919.0, 6236.0], [2918.75, 500.0], [2918.25, 5454.0], [2918.0, 18272.0], [2917.0, 30000.0], [2915.5, 100.0], [2914.75, 400.0], [2914.5, 59212.0]], "asks": [[2923.5, 1302.0], [2923.75, 1839.0], [2925.5, 600.0], [2925.75, 806.0], [2926.0, 2906.0], [2926.25, 8018.0], [2926.5, 806.0], [2926.75, 2479.0], [2927.0, 4774.0], [2927.25, 14622.0], [2927.5, 90000.0], [2927.75, 6117.0], [2929.0, 18871.0], [2930.0, 5430.0], [2930.25, 18272.0], [2930.75, 37446.0], [2932.0, 400.0], [2932.75, 40100.0], [2933.75, 38490.0], [2934.0, 180000.0]]}}}
{"jsonrpc": "2.0", "method": "subscription", "params": {"channel": "book.ETH-2JAN26.none.20.100ms", "data": {"timestamp": 1766658455149, "change_id": 102722525704, "instrument_name": "ETH-2JAN26", "bids": [[2922.25, 2732.0], [2922.0, 7526.0], [2921.75, 4878.0], [2921.5, 21012.0], [2920.5, 206.0], [2920.25, 2506.0], [2920.0, 4774.0], [2918.75, 2361.0], [2918.5, 6236.0], [2918.25, 5454.0], [2918.0, 18272.0], [2917.25, 6879.0], [2917.0, 36880.0], [2915.5, 100.0], [2914.75, 400.0], [2914.5, 59212.0], [2914.25, 500.0], [2913.25, 73088.0], [2913.0, 90000.0], [2910.75, 38110.0]], "asks": [[2923.5, 1302.0], [2923.75, 1839.0], [2925.5, 600.0], [2925.75, 806.0], [2926.0, 2906.0], [2926.25, 8018.0], [2926.5, 806.0], [2926.75, 2479.0], [2927.0, 4774.0], [2927.25, 14622.0], [2927.5, 90000.0], [2927.75, 6117.0], [2929.0, 18871.0], [2930.0, 5430.0], [2930.25, 18272.0], [2930.75, 37446.0], [2932.0, 400.0], [2932.75, 40100.0], [2933.75, 38490.0], [2934.0, 180000.0]]}}}
{"jsonrpc": "2.0", "method": "subscription", "params": {"channel": "book.ETH-2JAN26.none.20.100ms", "data": {"timestamp": 1766658455406, "change_id": 102722526219, "instrument_name": "ETH-2JAN26", "bids": [[2922.25, 2051.0], [2922.0, 806.0], [2921.75, 4878.0], [2921.5, 21012.0], [2920.5, 206.0], [2920.25, 4473.0], [2920.0, 11951.0], [2918.75, 2361.0], [2918.5, 6236.0], [2918.25, 5454.0], [2918.0, 18272.0], [2917.25, 6879.0], [2917.0, 30000.0], [2915.5, 100.0], [2914.75, 400.0], [2914.5, 59212.0], [2914.25, 500.0], [2913.25, 73088.0], [2913.0, 90000.0], [2910.75, 38110.0]], "asks": [[2923.5, 1302.0], [2923.75, 1839.0], [2925.5, 600.0], [2925.75, 806.0], [2926.0, 2906.0], [2926.25, 8018.0], [2926.5, 806.0], [2926.75, 2479.0], [2927.0, 4774.0], [2927.25, 14622.0], [2927.5, 90000.0], [2927.75, 6117.0], [2929.0, 18871.0], [2930.0, 5430.0], [2930.25, 18272.0], [2930.75, 37446.0], [2932.0, 400.0], [2932.75, 40100.0], [2933.75, 38490.0], [2934.0, 180000.0]]}}}
{"jsonrpc": "2.0", "method": "subscription", "params": {"channel": "book.ETH-2JAN26.none.20.100ms", "data": {"timestamp": 1766658455765, "change_id": 102722526408, "instrument_name": "ETH-2JAN26", "bids": [[2922.25, 2051.0], [2922.0, 1538.0], [2921.75, 11598.0], [2921.5, 21012.0], [2920.5, 206.0], [2920.25, 4473.0], [2920.0, 11951.0], [2918.75, 2361.0], [2918.5, 6236.0], [2918.25, 5454.0], [2918.0, 18272.0], [2917.25, 6879.0], [2917.0, 30000.0], [2915.5, 100.0], [2914.75, 400.0], [2914.5, 59212.0], [2914.25, 500.0], [2913.25, 73088.0], [2913.0, 90000.0], [2910.75, 38110.0]], "asks": [[2923.5, 1302.0], [2923.75, 1839.0], [2925.5, 600.0], [2925.75, 806.0], [2926.0, 2906.0], [2926.25, 8018.0], [2926.5, 806.0], [2926.75, 2479.0], [2927.0, 4774.0], [2927.25, 14622.0], [2927.5, 90000.0], [2927.75, 6117.0], [2929.0, 18871.0], [2930.0, 5430.0], [2930.25, 18272.0], [2930.75, 37446.0], [2932.0, 400.0], [2932.75, 40100.0], [2933.75, 38490.0], [2934.0, 180000.0]]}}}
{"jsonrpc": "2.0", "method": "subscription", "params": {"channel": "book.ETH-2JAN26.none.20.100ms", "data": {"timestamp": 1766658456117, "change_id": 102722526777, "instrument_name": "ETH-2JAN26", "bids": [[2922.25, 1850.0], [2922.0, 1538.0], [2921.75, 11598.0], [2921.5, 21012.0], [2920.5, 206.0], [2920.25, 4473.0], [2920.0, 11951.0], [2918.75, 2361.0], [2918.5, 6236.0], [2918.25, 5454.0], [2918.0, 18272.0], [2917.25, 6879.0], [2917.0, 30000.0], [2915.5, 100.0], [2914.75, 400.0], [2914.5, 59212.0], [2914.25, 500.0], [2913.25, 73088.0], [2913.0, 90000.0], [2910.75, 38110.0]], "asks": [[2923.25, 1152.0], [2923.5, 2056.0], [2923.75, 589.0], [2925.5, 600.0], [2925.75, 806.0], [2926.0, 2906.0], [2926.25, 8018.0], [2926.5, 806.0], [2926.75, 2479.0], [2927.0, 4774.0], [2927.25, 14622.0], [2927.5, 90000.0], [2927.75, 6117.0], [2929.0, 18871.0], [2930.0, 5430.0], [2930.25, 18272.0], [2930.75, 37446.0], [2932.0, 400.0], [2932.75, 40100.0], [2933.75, 38490.0]]}}}
{"jsonrpc": "2.0", "method": "subscription", "params": {"channel": "book.ETH-2JAN26.none.20.100ms", "data": {"timestamp": 1766658456448, "change_id": 102722527470, "instrument_name": "ETH-2JAN26", "bids": [[2922.0, 600.0], [2921.75, 6128.0], [2921.5, 21012.0], [2920.5, 206.0], [2920.25, 2506.0], [2920.0, 4774.0], [2918.75, 2361.0], [2918.5, 6236.0], [2918.25, 12673.0], [2918.0, 18272.0], [2917.25, 6879.0], [2917.0, 30000.0], [2915.5, 100.0], [2914.75, 400.0], [2914.5, 59212.0], [2914.25, 500.0], [2913.25, 73088.0], [2913.0, 90000.0], [2910.75, 38110.0], [2910.5, 38562.0]], "asks": [[2923.25, 1152.0], [2923.5, 2056.0], [2923.75, 589.0], [2925.5, 600.0], [2925.75, 806.0], [2926.0, 2906.0], [2926.25, 8018.0], [2926.5, 806.0], [2926.75, 2479.0], [2927.0, 4774.0], [2927.25, 14622.0], [2927.5, 90000.0], [2927.75, 6117.0], [2929.0, 18871.0], [2930.0, 5430.0], [2930.25, 18272.0], [2930.75, 37446.0], [2932.0, 400.0], [2932.75, 40100.0], [2933.75, 38490.0]]}}}
{"jsonrpc": "2.0", "method": "subscription", "params": {"channel": "book.ETH-2JAN26.none.20.100ms", "data": {"timestamp": 1766658456820, "change_id": 102722527921, "instrument_name": "ETH-2JAN26", "bids": [[2922.25, 1850.0], [2922.0, 600.0], [2921.75, 4878.0], [2921.5, 21012.0], [2920.5, 206.0], [2920.25, 2506.0], [2920.0, 4774.0], [2918.75, 2361.0], [2918.5, 6236.0], [2918.25, 12673.0], [2918.0, 18272.0], [2917.25, 6879.0], [2917.0, 30000.0], [2915.5, 100.0], [2914.75, 400.0], [2914.5, 59212.0], [2914.25, 500.0], [2913.25, 73088.0], [2913.0, 90000.0], [2910.75, 38110.0]], "asks": [[2923.0, 806.0], [2923.25, 806.0], [2923.5, 1123.0], [2923.75, 1839.0], [2925.5, 600.0], [2925.75, 806.0], [2926.0, 2906.0], [2926.25, 8018.0], [2926.5, 806.0], [2926.75, 2479.0], [2927.0, 4774.0], [2927.25, 14622.0], [2927.5, 90000.0], [2927.75, 6117.0], [2929.0, 18871.0], [2930.0, 5430.0], [2930.25, 18272.0], [2930.75, 37446.0], [2932.0, 400.0], [2932.75, 40100.0]]}}}
{"jsonrpc": "2.0", "method": "subscription", "params": {"channel": "book.ETH-2JAN26.none.20.100ms", "data": {"timestamp": 1766658457023, "change_id": 102722528085, "instrument_name": "ETH-2JAN26", "bids": [[2922.25, 1850.0], [2922.0, 600.0], [2921.75, 4878.0], [2921.5, 27731.0], [2920.5, 206.0], [2920.25, 2506.0], [2920.0, 4774.0], [2918.75, 2361.0], [2918.5, 6236.0], [2918.25, 12673.0], [2918.0, 18272.0], [2917.25, 6879.0], [2917.0, 30000.0], [2915.5, 100.0], [2914.75, 400.0], [2914.5, 59212.0], [2914.25, 500.0], [2913.25, 73088.0], [2913.0, 90000.0], [2910.75, 38110.0]], "asks": [[2923.0, 806.0], [2923.25, 1126.0], [2923.5, 2056.0], [2923.75, 589.0], [2925.5, 600.0], [2925.75, 806.0], [2926.0, 2906.0], [2926.25, 8018.0], [2926.5, 806.0], [2926.75, 2479.0], [2927.0, 4774.0], [2927.25, 14622.0], [2927.5, 90000.0], [2927.75, 6117.0], [2929.0, 18871.0], [2930.0, 5430.0], [2930.25, 18272.0], [2930.75, 37446.0], [2932.0, 400.0], [2932.75, 40100.0]]}}}
{"jsonrpc": "2.0", "method": "subscription", "params": {"channel": "book.ETH-2JAN26.none.20.100ms", "data": {"timestamp": 1766658457966, "change_id": 102722529042, "instrument_name": "ETH-2JAN26", "bids": [[2922.25, 1250.0], [2922.0, 600.0], [2921.75, 4878.0], [2921.5, 27731.0], [2920.5, 206.0], [2920.25, 2506.0], [2920.0, 4774.0], [2918.75, 2361.0], [2918.5, 8391.0], [2918.25, 12673.0], [2918.0, 18272.0], [2917.25, 6879.0], [2917.0, 30000.0], [2915.5, 100.0], [2914.75, 400.0], [2914.5, 59212.0], [2914.25, 500.0], [2913.25, 73088.0], [2913.0, 90000.0], [2910.75, 38110.0]], "asks": [[2923.0, 806.0], [2923.25, 1126.0], [2923.5, 2056.0], [2923.75, 589.0], [2925.5, 600.0], [2925.75, 806.0], [2926.0, 2906.0], [2926.25, 8018.0], [2926.5, 806.0], [2926.75, 2479.0], [2927.0, 4774.0], [2927.25, 14622.0], [2927.5, 90000.0], [2927.75, 6117.0], [2929.0, 18871.0], [2930.0, 5430.0], [2930.25, 18272.0], [2930.75, 37446.0], [2932.0, 400.0], [2932.75, 40100.0]]}}}
{"jsonrpc": "2.0", "method": "subscription", "params": {"channel": "book.ETH-2JAN26.none.20.100ms", "data": {"timestamp": 1766658458396, "change_id": 102722529716, "instrument_name": "ETH-2JAN26", "bids": [[2922.25, 1850.0], [2922.0, 600.0], [2921.75, 4878.0], [2921.5, 27731.0], [2920.5, 206.0], [2920.25, 2506.0], [2920.0, 4774.0], [2918.75, 2361.0], [2918.5, 8391.0], [2918.25, 12673.0], [2918.0, 18272.0], [2917.25, 6879.0], [2917.0, 30000.0], [2915.5, 100.0], [2914.75, 400.0], [2914.5, 59212.0], [2914.25, 500.0], [2913.25, 73088.0], [2913.0, 90000.0], [2910.75, 38110.0]], "asks": [[2923.0, 806.0], [2923.25, 1126.0], [2923.5, 2056.0], [2923.75, 589.0], [2925.5, 600.0], [2925.75, 806.0], [2926.0, 2906.0], [2926.25, 8018.0], [2926.5, 806.0], [2926.75, 2479.0], [2927.0, 4774.0], [2927.25, 14622.0], [2927.5, 90000.0], [2927.75, 6117.0], [2929.0, 18871.0], [2930.0, 5430.0], [2930.25, 18272.0], [2930.75, 37446.0], [2932.0, 400.0], [2932.75, 40100.0]]}}}
{"jsonrpc": "2.0", "method": "subscription", "params": {"channel": "book.ETH-2JAN26.none.20.100ms", "data": {"timestamp": 1766658459086, "change_id": 102722530081, "instrument_name": "ETH-2JAN26", "bids": [[2922.25, 1850.0], [2922.0, 600.0], [2921.75, 4878.0], [2921.5, 27731.0], [2920.75, 6337.0], [2920.5, 206.0], [2920.25, 2506.0], [2920.0, 4774.0], [2918.75, 2361.0], [2918.5, 8391.0], [2918.25, 12673.0], [2918.0, 18272.0], [2917.25, 6879.0], [2917.0, 30000.0], [2915.5, 100.0], [2914.75, 400.0], [2914.5, 59212.0], [2914.25, 500.0], [2913.25, 73088.0], [2913.0, 90000.0]], "asks": [[2923.0, 806.0], [2923.25, 1715.0], [2923.5, 2056.0], [2925.5, 600.0], [2925.75, 806.0], [2926.0, 4463.0], [2926.25, 14135.0], [2926.5, 806.0], [2926.75, 2479.0], [2927.0, 4774.0], [2927.25, 14622.0], [2927.5, 90000.0], [2929.0, 18871.0], [2930.0, 5430.0], [2930.25, 18272.0], [2930.75, 37446.0], [2932.0, 400.0], [2932.75, 40100.0], [2933.75, 38490.0], [2934.0, 180000.0]]}}}
{"jsonrpc": "2.0", "method": "subscription", "params": {"channel": "book.ETH-2JAN26.none.20.100ms", "data": {"timestamp": 1766658459386, "change_id": 102722530609, "instrument_name": "ETH-2JAN26", "bids": [[2922.25, 1850.0], [2922.0, 600.0], [2921.75, 4878.0], [2921.5, 27731.0], [2920.75, 6337.0], [2920.5, 206.0], [2920.25, 2506.0], [2920.0, 4774.0], [2918.75, 2361.0], [2918.5, 8391.0], [2918.25, 12673.0], [2918.0, 18272.0], [2917.25, 6879.0], [2917.0, 30000.0], [2915.5, 100.0], [2914.75, 400.0], [2914.5, 59212.0], [2914.25, 500.0], [2913.25, 73088.0], [2913.0, 90000.0]], "asks": [[2923.0, 806.0], [2923.25, 1395.0], [2923.5, 1456.0], [2925.5, 600.0], [2925.75, 806.0], [2926.0, 4463.0], [2926.25, 14135.0], [2926.5, 806.0], [2926.75, 2479.0], [2927.0, 4774.0], [2927.25, 14622.0], [2927.5, 90000.0], [2929.0, 18871.0], [2930.0, 5430.0], [2930.25, 18272.0], [2930.75, 37446.0], [2932.0, 400.0], [2932.75, 40100.0], [2933.75, 38490.0], [2934.0, 180000.0]]}}}
{"jsonrpc": "2.0", "method": "subscription", "params": {"channel": "book.ETH-2JAN26.none.20.100ms", "data": {"timestamp": 1766658459810, "change_id": 102722530837, "instrument_name": "ETH-2JAN26", "bids": [[2922.25, 1250.0], [2922.0, 600.0], [2921.75, 4878.0], [2921.5, 21012.0], [2920.75, 6337.0], [2920.5, 206.0], [2920.25, 2506.0], [2920.0, 4774.0], [2918.75, 500.0], [2918.5, 1861.0], [2918.25, 11690.0], [2918.0, 18272.0], [2917.25, 6879.0], [2917.0, 30000.0], [2916.75, 7078.0], [2915.5, 100.0], [2914.75, 400.0], [2914.5, 59212.0], [2914.25, 500.0], [2913.25, 73088.0]], "asks": [[2923.0, 806.0], [2923.25, 1395.0], [2923.5, 1456.0], [2925.5, 600.0], [2925.75, 806.0], [2926.0, 4463.0], [2926.25, 14135.0], [2926.5, 806.0], [2926.75, 2479.0], [2927.0, 4774.0], [2927.25, 14622.0], [2927.5, 90000.0], [2929.0, 18871.0], [2930.0, 5430.0], [2930.25, 18272.0], [2930.75, 37446.0], [2932.0, 400.0], [2932.75, 40100.0], [2933.75, 38490.0], [2934.0, 180000.0]]}}}
{"jsonrpc": "2.0", "method": "subscription", "params": {"channel": "book.ETH-2JAN26.none.20.100ms", "data": {"timestamp": 1766658460088, "change_id": 102722531095, "instrument_name": "ETH-2JAN26", "bids": [[2922.25, 1250.0], [2922.0, 600.0], [2921.75, 4878.0], [2921.5, 21012.0], [2920.75, 6337.0], [2920.5, 206.0], [2920.25, 2506.0], [2920.0, 4774.0], [2919.25, 6853.0], [2918.75, 500.0], [2918.5, 1861.0], [2918.25, 11690.0], [2918.0, 18272.0], [2917.25, 6879.0], [2917.0, 30000.0], [2915.5, 100.0], [2914.75, 400.0], [2914.5, 59212.0], [2914.25, 500.0], [2913.25, 73088.0]], "asks": [[2923.0, 1302.0], [2923.25, 2645.0], [2925.5, 600.0], [2925.75, 806.0], [2926.0, 4463.0], [2926.25, 14135.0], [2926.5, 806.0], [2926.75, 2479.0], [2927.0, 4774.0], [2927.25, 14622.0], [2927.5, 90000.0], [2929.0, 18871.0], [2930.0, 5430.0], [2930.25, 18272.0], [2930.75, 37446.0], [2932.0, 400.0], [2932.75, 40100.0], [2933.75, 38490.0], [2934.0, 180000.0], [2935.25, 37535.0]]}}}
{"jsonrpc": "2.0", "method": "subscription", "params": {"channel": "book.ETH-2JAN26.none.20.100ms", "data": {"timestamp": 1766658460418, "change_id": 102722531648, "instrument_name": "ETH-2JAN26", "bids": [[2922.0, 600.0], [2921.75, 6128.0], [2921.5, 21012.0], [2920.75, 6337.0], [2920.5, 206.0], [2920.25, 2506.0], [2920.0, 4774.0], [2919.25, 6853.0], [2918.75, 500.0], [2918.5, 1861.0], [2918.25, 11690.0], [2918.0, 18272.0], [2917.25, 6879.0], [2917.0, 30000.0], [2915.5, 100.0], [2914.75, 400.0], [2914.5, 59212.0], [2914.25, 500.0], [2913.25, 73088.0], [2913.0, 90000.0]], "asks": [[2923.0, 1302.0], [2923.25, 2045.0], [2925.5, 600.0], [2925.75, 806.0], [2926.0, 4463.0], [2926.25, 14135.0], [2926.5, 806.0], [2926.75, 2479.0], [2927.0, 4774.0], [2927.25, 14622.0], [2927.5, 90000.0], [2929.0, 18871.0], [2930.0, 5430.0], [2930.25, 18272.0], [2930.75, 37446.0], [2932.0, 400.0], [2932.75, 40100.0], [2933.75, 38490.0], [2934.0, 180000.0], [2935.25, 37535.0]]}}}
{"jsonrpc": "2.0", "method": "subscription", "params": {"channel": "book.ETH-2JAN26.none.20.100ms", "data": {"timestamp": 1766658460817, "change_id": 102722531842, "instrument_name": "ETH-2JAN26", "bids": [[2922.0, 600.0], [2921.75, 6128.0], [2921.5, 27731.0], [2920.75, 6337.0], [2920.5, 206.0], [2920.25, 2506.0], [2920.0, 4774.0], [2919.25, 6853.0], [2918.75, 500.0], [2918.5, 1861.0], [2918.25, 11690.0], [2918.0, 18272.0], [2917.25, 6879.0], [2917.0, 30000.0], [2915.5, 100.0], [2914.75, 400.0], [2914.5, 59212.0], [2914.25, 500.0], [2913.25, 73088.0], [2913.0, 90000.0]], "asks": [[2923.0, 1302.0], [2923.25, 2045.0], [2925.5, 600.0], [2925.75, 806.0], [2926.0, 4463.0], [2926.25, 14135.0], [2926.5, 806.0], [2926.75, 2479.0], [2927.0, 4774.0], [2927.25, 14622.0], [2927.5, 90000.0], [2929.0, 18871.0], [2930.0, 5430.0], [2930.25, 18272.0], [2930.75, 37446.0], [2932.0, 400.0], [2932.75, 40100.0], [2933.75, 38490.0], [2934.0, 180000.0], [2935.25, 37535.0]]}}}
{"jsonrpc": "2.0", "method": "subscription", "params": {"channel": "book.ETH-2JAN26.none.20.100ms", "data": {"timestamp": 1766658462427, "change_id": 102722535131, "instrument_name": "ETH-2JAN26", "bids": [[2920.5, 600.0], [2920.25, 672.0], [2919.5, 600.0], [2919.0, 6337.0], [2918.75, 500.0], [2917.0, 21098.0], [2915.75, 6236.0], [2915.5, 100.0], [2915.25, 7098.0], [2914.5, 19212.0], [2914.25, 500.0], [2913.0, 90000.0], [2912.5, 40400.0], [2910.75, 38110.0], [2910.5, 38562.0], [2910.0, 280.0], [2908.75, 180000.0], [2907.0, 37706.0], [2906.5, 40000.0], [2902.75, 40000.0]], "asks": [[2923.0, 600.0], [2923.25, 1839.0], [2924.5, 6998.0], [2925.75, 600.0], [2926.0, 600.0], [2926.25, 6117.0], [2927.5, 90000.0], [2929.0, 18871.0], [2930.25, 400.0], [2930.75, 37446.0], [2932.75, 40100.0], [2933.75, 38490.0], [2934.0, 180000.0], [2935.25, 37535.0], [2939.75, 40000.0], [2941.25, 20425.0], [2942.5, 37525.0], [2944.5, 40000.0], [2946.5, 40.0], [2947.75, 40.0]]}}}
{"jsonrpc": "2.0", "method": "subscription", "params": {"channel": "book.ETH-2JAN26.none.20.100ms", "data": {"timestamp": 1766658462621, "change_id": 102722535875, "instrument_name": "ETH-2JAN26", "bids": [[2920.5, 600.0], [2920.25, 672.0], [2919.5, 600.0], [2919.0, 6337.0], [2918.75, 1750.0], [2918.25, 6971.0], [2917.0, 21098.0], [2915.75, 6236.0], [2915.5, 100.0], [2914.5, 19212.0], [2914.25, 500.0], [2913.0, 90000.0], [2912.5, 40400.0], [2910.75, 38110.0], [2910.5, 38562.0], [2910.0, 280.0], [2908.75, 180000.0], [2907.0, 37706.0], [2906.5, 40000.0], [2902.75, 40000.0]], "asks": [[2922.5, 1850.0], [2923.0, 600.0], [2923.25, 589.0], [2923.5, 6723.0], [2924.5, 6998.0], [2925.75, 600.0], [2926.0, 600.0], [2926.25, 6117.0], [2927.5, 90000.0], [2929.0, 18871.0], [2930.25, 400.0], [2930.75, 37446.0], [2932.75, 40100.0], [2933.75, 38490.0], [2934.0, 180000.0], [2935.25, 37535.0], [2939.75, 40000.0], [2941.25, 20425.0], [2942.5, 37525.0], [2944.5, 40000.0]]}}}
{"jsonrpc": "2.0", "method": "subscription", "params": {"channel": "book.ETH-2JAN26.none.20.100ms", "data": {"timestamp": 1766658463131, "change_id": 102722536670, "instrument_name": "ETH-2JAN26", "bids": [[2920.5, 2780.0], [2920.25, 7389.0], [2919.5, 2492.0], [2919.25, 6543.0], [2919.0, 1250.0], [2918.75, 500.0], [2918.5, 2081.0], [2918.25, 6971.0], [2917.25, 6298.0], [2917.0, 21098.0], [2916.25, 1861.0], [2916.0, 6236.0], [2915.5, 100.0], [2914.5, 19212.0], [2914.25, 500.0], [2913.0, 90000.0], [2912.5, 40400.0], [2910.75, 38110.0], [2910.5, 38562.0], [2910.0, 280.0]], "asks": [[2922.0, 552.0], [2922.25, 2056.0], [2922.5, 600.0], [2923.0, 600.0], [2923.25, 2596.0], [2923.5, 6723.0], [2924.25, 2089.0], [2924.5, 6998.0], [2925.75, 600.0], [2926.0, 2426.0], [2926.25, 11750.0], [2926.5, 18871.0], [2927.25, 17066.0], [2927.5, 90000.0], [2930.25, 400.0], [2930.75, 37446.0], [2932.75, 40100.0], [2933.75, 38490.0], [2934.0, 180000.0], [2935.25, 37535.0]]}}}
{"jsonrpc": "2.0", "method": "subscription", "params": {"channel": "book.ETH-2JAN26.none.20.100ms", "data": {"timestamp": 1766658463459, "change_id": 102722537290, "instrument_name": "ETH-2JAN26", "bids": [[2920.5, 2780.0], [2920.25, 6789.0], [2919.75, 600.0], [2919.5, 2492.0], [2919.25, 6543.0], [2919.0, 1250.0], [2918.75, 500.0], [2918.5, 2081.0], [2918.25, 6971.0], [2917.25, 6298.0], [2917.0, 21098.0], [2916.25, 1861.0], [2916.0, 6236.0], [2915.5, 100.0], [2914.5, 19212.0], [2914.25, 500.0], [2913.0, 90000.0], [2912.5, 40400.0], [2910.75, 38110.0], [2910.5, 38562.0]], "asks": [[2922.0, 1152.0], [2922.25, 2056.0], [2923.0, 806.0], [2923.25, 1189.0], [2924.25, 2089.0], [2924.5, 6998.0], [2925.75, 600.0], [2926.0, 2426.0], [2926.25, 11750.0], [2926.5, 18871.0], [2927.25, 17066.0], [2927.5, 90000.0], [2930.25, 40400.0], [2930.75, 37446.0], [2932.75, 100.0], [2933.75, 38490.0], [2934.0, 180000.0], [2935.25, 37535.0], [2936.25, 40000.0], [2939.75, 40000.0]]}}}
{"jsonrpc": "2.0", "method": "subscription", "params": {"channel": "book.ETH-2JAN26.none.20.100ms", "data": {"timestamp": 1766658463548, "change_id": 102722537352, "instrument_name": "ETH-2JAN26", "bids": [[2920.5, 2780.0], [2920.25, 6789.0], [2919.75, 600.0], [2919.5, 2492.0], [2919.25, 7793.0], [2918.75, 500.0], [2918.5, 2081.0], [2918.25, 6971.0], [2917.25, 6298.0], [2917.0, 21098.0], [2916.25, 1861.0], [2916.0, 6236.0], [2915.5, 100.0], [2914.5, 19212.0], [2913.0, 90000.0], [2912.5, 40400.0], [2910.75, 38110.0], [2910.5, 38562.0], [2910.0, 280.0], [2908.75, 180000.0]], "asks": [[2922.0, 1152.0], [2922.25, 2056.0], [2923.0, 806.0], [2923.25, 1189.0], [2924.25, 2089.0], [2924.5, 6998.0], [2925.75, 600.0], [2926.0, 2426.0], [2926.25, 11750.0], [2926.5, 18871.0], [2927.25, 17066.0], [2927.5, 90000.0], [2930.25, 40400.0], [2930.75, 37446.0], [2932.75, 100.0], [2933.75, 38490.0], [2934.0, 180000.0], [2935.25, 37535.0], [2936.25, 40000.0], [2939.75, 40000.0]]}}}
{"jsonrpc": "2.0", "method": "subscription", "params": {"channel": "book.ETH-2JAN26.none.20.100ms", "data": {"timestamp": 1766658464124, "change_id": 102722538170, "instrument_name": "ETH-2JAN26", "bids": [[2920.5, 2780.0], [2920.25, 6789.0], [2919.75, 806.0], [2919.5, 3742.0], [2919.25, 6543.0], [2918.75, 500.0], [2918.5, 2081.0], [2918.25, 6971.0], [2917.25, 6298.0], [2917.0, 21098.0], [2916.25, 1861.0], [2916.0, 6236.0], [2915.5, 100.0], [2914.5, 19212.0], [2913.0, 90000.0], [2912.5, 40400.0], [2910.75, 38110.0], [2910.5, 38562.0], [2910.0, 280.0], [2908.75, 180000.0]], "asks": [[2922.5, 589.0], [2923.0, 806.0], [2923.25, 600.0], [2924.25, 2089.0], [2925.75, 600.0], [2926.0, 2426.0], [2926.25, 11750.0], [2926.5, 18871.0], [2927.25, 17066.0], [2927.5, 90000.0], [2930.25, 40400.0], [2930.75, 37446.0], [2932.75, 100.0], [2933.75, 38490.0], [2934.0, 180000.0], [2935.25, 37535.0], [2936.25, 40000.0], [2939.75, 40000.0], [2941.25, 20425.0], [2942.5, 37525.0]]}}}
{"jsonrpc": "2.0", "method": "subscription", "params": {"channel": "book.ETH-2JAN26.none.20.100ms", "data": {"timestamp": 1766658464444, "change_id": 102722539270, "instrument_name": "ETH-2JAN26", "bids": [[2921.0, 801.0], [2920.75, 672.0], [2920.5, 2780.0], [2920.25, 8173.0], [2920.0, 600.0], [2919.75, 600.0], [2919.5, 2492.0], [2919.25, 6543.0], [2918.75, 500.0], [2918.5, 2081.0], [2918.25, 6971.0], [2917.25, 6298.0], [2917.0, 21098.0], [2916.75, 500.0], [2916.25, 1655.0], [2916.0, 6236.0], [2915.5, 100.0], [2914.5, 19212.0], [2913.0, 90000.0], [2912.5, 40400.0]], "asks": [[2922.25, 806.0], [2922.5, 1189.0], [2923.0, 600.0], [2923.5, 206.0], [2923.75, 1250.0], [2925.25, 2172.0], [2925.5, 7275.0], [2925.75, 600.0], [2926.0, 2426.0], [2926.25, 11750.0], [2926.5, 18871.0], [2927.25, 17066.0], [2927.5, 90000.0], [2930.25, 40400.0], [2930.75, 37446.0], [2932.75, 100.0], [2933.75, 38490.0], [2934.0, 180000.0], [2935.25, 37535.0], [2936.25, 40000.0]]}}}
{"jsonrpc": "2.0", "method": "subscription", "params": {"channel": "book.ETH-2JAN26.none.20.100ms", "data": {"timestamp": 1766658464756, "change_id": 102722539539, "instrument_name": "ETH-2JAN26", "bids": [[2921.0, 801.0], [2920.75, 1224.0], [2920.5, 1850.0], [2920.25, 206.0], [2920.0, 600.0], [2919.75, 600.0], [2919.5, 2492.0], [2919.25, 6543.0], [2918.75, 500.0], [2918.5, 2081.0], [2918.25, 6971.0], [2917.25, 6298.0], [2917.0, 21098.0], [2916.75, 500.0], [2916.25, 1655.0], [2916.0, 6236.0], [2915.5, 100.0], [2914.5, 19212.0], [2913.0, 90000.0], [2912.5, 40400.0]], "asks": [[2922.25, 206.0], [2922.5, 1189.0], [2923.0, 600.0], [2923.25, 206.0], [2923.5, 1456.0], [2925.25, 2172.0], [2925.5, 7275.0], [2925.75, 600.0], [2926.0, 2426.0], [2926.25, 11750.0], [2926.5, 18871.0], [2927.25, 17066.0], [2927.5, 90000.0], [2930.25, 40400.0], [2930.75, 37446.0], [2932.75, 100.0], [2933.75, 38490.0], [2934.0, 180000.0], [2935.25, 37535.0], [2936.25, 40000.0]]}}}
{"jsonrpc": "2.0", "method": "subscription", "params": {"channel": "book.ETH-2JAN26.none.20.100ms", "data": {"timestamp": 1766658465016, "change_id": 102722539699, "instrument_name": "ETH-2JAN26", "bids": [[2921.0, 2780.0], [2920.75, 7941.0], [2920.5, 1850.0], [2919.75, 600.0], [2919.5, 2492.0], [2919.25, 6543.0], [2918.75, 500.0], [2918.5, 2081.0], [2918.25, 6971.0], [2917.25, 6298.0], [2917.0, 21098.0], [2916.75, 500.0], [2916.25, 1655.0], [2916.0, 6236.0], [2915.5, 100.0], [2914.5, 19212.0], [2913.0, 90000.0], [2912.5, 40400.0], [2910.75, 38110.0], [2910.5, 38562.0]], "asks": [[2922.5, 589.0], [2923.0, 600.0], [2923.25, 806.0], [2923.5, 1456.0], [2925.25, 2172.0], [2925.5, 7275.0], [2925.75, 600.0], [2926.0, 2426.0], [2926.25, 11750.0], [2926.5, 18871.0], [2927.25, 17066.0], [2927.5, 90000.0], [2930.25, 40400.0], [2930.75, 37446.0], [2932.75, 100.0], [2933.75, 38490.0], [2934.0, 180000.0], [2935.25, 37535.0], [2936.25, 40000.0], [2939.75, 40000.0]]}}}
{"jsonrpc": "2.0", "method": "subscription", "params": {"channel": "book.ETH-2JAN26.none.20.100ms", "data": {"timestamp": 1766658465430, "change_id": 102722540552, "instrument_name": "ETH-2JAN26", "bids": [[2921.0, 2780.0], [2920.75, 9191.0], [2919.75, 600.0], [2919.5, 2492.0], [2919.25, 6543.0], [2918.75, 500.0], [2918.5, 2081.0], [2918.25, 6971.0], [2917.25, 6298.0], [2917.0, 21098.0], [2916.75, 500.0], [2916.25, 1655.0], [2916.0, 15191.0], [2915.75, 30000.0], [2915.5, 100.0], [2914.5, 19212.0], [2913.0, 90000.0], [2912.5, 40400.0], [2910.75, 38110.0], [2910.5, 38562.0]], "asks": [[2922.5, 1189.0], [2923.0, 600.0], [2923.25, 806.0], [2923.5, 1456.0], [2925.25, 2172.0], [2925.5, 8817.0], [2925.75, 5167.0], [2926.0, 2426.0], [2926.25, 11750.0], [2926.5, 18871.0], [2927.25, 17066.0], [2927.5, 90000.0], [2930.25, 40400.0], [2930.75, 37446.0], [2932.75, 100.0], [2933.75, 38490.0], [2934.0, 180000.0], [2935.25, 37535.0], [2936.25, 40000.0], [2939.75, 40000.0]]}}}
{"jsonrpc": "2.0", "method": "subscription", "params": {"channel": "book.ETH-2JAN26.none.20.100ms", "data": {"timestamp": 1766658465690, "change_id": 102722540759, "instrument_name": "ETH-2JAN26", "bids": [[2921.0, 2780.0], [2920.75, 9191.0], [2919.75, 600.0], [2919.5, 2492.0], [2919.25, 6543.0], [2918.75, 500.0], [2918.5, 2081.0], [2918.25, 6971.0], [2917.25, 6298.0], [2917.0, 21098.0], [2916.75, 500.0], [2916.25, 1655.0], [2916.0, 15191.0], [2915.75, 30000.0], [2915.5, 100.0], [2914.5, 19212.0], [2913.0, 90000.0], [2912.5, 40400.0], [2910.75, 38110.0], [2910.5, 38562.0]], "asks": [[2922.5, 1189.0], [2923.0, 600.0], [2923.25, 806.0], [2923.5, 1456.0], [2925.25, 2172.0], [2925.5, 8817.0], [2925.75, 5167.0], [2926.0, 2426.0], [2926.25, 11750.0], [2926.5, 18871.0], [2927.0, 18271.0], [2927.25, 17066.0], [2927.5, 90000.0], [2930.25, 40400.0], [2930.75, 37446.0], [2932.75, 100.0], [2933.75, 38490.0], [2934.0, 180000.0], [2935.25, 37535.0], [2936.25, 40000.0]]}}}
{"jsonrpc": "2.0", "method": "subscription", "params": {"channel": "book.ETH-2JAN26.none.20.100ms", "data": {"timestamp": 1766658466106, "change_id": 102722541034, "instrument_name": "ETH-2JAN26", "bids": [[2921.25, 1152.0], [2921.0, 4030.0], [2920.75, 7941.0], [2919.75, 600.0], [2919.5, 2492.0], [2919.25, 6543.0], [2918.75, 500.0], [2918.5, 2081.0], [2918.25, 6971.0], [2917.25, 6298.0], [2917.0, 21098.0], [2916.75, 500.0], [2916.25, 1655.0], [2916.0, 15191.0], [2915.75, 30000.0], [2915.5, 100.0], [2914.5, 19212.0], [2913.0, 90000.0], [2912.5, 40400.0], [2910.75, 38110.0]], "asks": [[2922.5, 1189.0], [2923.0, 600.0], [2923.25, 806.0], [2923.5, 1456.0], [2925.25, 3313.0], [2925.5, 8817.0], [2925.75, 5167.0], [2926.0, 2426.0], [2926.25, 11750.0], [2926.5, 18871.0], [2927.0, 18271.0], [2927.25, 17066.0], [2927.5, 90000.0], [2930.25, 40400.0], [2930.75, 37446.0], [2932.75, 100.0], [2933.75, 38490.0], [2934.0, 180000.0], [2935.25, 37535.0], [2936.25, 40000.0]]}}}
{"jsonrpc": "2.0", "method": "subscription", "params": {"channel": "book.ETH-2JAN26.none.20.100ms", "data": {"timestamp": 1766658466308, "change_id": 102722541533, "instrument_name": "ETH-2JAN26", "bids": [[2921.25, 1152.0], [2921.0, 4030.0], [2920.75, 6995.0], [2919.75, 2671.0], [2919.5, 6337.0], [2918.75, 500.0], [2918.5, 2081.0], [2918.25, 6971.0], [2917.5, 1861.0], [2917.25, 12534.0], [2917.0, 21098.0], [2916.75, 500.0], [2916.0, 8955.0], [2915.75, 30000.0], [2915.5, 100.0], [2914.5, 19212.0], [2913.0, 90000.0], [2912.5, 40400.0], [2910.75, 38110.0], [2910.5, 38562.0]], "asks": [[2922.5, 1189.0], [2923.0, 600.0], [2923.25, 806.0], [2923.5, 1456.0], [2925.25, 3313.0], [2925.5, 8817.0], [2925.75, 5167.0], [2926.0, 2426.0], [2926.25, 11750.0], [2926.5, 18871.0], [2927.0, 18271.0], [2927.25, 17066.0], [2927.5, 90000.0], [2930.25, 40400.0], [2930.75, 37446.0], [2932.75, 100.0], [2933.75, 38490.0], [2934.0, 180000.0], [2935.25, 37535.0], [2936.25, 40000.0]]}}}
{"jsonrpc": "2.0", "method": "subscription", "params": {"channel": "book.ETH-2JAN26.none.20.100ms", "data": {"timestamp": 1766658466677, "change_id": 102722541865, "instrument_name": "ETH-2JAN26", "bids": [[2921.25, 1152.0], [2921.0, 4030.0], [2920.75, 6995.0], [2919.75, 2671.0], [2919.5, 6337.0], [2918.75, 500.0], [2918.5, 2081.0], [2918.25, 6971.0], [2917.5, 1861.0], [2917.25, 12534.0], [2917.0, 21098.0], [2916.75, 500.0], [2916.0, 8955.0], [2915.75, 30000.0], [2915.5, 100.0], [2914.5, 19212.0], [2913.0, 90000.0], [2912.5, 40400.0], [2910.75, 38110.0], [2910.5, 38562.0]], "asks": [[2922.5, 1189.0], [2922.75, 552.0], [2923.0, 2056.0], [2923.25, 600.0], [2925.0, 206.0], [2925.25, 3313.0], [2925.5, 8817.0], [2925.75, 5167.0], [2926.0, 2426.0], [2926.25, 11750.0], [2926.5, 18871.0], [2926.75, 5454.0], [2927.0, 18271.0], [2927.25, 17066.0], [2927.5, 90000.0], [2930.25, 40400.0], [2930.75, 37446.0], [2932.75, 100.0], [2933.75, 38490.0], [2934.0, 180000.0]]}}}
{"jsonrpc": "2.0", "method": "subscription", "params": {"channel": "book.ETH-2JAN26.none.20.100ms", "data": {"timestamp": 1766658467433, "change_id": 102722542658, "instrument_name": "ETH-2JAN26", "bids": [[2921.25, 1152.0], [2921.0, 4030.0], [2920.75, 6995.0], [2920.0, 6337.0], [2919.75, 600.0], [2918.75, 500.0], [2918.5, 2081.0], [2918.25, 6971.0], [2917.5, 6236.0], [2917.25, 6298.0], [2917.0, 21098.0], [2916.75, 500.0], [2916.0, 8955.0], [2915.75, 30000.0], [2915.5, 100.0], [2914.5, 19212.0], [2913.0, 90000.0], [2912.5, 40400.0], [2910.75, 38110.0], [2910.5, 38562.0]], "asks": [[2922.5, 1189.0], [2922.75, 806.0], [2923.0, 1250.0], [2924.75, 600.0], [2925.0, 206.0], [2925.25, 3313.0], [2925.5, 8817.0], [2925.75, 5167.0], [2926.0, 2426.0], [2926.25, 11750.0], [2926.5, 18871.0], [2926.75, 5454.0], [2927.0, 18271.0], [2927.25, 17066.0], [2927.5, 90000.0], [2930.25, 40400.0], [2930.75, 37446.0], [2932.75, 100.0], [2933.75, 38490.0], [2934.0, 180000.0]]}}}
{"jsonrpc": "2.0", "method": "subscription", "params": {"channel": "book.ETH-2JAN26.none.20.100ms", "data": {"timestamp": 1766658467728, "change_id": 102722542958, "instrument_name": "ETH-2JAN26", "bids": [[2921.25, 1152.0], [2921.0, 4030.0], [2920.75, 6995.0], [2920.25, 1892.0], [2920.0, 6337.0], [2919.75, 600.0], [2918.75, 500.0], [2918.5, 2081.0], [2918.25, 6971.0], [2917.75, 3225.0], [2917.5, 10803.0], [2917.25, 6298.0], [2917.0, 21098.0], [2916.75, 500.0], [2916.0, 8955.0], [2915.75, 30000.0], [2915.5, 100.0], [2914.5, 19212.0], [2913.25, 18271.0], [2913.0, 90000.0]], "asks": [[2922.25, 800.0], [2922.5, 1189.0], [2922.75, 806.0], [2923.0, 1250.0], [2924.75, 600.0], [2925.0, 206.0], [2925.25, 3313.0], [2925.5, 8817.0], [2925.75, 5167.0], [2926.0, 2426.0], [2926.25, 11750.0], [2926.5, 18871.0], [2926.75, 5454.0], [2927.0, 18271.0], [2927.25, 17066.0], [2927.5, 90000.0], [2930.25, 40400.0], [2930.75, 37446.0], [2932.75, 100.0], [2933.75, 38490.0]]}}}
{"jsonrpc": "2.0", "method": "subscription", "params": {"channel": "book.ETH-2JAN26.none.20.100ms", "data": {"timestamp": 1766658467867, "change_id": 102722543030, "instrument_name": "ETH-2JAN26", "bids": [[2921.25, 1152.0], [2921.0, 4030.0], [2920.75, 6995.0], [2920.25, 1892.0], [2920.0, 6337.0], [2919.75, 600.0], [2918.75, 500.0], [2918.5, 2081.0], [2918.25, 6971.0], [2917.75, 3225.0], [2917.5, 10803.0], [2917.25, 6298.0], [2917.0, 21098.0], [2916.75, 500.0], [2916.0, 8955.0], [2915.75, 30000.0], [2915.5, 100.0], [2914.5, 19212.0], [2913.25, 18271.0], [2913.0, 90000.0]], "asks": [[2922.25, 800.0], [2922.5, 1741.0], [2922.75, 2056.0], [2924.75, 600.0], [2925.0, 206.0], [2925.25, 3313.0], [2925.5, 8817.0], [2925.75, 5167.0], [2926.0, 2426.0], [2926.25, 11750.0], [2926.5, 18871.0], [2926.75, 5454.0], [2927.0, 18271.0], [2927.25, 17066.0], [2927.5, 90000.0], [2930.25, 40400.0], [2930.75, 37446.0], [2932.75, 100.0], [2933.75, 38490.0], [2934.0, 180000.0]]}}}
{"jsonrpc": "2.0", "method": "subscription", "params": {"channel": "book.ETH-2JAN26.none.20.100ms", "data": {"timestamp": 1766658468286, "change_id": 102722543734, "instrument_name": "ETH-2JAN26", "bids": [[2921.25, 2056.0], [2921.0, 2780.0], [2920.75, 6995.0], [2920.25, 1892.0], [2920.0, 6337.0], [2918.75, 500.0], [2918.5, 2081.0], [2918.25, 6971.0], [2917.75, 3225.0], [2917.5, 10803.0], [2917.25, 6298.0], [2917.0, 21098.0], [2916.75, 500.0], [2916.0, 8955.0], [2915.75, 30000.0], [2915.5, 100.0], [2914.5, 19212.0], [2913.25, 18271.0], [2913.0, 90000.0], [2912.5, 40400.0]], "asks": [[2922.25, 800.0], [2922.5, 1395.0], [2922.75, 1456.0], [2924.75, 600.0], [2925.0, 206.0], [2925.25, 3313.0], [2925.5, 8817.0], [2925.75, 5167.0], [2926.0, 2426.0], [2926.25, 11750.0], [2926.5, 18871.0], [2926.75, 5454.0], [2927.0, 18271.0], [2927.25, 17066.0], [2927.5, 90000.0], [2930.25, 40400.0], [2930.75, 37446.0], [2932.75, 100.0], [2933.75, 38490.0], [2934.0, 180000.0]]}}}
{"jsonrpc": "2.0", "method": "subscription", "params": {"channel": "book.ETH-2JAN26.none.20.100ms", "data": {"timestamp": 1766658468545, "change_id": 102722543901, "instrument_name": "ETH-2JAN26", "bids": [[2921.5, 1850.0], [2921.25, 806.0], [2921.0, 600.0], [2920.75, 72.0], [2920.25, 1892.0], [2920.0, 6337.0], [2918.75, 500.0], [2918.5, 2081.0], [2918.25, 6971.0], [2917.75, 3225.0], [2917.5, 10803.0], [2917.25, 6298.0], [2917.0, 21098.0], [2916.75, 500.0], [2916.0, 8955.0], [2915.75, 30000.0], [2915.5, 100.0], [2914.5, 19212.0], [2913.25, 18271.0], [2913.0, 90000.0]], "asks": [[2922.25, 800.0], [2922.5, 1395.0], [2922.75, 1456.0], [2924.75, 600.0], [2925.0, 206.0], [2925.25, 3313.0], [2925.5, 8817.0], [2925.75, 5167.0], [2926.0, 2426.0], [2926.25, 11750.0], [2926.5, 18871.0], [2926.75, 5454.0], [2927.0, 18271.0], [2927.25, 17066.0], [2927.5, 90000.0], [2930.25, 40400.0], [2930.75, 37446.0], [2932.75, 100.0], [2933.75, 38490.0], [2934.0, 180000.0]]}}}
{"jsonrpc": "2.0", "method": "subscription", "params": {"channel": "book.ETH-2JAN26.none.20.100ms", "data": {"timestamp": 1766658468896, "change_id": 102722544141, "instrument_name": "ETH-2JAN26", "bids": [[2921.5, 1850.0], [2921.25, 806.0], [2921.0, 2627.0], [2920.75, 6789.0], [2920.25, 1892.0], [2920.0, 6337.0], [2918.75, 500.0], [2918.5, 2081.0], [2918.25, 6971.0], [2917.75, 3225.0], [2917.5, 10803.0], [2917.25, 6298.0], [2917.0, 21098.0], [2916.75, 500.0], [2916.0, 8955.0], [2915.75, 30000.0], [2915.5, 100.0], [2914.5, 19212.0], [2913.25, 18271.0], [2913.0, 90000.0]], "asks": [[2922.25, 800.0], [2922.5, 1395.0], [2922.75, 1456.0], [2924.75, 600.0], [2925.0, 206.0], [2925.25, 3313.0], [2925.5, 8817.0], [2925.75, 5167.0], [2926.0, 2426.0], [2926.25, 11750.0], [2926.5, 18871.0], [2926.75, 5454.0], [2927.0, 18271.0], [2927.25, 17066.0], [2927.5, 90000.0], [2930.25, 40400.0], [2930.75, 37446.0], [2932.75, 100.0], [2933.75, 38490.0], [2934.0, 180000.0]]}}}
{"jsonrpc": "2.0", "method": "subscription", "params": {"channel": "book.ETH-2JAN26.none.20.100ms", "data": {"timestamp": 1766658469108, "change_id": 102722544333, "instrument_name": "ETH-2JAN26", "bids": [[2921.5, 1850.0], [2921.25, 806.0], [2921.0, 2627.0], [2920.75, 6789.0], [2920.25, 1892.0], [2920.0, 6337.0], [2918.75, 500.0], [2918.5, 2081.0], [2918.25, 6971.0], [2917.75, 3225.0], [2917.5, 10803.0], [2917.25, 6298.0], [2917.0, 21098.0], [2916.75, 500.0], [2916.0, 8955.0], [2915.75, 30000.0], [2915.5, 100.0], [2914.5, 19212.0], [2913.25, 18271.0], [2913.0, 90000.0]], "asks": [[2922.25, 1389.0], [2922.5, 806.0], [2922.75, 1456.0], [2924.75, 600.0], [2925.0, 206.0], [2925.25, 3313.0], [2925.5, 8817.0], [2925.75, 5167.0], [2926.0, 2426.0], [2926.25, 11750.0], [2926.5, 18871.0], [2926.75, 5454.0], [2927.0, 18271.0], [2927.25, 17066.0], [2927.5, 90000.0], [2930.25, 40400.0], [2930.75, 37446.0], [2932.75, 100.0], [2933.75, 38490.0], [2934.0, 180000.0]]}}}
{"jsonrpc": "2.0", "method": "subscription", "params": {"channel": "book.ETH-2JAN26.none.20.100ms", "data": {"timestamp": 1766658472338, "change_id": 102722547605, "instrument_name": "ETH-2JAN26", "bids": [[2921.5, 1850.0], [2921.25, 806.0], [2921.0, 2627.0], [2920.75, 6789.0], [2920.5, 1892.0], [2920.25, 6337.0], [2918.75, 500.0], [2918.5, 2081.0], [2918.25, 6971.0], [2917.75, 7573.0], [2917.5, 4567.0], [2917.25, 6298.0], [2917.0, 21098.0], [2916.75, 500.0], [2916.0, 8955.0], [2915.75, 30000.0], [2915.5, 100.0], [2914.5, 19212.0], [2913.25, 18271.0], [2913.0, 90000.0]], "asks": [[2922.25, 1389.0], [2922.5, 806.0], [2922.75, 1456.0], [2924.75, 600.0], [2925.0, 206.0], [2925.25, 3313.0], [2925.5, 8817.0], [2925.75, 5167.0], [2926.0, 2426.0], [2926.25, 11750.0], [2926.5, 18871.0], [2926.75, 5454.0], [2927.0, 18271.0], [2927.25, 17066.0], [2927.5, 90000.0], [2930.25, 40400.0], [2930.75, 37446.0], [2932.75, 100.0], [2933.5, 73087.0], [2933.75, 38490.0]]}}}
{"jsonrpc": "2.0", "method": "subscription", "params": {"channel": "book.ETH-2JAN26.none.20.100ms", "data": {"timestamp": 1766658473056, "change_id": 102722547996, "instrument_name": "ETH-2JAN26", "bids": [[2921.5, 1850.0], [2921.25, 806.0], [2921.0, 2627.0], [2920.75, 6789.0], [2920.5, 1892.0], [2920.25, 6337.0], [2918.75, 500.0], [2918.5, 2081.0], [2918.25, 6971.0], [2918.0, 1141.0], [2917.75, 7573.0], [2917.5, 4567.0], [2917.25, 6298.0], [2917.0, 21098.0], [2916.75, 500.0], [2916.0, 8955.0], [2915.75, 30000.0], [2915.5, 100.0], [2914.5, 19212.0], [2913.25, 18271.0]], "asks": [[2922.25, 1389.0], [2922.5, 806.0], [2922.75, 1456.0], [2924.75, 600.0], [2925.0, 206.0], [2925.25, 3313.0], [2925.5, 8817.0], [2925.75, 5167.0], [2926.0, 2426.0], [2926.25, 11750.0], [2926.5, 18871.0], [2926.75, 5454.0], [2927.0, 18271.0], [2927.25, 17066.0], [2927.5, 90000.0], [2930.25, 40400.0], [2930.75, 37446.0], [2932.75, 100.0], [2933.5, 73087.0], [2933.75, 38490.0]]}}}
{"jsonrpc": "2.0", "method": "subscription", "params": {"channel": "book.ETH-2JAN26.none.20.100ms", "data": {"timestamp": 1766658473248, "change_id": 102722548426, "instrument_name": "ETH-2JAN26", "bids": [[2921.5, 1850.0], [2921.25, 806.0], [2921.0, 2627.0], [2920.75, 6789.0], [2920.5, 1892.0], [2920.25, 6337.0], [2918.75, 500.0], [2918.5, 2081.0], [2918.25, 6971.0], [2918.0, 1141.0], [2917.75, 7573.0], [2917.5, 4567.0], [2917.25, 6298.0], [2917.0, 21098.0], [2916.75, 500.0], [2916.0, 8955.0], [2915.75, 30000.0], [2915.5, 100.0], [2914.5, 19212.0], [2913.25, 18271.0]], "asks": [[2922.25, 1389.0], [2922.5, 806.0], [2922.75, 1456.0], [2924.75, 600.0], [2925.0, 206.0], [2925.25, 3313.0], [2925.5, 8817.0], [2925.75, 5167.0], [2926.0, 2426.0], [2926.25, 11750.0], [2926.5, 18871.0], [2926.75, 5454.0], [2927.0, 18271.0], [2927.25, 17066.0], [2927.5, 90000.0], [2930.25, 40400.0], [2930.75, 37446.0], [2932.75, 100.0], [2933.5, 73087.0], [2933.75, 38490.0]]}}}
{"jsonrpc": "2.0", "method": "subscription", "params": {"channel": "book.ETH-2JAN26.none.20.100ms", "data": {"timestamp": 1766658473633, "change_id": 102722548769, "instrument_name": "ETH-2JAN26", "bids": [[2921.5, 1850.0], [2921.25, 806.0], [2921.0, 2627.0], [2920.75, 6789.0], [2920.5, 1892.0], [2920.25, 6337.0], [2918.75, 500.0], [2918.5, 2081.0], [2918.25, 6971.0], [2918.0, 3002.0], [2917.75, 7573.0], [2917.5, 4567.0], [2917.25, 6298.0], [2917.0, 21098.0], [2916.75, 500.0], [2916.25, 18271.0], [2916.0, 8955.0], [2915.75, 30000.0], [2915.5, 100.0], [2914.5, 19212.0]], "asks": [[2922.25, 1389.0], [2922.5, 806.0], [2922.75, 1456.0], [2924.75, 600.0], [2925.0, 206.0], [2925.25, 3313.0], [2925.5, 8817.0], [2925.75, 5167.0], [2926.0, 2426.0], [2926.25, 11750.0], [2926.5, 18871.0], [2926.75, 5454.0], [2927.0, 18271.0], [2927.25, 17066.0], [2927.5, 90000.0], [2930.25, 40400.0], [2930.75, 37446.0], [2932.75, 100.0], [2933.5, 73087.0], [2933.75, 38490.0]]}}}
{"jsonrpc": "2.0", "method": "subscription", "params": {"channel": "book.ETH-2JAN26.none.20.100ms", "data": {"timestamp": 1766658475207, "change_id": 102722550152, "instrument_name": "ETH-2JAN26", "bids": [[2921.5, 1850.0], [2921.25, 806.0], [2921.0, 2627.0], [2920.75, 6789.0], [2919.0, 6337.0], [2918.75, 500.0], [2918.5, 2081.0], [2918.25, 7177.0], [2918.0, 7377.0], [2917.75, 1337.0], [2917.5, 4567.0], [2917.25, 6298.0], [2917.0, 21098.0], [2916.75, 500.0], [2916.5, 5454.0], [2916.25, 18271.0], [2916.0, 8955.0], [2915.75, 30000.0], [2915.5, 100.0], [2914.5, 19212.0]], "asks": [[2922.25, 1389.0], [2922.5, 806.0], [2922.75, 1456.0], [2924.75, 600.0], [2925.0, 206.0], [2925.25, 3313.0], [2925.5, 8817.0], [2925.75, 5167.0], [2926.0, 2426.0], [2926.25, 11750.0], [2926.5, 18871.0], [2926.75, 5454.0], [2927.0, 18271.0], [2927.25, 17066.0], [2927.5, 90000.0], [2930.25, 40400.0], [2930.75, 37446.0], [2932.75, 100.0], [2933.5, 73087.0], [2933.75, 38490.0]]}}}
{"jsonrpc": "2.0", "method": "subscription", "params": {"channel": "book.ETH-2JAN26.none.20.100ms", "data": {"timestamp": 1766658477710, "change_id": 102722552571, "instrument_name": "ETH-2JAN26", "bids": [[2921.5, 1850.0], [2921.25, 806.0], [2921.0, 2627.0], [2920.75, 6789.0], [2919.25, 1892.0], [2919.0, 6337.0], [2918.75, 1641.0], [2918.5, 2081.0], [2918.25, 7177.0], [2918.0, 6236.0], [2917.75, 1337.0], [2917.5, 4567.0], [2917.25, 6298.0], [2917.0, 21098.0], [2916.75, 500.0], [2916.5, 5454.0], [2916.25, 18271.0], [2916.0, 8955.0], [2915.75, 30000.0], [2915.5, 100.0]], "asks": [[2922.25, 1389.0], [2922.5, 806.0], [2922.75, 1456.0], [2924.75, 600.0], [2925.0, 206.0], [2925.25, 3313.0], [2925.5, 8817.0], [2925.75, 5167.0], [2926.0, 2426.0], [2926.25, 11750.0], [2926.5, 18871.0], [2926.75, 5454.0], [2927.0, 18271.0], [2927.25, 17066.0], [2927.5, 90000.0], [2930.25, 40400.0], [2930.75, 37446.0], [2932.75, 100.0], [2933.5, 73087.0], [2933.75, 38490.0]]}}}
{"jsonrpc": "2.0", "method": "subscription", "params": {"channel": "book.ETH-2JAN26.none.20.100ms", "data": {"timestamp": 1766658478207, "change_id": 102722553040, "instrument_name": "ETH-2JAN26", "bids": [[2921.5, 1850.0], [2921.25, 806.0], [2921.0, 2627.0], [2920.75, 6789.0], [2920.25, 6337.0], [2918.75, 1641.0], [2918.5, 2081.0], [2918.25, 7177.0], [2918.0, 6236.0], [2917.75, 1337.0], [2917.5, 4567.0], [2917.25, 6298.0], [2917.0, 21098.0], [2916.75, 500.0], [2916.5, 5454.0], [2916.25, 18271.0], [2915.5, 100.0], [2914.5, 19212.0], [2912.5, 40400.0], [2911.0, 73087.0]], "asks": [[2922.25, 1389.0], [2922.5, 806.0], [2922.75, 1456.0], [2924.75, 600.0], [2925.0, 206.0], [2925.25, 3313.0], [2925.5, 8817.0], [2925.75, 5167.0], [2926.0, 2426.0], [2926.25, 11750.0], [2926.5, 18871.0], [2926.75, 5454.0], [2927.0, 18271.0], [2930.25, 40400.0], [2930.75, 37446.0], [2932.75, 100.0], [2933.5, 73087.0], [2933.75, 38490.0], [2935.25, 37535.0], [2936.25, 40000.0]]}}}
{"jsonrpc": "2.0", "method": "subscription", "params": {"channel": "book.ETH-2JAN26.none.20.100ms", "data": {"timestamp": 1766658479682, "change_id": 102722554602, "instrument_name": "ETH-2JAN26", "bids": [[2921.5, 1850.0], [2921.25, 806.0], [2921.0, 2627.0], [2920.75, 6789.0], [2920.5, 1892.0], [2920.25, 6337.0], [2919.0, 490.0], [2918.75, 1641.0], [2918.5, 2081.0], [2918.25, 7177.0], [2918.0, 6236.0], [2917.75, 1337.0], [2917.5, 4567.0], [2917.25, 6298.0], [2917.0, 21098.0], [2916.75, 500.0], [2916.5, 5454.0], [2916.25, 18271.0], [2915.5, 100.0], [2914.5, 19212.0]], "asks": [[2922.25, 589.0], [2922.5, 806.0], [2922.75, 1456.0], [2924.75, 600.0], [2925.0, 206.0], [2925.25, 1347.0], [2925.5, 1542.0], [2925.75, 5167.0], [2926.0, 4289.0], [2926.25, 18775.0], [2926.5, 18871.0], [2926.75, 5454.0], [2927.0, 18271.0], [2930.25, 40400.0], [2930.75, 37446.0], [2932.75, 100.0], [2933.5, 73087.0], [2933.75, 38490.0], [2935.25, 37535.0], [2936.25, 40000.0]]}}}
{"jsonrpc": "2.0", "method": "subscription", "params": {"channel": "book.ETH-2JAN26.none.20.100ms", "data": {"timestamp": 1766658479992, "change_id": 102722554729, "instrument_name": "ETH-2JAN26", "bids": [[2921.5, 1850.0], [2921.25, 806.0], [2921.0, 2627.0], [2920.75, 6789.0], [2920.5, 1892.0], [2920.25, 6337.0], [2919.0, 490.0], [2918.75, 1641.0], [2918.5, 2081.0], [2918.25, 7177.0], [2918.0, 6236.0], [2917.75, 1337.0], [2917.5, 4567.0], [2917.25, 6298.0], [2917.0, 21098.0], [2916.75, 500.0], [2916.5, 5454.0], [2916.25, 18271.0], [2915.5, 100.0], [2914.5, 19212.0]], "asks": [[2922.25, 589.0], [2922.5, 806.0], [2922.75, 1456.0], [2924.5, 2259.0], [2924.75, 7567.0], [2925.0, 206.0], [2925.25, 1347.0], [2925.5, 1542.0], [2925.75, 5167.0], [2926.0, 2426.0], [2926.25, 11750.0], [2926.5, 18871.0], [2926.75, 5454.0], [2927.0, 18271.0], [2930.25, 40400.0], [2930.75, 37446.0], [2932.75, 100.0], [2933.5, 73087.0], [2933.75, 38490.0], [2935.25, 37535.0]]}}}
{"jsonrpc": "2.0", "method": "subscription", "params": {"channel": "book.ETH-2JAN26.none.20.100ms", "data": {"timestamp": 1766658480151, "change_id": 102722555006, "instrument_name": "ETH-2JAN26", "bids": [[2921.5, 1850.0], [2921.25, 806.0], [2921.0, 2627.0], [2920.75, 6789.0], [2920.5, 1892.0], [2920.25, 6337.0], [2919.0, 490.0], [2918.75, 1641.0], [2918.5, 2081.0], [2918.25, 7177.0], [2918.0, 6236.0], [2917.75, 1337.0], [2917.5, 4567.0], [2917.25, 6298.0], [2917.0, 21098.0], [2916.75, 500.0], [2916.5, 5454.0], [2916.25, 18271.0], [2915.5, 100.0], [2914.5, 19212.0]], "asks": [[2922.25, 589.0], [2922.5, 806.0], [2922.75, 1456.0], [2924.25, 600.0], [2924.5, 2259.0], [2924.75, 7567.0], [2925.0, 206.0], [2925.25, 1347.0], [2925.5, 1542.0], [2925.75, 5167.0], [2926.0, 2426.0], [2926.25, 11750.0], [2926.5, 18871.0], [2926.75, 5454.0], [2927.0, 18271.0], [2930.25, 40400.0], [2930.75, 37446.0], [2932.75, 100.0], [2933.5, 73087.0], [2933.75, 38490.0]]}}}
{"jsonrpc": "2.0", "method": "subscription", "params": {"channel": "book.ETH-2JAN26.none.20.100ms", "data": {"timestamp": 1766658481210, "change_id": 102722555997, "instrument_name": "ETH-2JAN26", "bids": [[2921.5, 1850.0], [2921.25, 806.0], [2921.0, 2627.0], [2920.75, 6789.0], [2919.5, 1892.0], [2919.25, 6337.0], [2919.0, 490.0], [2918.75, 1641.0], [2918.5, 6648.0], [2918.25, 7177.0], [2918.0, 6236.0], [2917.75, 6646.0], [2917.5, 18271.0], [2917.25, 6298.0], [2917.0, 21098.0], [2916.75, 500.0], [2915.5, 100.0], [2914.5, 19212.0], [2912.5, 40400.0], [2911.0, 73087.0]], "asks": [[2922.25, 1189.0], [2922.5, 806.0], [2922.75, 1456.0], [2924.25, 600.0], [2924.5, 2859.0], [2924.75, 7567.0], [2925.0, 206.0], [2925.25, 1347.0], [2925.5, 1542.0], [2925.75, 5167.0], [2926.0, 1826.0], [2926.25, 11750.0], [2926.5, 18871.0], [2926.75, 5454.0], [2927.0, 18271.0], [2930.25, 40400.0], [2930.75, 37446.0], [2932.75, 100.0], [2933.5, 73087.0], [2933.75, 38490.0]]}}}
{"jsonrpc": "2.0", "method": "subscription", "params": {"channel": "book.ETH-2JAN26.none.20.100ms", "data": {"timestamp": 1766658481640, "change_id": 102722556514, "instrument_name": "ETH-2JAN26", "bids": [[2921.5, 1850.0], [2921.25, 806.0], [2921.0, 600.0], [2920.75, 72.0], [2919.5, 1892.0], [2919.25, 6337.0], [2919.0, 490.0], [2918.75, 1641.0], [2918.5, 6648.0], [2918.25, 7177.0], [2918.0, 6236.0], [2917.75, 6646.0], [2917.5, 18271.0], [2917.25, 6298.0], [2917.0, 21098.0], [2916.75, 500.0], [2915.5, 100.0], [2914.5, 19212.0], [2912.5, 40400.0], [2911.0, 73087.0]], "asks": [[2922.25, 1189.0], [2922.5, 806.0], [2922.75, 1456.0], [2924.25, 600.0], [2924.5, 2859.0], [2924.75, 7567.0], [2925.0, 206.0], [2925.25, 1347.0], [2925.5, 1542.0], [2925.75, 5167.0], [2926.0, 1826.0], [2926.25, 11750.0], [2926.5, 18871.0], [2926.75, 5454.0], [2927.0, 18271.0], [2930.25, 40400.0], [2930.75, 37446.0], [2932.75, 100.0], [2933.5, 73087.0], [2933.75, 38490.0]]}}}
{"jsonrpc": "2.0", "method": "subscription", "params": {"channel": "book.ETH-2JAN26.none.20.100ms", "data": {"timestamp": 1766658482001, "change_id": 102722556616, "instrument_name": "ETH-2JAN26", "bids": [[2921.5, 1850.0], [2921.25, 206.0], [2921.0, 7318.0], [2920.75, 72.0], [2919.75, 600.0], [2919.5, 1892.0], [2919.25, 6337.0], [2919.0, 490.0], [2918.75, 1641.0], [2918.5, 6648.0], [2918.25, 7177.0], [2918.0, 6236.0], [2917.75, 6646.0], [2917.5, 18271.0], [2917.25, 6298.0], [2917.0, 21098.0], [2916.75, 500.0], [2915.5, 100.0], [2914.5, 19212.0], [2912.5, 40400.0]], "asks": [[2922.25, 1189.0], [2922.5, 806.0], [2922.75, 1456.0], [2924.25, 600.0], [2924.5, 2859.0], [2924.75, 7567.0], [2925.0, 206.0], [2925.25, 1347.0], [2925.5, 1542.0], [2925.75, 5167.0], [2926.0, 1826.0], [2926.25, 11750.0], [2926.5, 18871.0], [2926.75, 5454.0], [2927.0, 18271.0], [2930.25, 40400.0], [2930.75, 37446.0], [2932.75, 100.0], [2933.5, 73087.0], [2933.75, 38490.0]]}}}
{"jsonrpc": "2.0", "method": "subscription", "params": {"channel": "book.ETH-2JAN26.none.20.100ms", "data": {"timestamp": 1766658482131, "change_id": 102722556856, "instrument_name": "ETH-2JAN26", "bids": [[2921.5, 1850.0], [2921.25, 2553.0], [2921.0, 7318.0], [2920.75, 72.0], [2919.75, 600.0], [2919.5, 1892.0], [2919.25, 6337.0], [2919.0, 490.0], [2918.75, 3004.0], [2918.5, 6648.0], [2918.25, 7177.0], [2918.0, 6236.0], [2917.75, 6646.0], [2917.5, 18271.0], [2917.25, 6298.0], [2917.0, 21098.0], [2916.75, 500.0], [2915.5, 100.0], [2914.5, 19212.0], [2912.5, 40400.0]], "asks": [[2922.25, 1189.0], [2922.5, 806.0], [2922.75, 1456.0], [2924.25, 600.0], [2924.5, 2859.0], [2924.75, 7567.0], [2925.0, 206.0], [2925.25, 1347.0], [2925.5, 1542.0], [2925.75, 5167.0], [2926.0, 1826.0], [2926.25, 11750.0], [2926.5, 18871.0], [2926.75, 5454.0], [2927.0, 18271.0], [2930.25, 40400.0], [2930.75, 37446.0], [2932.75, 100.0], [2933.5, 73087.0], [2933.75, 38490.0]]}}}
