{"jsonrpc": "2.0", "method": "subscription", "params": {"channel": "book.ETH-21MAR25.none.20.100ms", "data": {"timestamp": 1741569645647, "change_id": 61594599269, "instrument_name": "ETH-21MAR25", "bids": [[2034.75, 8255.0], [2034.5, 19230.0], [2034.25, 5750.0], [2034.0, 12498.0], [2033.75, 3863.0], [2033.5, 3819.0], [2033.25, 4044.0], [2033.0, 9407.0], [2032.75, 16436.0], [2032.0, 1246.0], [2031.0, 1260.0], [2030.75, 1219.0], [2030.5, 91222.0], [2030.25, 1224.0], [2030.0, 24020.0], [2029.75, 500.0], [2029.5, 1219.0], [2029.25, 2682.0], [2029.0, 47558.0], [2028.75, 1239.0]], "asks": [[2035.25, 5025.0], [2035.5, 12980.0], [2035.75, 1752.0], [2036.0, 1219.0], [2036.25, 23870.0], [2036.5, 1222.0], [2036.75, 12989.0], [2037.0, 1227.0], [2037.25, 3822.0], [2037.5, 1222.0], [2038.0, 23326.0], [2038.75, 47102.0], [2039.0, 1219.0], [2039.25, 1246.0], [2039.75, 1746.0], [2040.25, 1246.0], [2040.5, 45788.0], [2040.75, 1228.0], [2041.0, 1239.0], [2041.25, 1241.0]]}}}
{"jsonrpc": "2.0", "method": "subscription", "params": {"channel": "book.ETH-21MAR25.none.20.100ms", "data": {"timestamp": 1741569645896, "change_id": 61594599597, "instrument_name": "ETH-21MAR25", "bids": [[2034.75, 2600.0], [2034.5, 20315.0], [2034.25, 9645.0], [2034.0, 12378.0], [2033.75, 5009.0], [2033.5, 4186.0], [2033.25, 4044.0], [2033.0, 14287.0], [2032.75, 16436.0], [2032.25, 374.0], [2032.0, 1246.0], [2031.25, 378.0], [2031.0, 1626.0], [2030.75, 28535.0], [2030.5, 91589.0], [2030.25, 8430.0], [2030.0, 24020.0], [2029.75, 500.0], [2029.5, 1219.0], [2029.25, 2682.0]], "asks": [[2035.25, 11441.0], [2035.5, 13868.0], [2035.75, 4232.0], [2036.0, 8380.0], [2036.25, 24237.0], [2036.5, 5068.0], [2036.75, 13357.0], [2037.0, 2374.0], [2037.25, 4189.0], [2037.5, 1222.0], [2037.75, 6998.0], [2038.0, 23326.0], [2038.5, 14131.0], [2038.75, 47468.0], [2039.0, 1593.0], [2039.25, 1246.0], [2039.75, 1746.0], [2040.25, 1246.0], [2040.5, 45788.0], [2040.75, 1228.0]]}}}
{"jsonrpc": "2.0", "method": "subscription", "params": {"channel": "book.ETH-14MAR25.none.20.100ms", "data": {"timestamp": 1741569645922, "change_id": 61594599692, "instrument_name": "ETH-14MAR25", "bids": [[2033.5, 11791.0], [2033.25, 37893.0], [2033.0, 29606.0], [2032.75, 5080.0], [2032.5, 10237.0], [2032.25, 1921.0], [2032.0, 1921.0], [2031.75, 1921.0], [2031.5, 1893.0], [2031.25, 1953.0], [2031.0, 3403.0], [2030.75, 6646.0], [2030.5, 28940.0], [2030.25, 91945.0], [2030.0, 1942.0], [2029.75, 1942.0], [2029.5, 1466.0], [2029.25, 26392.0], [2029.0, 1473.0], [2028.75, 3461.0]], "asks": [[2034.0, 3450.0], [2034.25, 13023.0], [2034.5, 9972.0], [2034.75, 16243.0], [2035.0, 3321.0], [2035.25, 9132.0], [2035.5, 26304.0], [2035.75, 4917.0], [2036.0, 9613.0], [2036.25, 1072.0], [2036.5, 1921.0], [2036.75, 9635.0], [2037.0, 27193.0], [2037.5, 418.0], [2037.75, 1895.0], [2038.0, 1935.0], [2038.25, 18721.0], [2038.5, 57668.0], [2039.0, 1477.0], [2039.25, 68468.0]]}}}
{"jsonrpc": "2.0", "method": "subscription", "params": {"channel": "book.ETH-21MAR25.none.20.100ms", "data": {"timestamp": 1741569646285, "change_id": 61594600084, "instrument_name": "ETH-21MAR25", "bids": [[2034.75, 2600.0], [2034.5, 19230.0], [2034.25, 5870.0], [2034.0, 16153.0], [2033.75, 5009.0], [2033.5, 4186.0], [2033.25, 4044.0], [2033.0, 14287.0], [2032.75, 16436.0], [2032.25, 374.0], [2032.0, 1246.0], [2031.25, 378.0], [2031.0, 1626.0], [2030.75, 28535.0], [2030.5, 91589.0], [2030.25, 8430.0], [2030.0, 24020.0], [2029.75, 500.0], [2029.5, 1219.0], [2029.25, 2682.0]], "asks": [[2035.25, 8841.0], [2035.5, 13868.0], [2035.75, 4232.0], [2036.0, 8380.0], [2036.25, 24237.0], [2036.5, 5068.0], [2036.75, 13357.0], [2037.0, 2374.0], [2037.25, 4189.0], [2037.5, 1222.0], [2037.75, 6998.0], [2038.0, 23326.0], [2038.5, 14131.0], [2038.75, 47468.0], [2039.0, 10546.0], [2039.25, 31246.0], [2039.75, 1746.0], [2040.25, 1246.0], [2040.5, 45788.0], [2040.75, 1228.0]]}}}
{"jsonrpc": "2.0", "method": "subscription", "params": {"channel": "book.ETH-14MAR25.none.20.100ms", "data": {"timestamp": 1741569646314, "change_id": 61594600156, "instrument_name": "ETH-14MAR25", "bids": [[2033.5, 10291.0], [2033.25, 37893.0], [2033.0, 29606.0], [2032.75, 5080.0], [2032.5, 10237.0], [2032.25, 1921.0], [2032.0, 1921.0], [2031.75, 1921.0], [2031.5, 1893.0], [2031.25, 1953.0], [2031.0, 3403.0], [2030.75, 6646.0], [2030.5, 28940.0], [2030.25, 91945.0], [2030.0, 1942.0], [2029.75, 1942.0], [2029.5, 1466.0], [2029.25, 26392.0], [2029.0, 1473.0], [2028.75, 3461.0]], "asks": [[2034.0, 4039.0], [2034.25, 13023.0], [2034.5, 9972.0], [2034.75, 16243.0], [2035.0, 3321.0], [2035.25, 9132.0], [2035.5, 26304.0], [2035.75, 4917.0], [2036.0, 9613.0], [2036.25, 1072.0], [2036.5, 1921.0], [2036.75, 9635.0], [2037.0, 27432.0], [2037.25, 796.0], [2037.5, 418.0], [2037.75, 1895.0], [2038.0, 1935.0], [2038.25, 18721.0], [2038.5, 57668.0], [2039.0, 1477.0]]}}}
{"jsonrpc": "2.0", "method": "subscription", "params": {"channel": "book.ETH-14MAR25.none.20.100ms", "data": {"timestamp": 1741569646638, "change_id": 61594601047, "instrument_name": "ETH-14MAR25", "bids": [[2033.0, 5694.0], [2032.75, 26168.0], [2032.5, 20473.0], [2032.25, 1503.0], [2032.0, 1503.0], [2031.75, 1503.0], [2031.5, 1475.0], [2031.25, 1535.0], [2031.0, 1535.0], [2030.75, 6228.0], [2030.5, 1534.0], [2030.25, 91527.0], [2030.0, 1524.0], [2029.75, 1524.0], [2029.5, 1466.0], [2029.25, 26392.0], [2029.0, 1473.0], [2028.75, 3461.0], [2028.5, 67328.0], [2027.5, 1503.0]], "asks": [[2033.75, 2900.0], [2034.0, 16871.0], [2034.25, 13887.0], [2034.5, 1475.0], [2034.75, 2924.0], [2035.0, 28508.0], [2035.25, 1503.0], [2035.75, 2503.0], [2036.0, 9613.0], [2036.25, 654.0], [2036.5, 1503.0], [2036.75, 1477.0], [2037.0, 27193.0], [2037.75, 1477.0], [2038.0, 1517.0], [2038.25, 1473.0], [2038.5, 57668.0], [2039.0, 1477.0], [2039.25, 68468.0], [2039.5, 1485.0]]}}}
{"jsonrpc": "2.0", "method": "subscription", "params": {"channel": "book.ETH-21MAR25.none.20.100ms", "data": {"timestamp": 1741569646641, "change_id": 61594601029, "instrument_name": "ETH-21MAR25", "bids": [[2034.25, 17949.0], [2034.0, 11933.0], [2033.75, 8904.0], [2033.5, 4186.0], [2033.25, 3993.0], [2033.0, 9773.0], [2032.75, 5379.0], [2032.5, 15217.0], [2031.0, 1260.0], [2030.75, 28586.0], [2030.5, 91222.0], [2030.25, 1224.0], [2030.0, 24020.0], [2029.75, 500.0], [2029.5, 1219.0], [2029.25, 2682.0], [2029.0, 47558.0], [2028.75, 1239.0], [2028.25, 1249.0], [2028.0, 46985.0]], "asks": [[2035.0, 10631.0], [2035.25, 13708.0], [2035.5, 4246.0], [2035.75, 3866.0], [2036.0, 9309.0], [2036.25, 24870.0], [2036.5, 1222.0], [2036.75, 3822.0], [2037.0, 1969.0], [2037.25, 3822.0], [2037.5, 1222.0], [2037.75, 6593.0], [2038.0, 23326.0], [2038.5, 13726.0], [2038.75, 47102.0], [2039.0, 1593.0], [2039.25, 1246.0], [2039.75, 1746.0], [2040.25, 1246.0], [2040.5, 45788.0]]}}}
{"jsonrpc": "2.0", "method": "subscription", "params": {"channel": "book.ETH-14MAR25.none.20.100ms", "data": {"timestamp": 1741569646922, "change_id": 61594601660, "instrument_name": "ETH-14MAR25", "bids": [[2033.25, 5256.0], [2033.0, 15949.0], [2032.75, 32310.0], [2032.5, 20891.0], [2032.25, 1921.0], [2032.0, 1921.0], [2031.75, 1921.0], [2031.5, 1475.0], [2031.25, 1535.0], [2031.0, 3351.0], [2030.75, 6228.0], [2030.5, 1534.0], [2030.25, 91527.0], [2030.0, 1524.0], [2029.75, 1524.0], [2029.5, 1466.0], [2029.25, 26392.0], [2029.0, 1473.0], [2028.75, 3461.0], [2028.5, 67328.0]], "asks": [[2034.0, 15786.0], [2034.25, 17663.0], [2034.5, 1475.0], [2034.75, 2924.0], [2035.0, 28508.0], [2035.25, 1503.0], [2035.75, 2503.0], [2036.0, 9613.0], [2036.25, 654.0], [2036.5, 1503.0], [2036.75, 1477.0], [2037.0, 27193.0], [2037.75, 1477.0], [2038.0, 1517.0], [2038.25, 1473.0], [2038.5, 57668.0], [2039.0, 1477.0], [2039.25, 68468.0], [2039.5, 1485.0], [2039.75, 91486.0]]}}}
{"jsonrpc": "2.0", "method": "subscription", "params": {"channel": "book.ETH-21MAR25.none.20.100ms", "data": {"timestamp": 1741569646919, "change_id": 61594601654, "instrument_name": "ETH-21MAR25", "bids": [[2034.25, 16250.0], [2033.75, 17758.0], [2033.5, 3819.0], [2033.25, 3822.0], [2033.0, 9407.0], [2032.75, 1219.0], [2032.5, 15217.0], [2031.0, 1260.0], [2030.75, 1219.0], [2030.5, 91222.0], [2030.25, 1224.0], [2030.0, 24020.0], [2029.75, 500.0], [2029.5, 1219.0], [2029.25, 2682.0], [2029.0, 47558.0], [2028.75, 1239.0], [2028.25, 1249.0], [2028.0, 46985.0], [2027.5, 40000.0]], "asks": [[2035.0, 7745.0], [2035.25, 10000.0], [2035.5, 3866.0], [2035.75, 3866.0], [2036.0, 9309.0], [2036.25, 24870.0], [2036.5, 1222.0], [2036.75, 3822.0], [2037.0, 1227.0], [2037.25, 1222.0], [2037.5, 1222.0], [2038.0, 23326.0], [2038.75, 47102.0], [2039.0, 1219.0], [2039.25, 1246.0], [2039.75, 1746.0], [2040.25, 1246.0], [2040.5, 45788.0], [2040.75, 1228.0], [2041.0, 1239.0]]}}}
{"jsonrpc": "2.0", "method": "subscription", "params": {"channel": "book.ETH-21MAR25.none.20.100ms", "data": {"timestamp": 1741569647275, "change_id": 61594602214, "instrument_name": "ETH-21MAR25", "bids": [[2034.5, 7475.0], [2034.25, 16630.0], [2034.0, 10318.0], [2033.75, 15129.0], [2033.5, 4915.0], [2033.25, 6644.0], [2033.0, 9773.0], [2032.75, 5784.0], [2032.5, 16483.0], [2031.25, 378.0], [2031.0, 1626.0], [2030.75, 28586.0], [2030.5, 91589.0], [2030.25, 8430.0], [2030.0, 24020.0], [2029.75, 500.0], [2029.5, 1219.0], [2029.25, 2682.0], [2029.0, 47558.0], [2028.75, 1239.0]], "asks": [[2035.0, 5025.0], [2035.25, 11265.0], [2035.5, 5026.0], [2035.75, 6608.0], [2036.0, 16770.0], [2036.25, 25237.0], [2036.5, 2369.0], [2036.75, 3822.0], [2037.0, 1227.0], [2037.25, 1222.0], [2037.5, 1222.0], [2038.0, 23326.0], [2038.75, 47102.0], [2039.0, 1219.0], [2039.25, 1246.0], [2039.75, 1746.0], [2040.25, 1246.0], [2040.5, 45788.0], [2040.75, 1228.0], [2041.0, 1239.0]]}}}
{"jsonrpc": "2.0", "method": "subscription", "params": {"channel": "book.ETH-14MAR25.none.20.100ms", "data": {"timestamp": 1741569647249, "change_id": 61594602129, "instrument_name": "ETH-14MAR25", "bids": [[2033.5, 1818.0], [2033.25, 5256.0], [2033.0, 18525.0], [2032.75, 55400.0], [2032.5, 10891.0], [2032.25, 1921.0], [2032.0, 1921.0], [2031.75, 1921.0], [2031.5, 1893.0], [2031.25, 1953.0], [2031.0, 3351.0], [2030.75, 6646.0], [2030.5, 28992.0], [2030.25, 91945.0], [2030.0, 1942.0], [2029.75, 1942.0], [2029.5, 1466.0], [2029.25, 26392.0], [2029.0, 1473.0], [2028.75, 3461.0]], "asks": [[2033.75, 1.0], [2034.0, 7778.0], [2034.25, 28201.0], [2034.5, 2352.0], [2034.75, 11476.0], [2035.0, 28926.0], [2035.25, 1503.0], [2035.5, 751.0], [2035.75, 5387.0], [2036.0, 9613.0], [2036.25, 1072.0], [2036.5, 1921.0], [2036.75, 9635.0], [2037.0, 27193.0], [2037.5, 418.0], [2037.75, 1895.0], [2038.0, 1935.0], [2038.25, 18773.0], [2038.5, 57668.0], [2039.0, 1477.0]]}}}
{"jsonrpc": "2.0", "method": "subscription", "params": {"channel": "book.ETH-14MAR25.none.20.100ms", "data": {"timestamp": 1741569647617, "change_id": 61594602660, "instrument_name": "ETH-14MAR25", "bids": [[2033.5, 1818.0], [2033.25, 5256.0], [2033.0, 18525.0], [2032.75, 55400.0], [2032.5, 10891.0], [2032.25, 1921.0], [2032.0, 1921.0], [2031.75, 1921.0], [2031.5, 1893.0], [2031.25, 1953.0], [2031.0, 3351.0], [2030.75, 6646.0], [2030.5, 28992.0], [2030.25, 91945.0], [2030.0, 1942.0], [2029.75, 1942.0], [2029.5, 1466.0], [2029.25, 26392.0], [2029.0, 1473.0], [2028.75, 3461.0]], "asks": [[2033.75, 1.0], [2034.0, 9278.0], [2034.25, 28201.0], [2034.5, 2352.0], [2034.75, 11476.0], [2035.0, 28926.0], [2035.25, 1503.0], [2035.5, 751.0], [2035.75, 5387.0], [2036.0, 9613.0], [2036.25, 1072.0], [2036.5, 1921.0], [2036.75, 9635.0], [2037.0, 27193.0], [2037.5, 418.0], [2037.75, 1895.0], [2038.0, 1935.0], [2038.25, 18773.0], [2038.5, 57668.0], [2039.0, 1477.0]]}}}
{"jsonrpc": "2.0", "method": "subscription", "params": {"channel": "book.ETH-21MAR25.none.20.100ms", "data": {"timestamp": 1741569647496, "change_id": 61594602523, "instrument_name": "ETH-21MAR25", "bids": [[2034.5, 7475.0], [2034.25, 17751.0], [2034.0, 10438.0], [2033.75, 15009.0], [2033.5, 4915.0], [2033.25, 6644.0], [2033.0, 9773.0], [2032.75, 5784.0], [2032.5, 16483.0], [2031.25, 378.0], [2031.0, 1626.0], [2030.75, 28586.0], [2030.5, 91589.0], [2030.25, 8430.0], [2030.0, 24020.0], [2029.75, 500.0], [2029.5, 1219.0], [2029.25, 2682.0], [2029.0, 47558.0], [2028.75, 1239.0]], "asks": [[2035.0, 5025.0], [2035.25, 11265.0], [2035.5, 5026.0], [2035.75, 6608.0], [2036.0, 16770.0], [2036.25, 25237.0], [2036.5, 2369.0], [2036.75, 4190.0], [2037.0, 1594.0], [2037.25, 1589.0], [2037.5, 1222.0], [2037.75, 6998.0], [2038.0, 23326.0], [2038.5, 14131.0], [2038.75, 47468.0], [2039.0, 1593.0], [2039.25, 1246.0], [2039.75, 1746.0], [2040.25, 1246.0], [2040.5, 45788.0]]}}}
{"jsonrpc": "2.0", "method": "subscription", "params": {"channel": "book.ETH-21MAR25.none.20.100ms", "data": {"timestamp": 1741569647926, "change_id": 61594602973, "instrument_name": "ETH-21MAR25", "bids": [[2034.25, 17751.0], [2034.0, 9172.0], [2033.75, 15009.0], [2033.5, 4915.0], [2033.25, 6644.0], [2033.0, 9773.0], [2032.75, 5784.0], [2032.5, 16483.0], [2031.25, 378.0], [2031.0, 1626.0], [2030.75, 28586.0], [2030.5, 91589.0], [2030.25, 8430.0], [2030.0, 24020.0], [2029.75, 866.0], [2029.5, 1219.0], [2029.25, 2682.0], [2029.0, 47558.0], [2028.75, 1239.0], [2028.25, 1249.0]], "asks": [[2034.75, 2600.0], [2035.0, 5025.0], [2035.25, 11265.0], [2035.5, 5026.0], [2035.75, 6608.0], [2036.0, 16770.0], [2036.25, 25237.0], [2036.5, 2369.0], [2036.75, 4190.0], [2037.0, 1594.0], [2037.25, 1589.0], [2037.5, 1222.0], [2037.75, 6998.0], [2038.0, 23326.0], [2038.5, 14131.0], [2038.75, 47468.0], [2039.0, 1593.0], [2039.25, 1246.0], [2039.75, 1746.0], [2040.25, 1246.0]]}}}
{"jsonrpc": "2.0", "method": "subscription", "params": {"channel": "book.ETH-14MAR25.none.20.100ms", "data": {"timestamp": 1741569647966, "change_id": 61594603024, "instrument_name": "ETH-14MAR25", "bids": [[2033.5, 2604.0], [2033.25, 6656.0], [2033.0, 18525.0], [2032.75, 55400.0], [2032.5, 10891.0], [2032.25, 1921.0], [2032.0, 1921.0], [2031.75, 1921.0], [2031.5, 1893.0], [2031.25, 1953.0], [2031.0, 3351.0], [2030.75, 6646.0], [2030.5, 28992.0], [2030.25, 91945.0], [2030.0, 1942.0], [2029.75, 1942.0], [2029.5, 1466.0], [2029.25, 26392.0], [2029.0, 1473.0], [2028.75, 3461.0]], "asks": [[2034.0, 9278.0], [2034.25, 28201.0], [2034.5, 2352.0], [2034.75, 11476.0], [2035.0, 28926.0], [2035.25, 1503.0], [2035.5, 751.0], [2035.75, 5387.0], [2036.0, 9613.0], [2036.25, 1072.0], [2036.5, 1921.0], [2036.75, 9635.0], [2037.0, 27193.0], [2037.5, 418.0], [2037.75, 1895.0], [2038.0, 1935.0], [2038.25, 18773.0], [2038.5, 57668.0], [2039.0, 1477.0], [2039.25, 68468.0]]}}}
{"jsonrpc": "2.0", "method": "subscription", "params": {"channel": "book.ETH-14MAR25.none.20.100ms", "data": {"timestamp": 1741569648190, "change_id": 61594603214, "instrument_name": "ETH-14MAR25", "bids": [[2033.25, 4894.0], [2033.0, 18525.0], [2032.75, 55327.0], [2032.5, 10799.0], [2032.25, 1921.0], [2032.0, 1921.0], [2031.75, 1921.0], [2031.5, 1893.0], [2031.25, 1953.0], [2031.0, 3351.0], [2030.75, 6646.0], [2030.5, 28574.0], [2030.25, 91945.0], [2030.0, 1942.0], [2029.75, 1942.0], [2029.5, 1466.0], [2029.25, 26392.0], [2029.0, 1473.0], [2028.75, 3461.0], [2028.5, 67328.0]], "asks": [[2034.0, 9383.0], [2034.25, 28201.0], [2034.5, 2352.0], [2034.75, 11476.0], [2035.0, 28926.0], [2035.25, 1503.0], [2035.5, 751.0], [2035.75, 5387.0], [2036.0, 9613.0], [2036.25, 1072.0], [2036.5, 1921.0], [2036.75, 9635.0], [2037.0, 27193.0], [2037.5, 418.0], [2037.75, 1895.0], [2038.0, 1935.0], [2038.25, 18773.0], [2038.5, 57668.0], [2039.0, 1477.0], [2039.25, 68468.0]]}}}
{"jsonrpc": "2.0", "method": "subscription", "params": {"channel": "book.ETH-14MAR25.none.20.100ms", "data": {"timestamp": 1741569648620, "change_id": 61594603816, "instrument_name": "ETH-14MAR25", "bids": [[2033.25, 3439.0], [2033.0, 18550.0], [2032.75, 55327.0], [2032.5, 10799.0], [2032.25, 1921.0], [2032.0, 1921.0], [2031.75, 1921.0], [2031.5, 1893.0], [2031.25, 1953.0], [2031.0, 3351.0], [2030.75, 6646.0], [2030.5, 28574.0], [2030.25, 91945.0], [2030.0, 1942.0], [2029.75, 1942.0], [2029.5, 9384.0], [2029.25, 26392.0], [2029.0, 1473.0], [2028.75, 3461.0], [2028.5, 67328.0]], "asks": [[2033.75, 3788.0], [2034.0, 16587.0], [2034.25, 18201.0], [2034.5, 2352.0], [2034.75, 11476.0], [2035.0, 28926.0], [2035.25, 1503.0], [2035.5, 751.0], [2035.75, 5387.0], [2036.0, 9613.0], [2036.25, 1072.0], [2036.5, 1921.0], [2036.75, 9635.0], [2037.0, 27193.0], [2037.5, 418.0], [2037.75, 1895.0], [2038.0, 1935.0], [2038.25, 18773.0], [2038.5, 57668.0], [2039.0, 1477.0]]}}}
{"jsonrpc": "2.0", "method": "subscription", "params": {"channel": "book.ETH-21MAR25.none.20.100ms", "data": {"timestamp": 1741569648563, "change_id": 61594603772, "instrument_name": "ETH-21MAR25", "bids": [[2034.25, 15000.0], [2034.0, 5397.0], [2033.75, 18784.0], [2033.5, 4915.0], [2033.25, 6644.0], [2033.0, 9773.0], [2032.75, 5784.0], [2032.5, 16483.0], [2031.25, 378.0], [2031.0, 1626.0], [2030.75, 28586.0], [2030.5, 91589.0], [2030.25, 8430.0], [2030.0, 24020.0], [2029.75, 866.0], [2029.5, 1219.0], [2029.25, 2682.0], [2029.0, 47558.0], [2028.75, 1239.0], [2028.25, 1249.0]], "asks": [[2034.75, 3850.0], [2035.0, 8061.0], [2035.25, 12531.0], [2035.5, 5026.0], [2035.75, 6608.0], [2036.0, 16770.0], [2036.25, 25237.0], [2036.5, 2369.0], [2036.75, 4190.0], [2037.0, 1594.0], [2037.25, 1589.0], [2037.5, 1222.0], [2037.75, 6998.0], [2038.0, 23326.0], [2038.5, 14131.0], [2038.75, 47468.0], [2039.0, 1593.0], [2039.25, 1246.0], [2039.75, 1746.0], [2040.25, 1246.0]]}}}
{"jsonrpc": "2.0", "method": "subscription", "params": {"channel": "book.ETH-21MAR25.none.20.100ms", "data": {"timestamp": 1741569648951, "change_id": 61594604209, "instrument_name": "ETH-21MAR25", "bids": [[2034.5, 18704.0], [2034.25, 5019.0], [2034.0, 9172.0], [2033.75, 15009.0], [2033.5, 4915.0], [2033.25, 6644.0], [2033.0, 9773.0], [2032.75, 5784.0], [2032.5, 16483.0], [2031.25, 378.0], [2031.0, 1626.0], [2030.75, 28586.0], [2030.5, 91589.0], [2030.25, 8430.0], [2030.0, 24020.0], [2029.75, 866.0], [2029.5, 1219.0], [2029.25, 2682.0], [2029.0, 47558.0], [2028.75, 1239.0]], "asks": [[2035.0, 5025.0], [2035.25, 11265.0], [2035.5, 5026.0], [2035.75, 6608.0], [2036.0, 16770.0], [2036.25, 25237.0], [2036.5, 2369.0], [2036.75, 4190.0], [2037.0, 1594.0], [2037.25, 1589.0], [2037.5, 1222.0], [2037.75, 6998.0], [2038.0, 23326.0], [2038.5, 14131.0], [2038.75, 47468.0], [2039.0, 1593.0], [2039.25, 1246.0], [2039.75, 1746.0], [2040.25, 1246.0], [2040.5, 45788.0]]}}}
{"jsonrpc": "2.0", "method": "subscription", "params": {"channel": "book.ETH-14MAR25.none.20.100ms", "data": {"timestamp": 1741569648945, "change_id": 61594604203, "instrument_name": "ETH-14MAR25", "bids": [[2033.5, 1500.0], [2033.25, 6300.0], [2033.0, 18525.0], [2032.75, 55327.0], [2032.5, 10799.0], [2032.25, 1921.0], [2032.0, 1921.0], [2031.75, 1921.0], [2031.5, 1893.0], [2031.25, 1953.0], [2031.0, 3351.0], [2030.75, 6646.0], [2030.5, 28574.0], [2030.25, 91945.0], [2030.0, 1942.0], [2029.75, 1942.0], [2029.5, 9384.0], [2029.25, 26392.0], [2029.0, 1473.0], [2028.75, 3461.0]], "asks": [[2034.0, 13732.0], [2034.25, 18081.0], [2034.5, 2352.0], [2034.75, 11476.0], [2035.0, 28926.0], [2035.25, 1503.0], [2035.5, 751.0], [2035.75, 5387.0], [2036.0, 9613.0], [2036.25, 1072.0], [2036.5, 1921.0], [2036.75, 9635.0], [2037.0, 27193.0], [2037.5, 418.0], [2037.75, 1895.0], [2038.0, 1935.0], [2038.25, 18773.0], [2038.5, 57668.0], [2039.0, 1477.0], [2039.25, 68468.0]]}}}
{"jsonrpc": "2.0", "method": "subscription", "params": {"channel": "book.ETH-21MAR25.none.20.100ms", "data": {"timestamp": 1741569649285, "change_id": 61594604897, "instrument_name": "ETH-21MAR25", "bids": [[2034.75, 18154.0], [2034.5, 4954.0], [2034.25, 8268.0], [2034.0, 16269.0], [2033.75, 5009.0], [2033.5, 4915.0], [2033.25, 6644.0], [2033.0, 9773.0], [2032.75, 5784.0], [2032.5, 16483.0], [2031.25, 378.0], [2031.0, 1626.0], [2030.75, 28586.0], [2030.5, 91589.0], [2030.25, 8430.0], [2030.0, 24020.0], [2029.75, 866.0], [2029.5, 1219.0], [2029.25, 2682.0], [2029.0, 47558.0]], "asks": [[2035.25, 13775.0], [2035.5, 3760.0], [2035.75, 4391.0], [2036.0, 8680.0], [2036.25, 33572.0], [2036.5, 2369.0], [2036.75, 4190.0], [2037.0, 1594.0], [2037.25, 1589.0], [2037.5, 1222.0], [2037.75, 6998.0], [2038.0, 23326.0], [2038.5, 14131.0], [2038.75, 47468.0], [2039.0, 1593.0], [2039.25, 1246.0], [2039.75, 1746.0], [2040.25, 1246.0], [2040.5, 45788.0], [2040.75, 1228.0]]}}}
{"jsonrpc": "2.0", "method": "subscription", "params": {"channel": "book.ETH-14MAR25.none.20.100ms", "data": {"timestamp": 1741569649291, "change_id": 61594604905, "instrument_name": "ETH-14MAR25", "bids": [[2033.75, 2900.0], [2033.5, 6670.0], [2033.25, 10550.0], [2033.0, 24749.0], [2032.75, 45327.0], [2032.5, 10799.0], [2032.25, 1921.0], [2032.0, 1921.0], [2031.75, 1921.0], [2031.5, 1893.0], [2031.25, 1953.0], [2031.0, 3351.0], [2030.75, 6646.0], [2030.5, 28574.0], [2030.25, 91945.0], [2030.0, 1942.0], [2029.75, 1942.0], [2029.5, 9384.0], [2029.25, 26392.0], [2029.0, 1473.0]], "asks": [[2034.0, 1.0], [2034.25, 7907.0], [2034.5, 28660.0], [2034.75, 11476.0], [2035.0, 28926.0], [2035.25, 1503.0], [2035.5, 751.0], [2035.75, 5387.0], [2036.0, 9613.0], [2036.25, 418.0], [2036.5, 1921.0], [2036.75, 9635.0], [2037.0, 27193.0], [2037.5, 418.0], [2037.75, 1895.0], [2038.0, 1935.0], [2038.25, 18773.0], [2038.5, 57668.0], [2039.0, 1477.0], [2039.25, 68468.0]]}}}
{"jsonrpc": "2.0", "method": "subscription", "params": {"channel": "book.ETH-14MAR25.none.20.100ms", "data": {"timestamp": 1741569649622, "change_id": 61594605583, "instrument_name": "ETH-14MAR25", "bids": [[2033.75, 3807.0], [2033.5, 6299.0], [2033.25, 9447.0], [2033.0, 23688.0], [2032.75, 45354.0], [2032.5, 10799.0], [2032.25, 1921.0], [2032.0, 1921.0], [2031.75, 1820.0], [2031.5, 1893.0], [2031.25, 1953.0], [2031.0, 3351.0], [2030.75, 6646.0], [2030.5, 28574.0], [2030.25, 91945.0], [2030.0, 1942.0], [2029.75, 1524.0], [2029.5, 1466.0], [2029.25, 26392.0], [2029.0, 1473.0]], "asks": [[2034.25, 7489.0], [2034.5, 27060.0], [2034.75, 11058.0], [2035.0, 28926.0], [2035.25, 1503.0], [2035.5, 751.0], [2035.75, 5387.0], [2036.0, 9930.0], [2036.25, 1893.0], [2036.5, 1921.0], [2036.75, 9635.0], [2037.0, 27193.0], [2037.5, 418.0], [2037.75, 1895.0], [2038.0, 1935.0], [2038.25, 18773.0], [2038.5, 57668.0], [2039.0, 1477.0], [2039.25, 68468.0], [2039.5, 1485.0]]}}}
{"jsonrpc": "2.0", "method": "subscription", "params": {"channel": "book.ETH-21MAR25.none.20.100ms", "data": {"timestamp": 1741569649559, "change_id": 61594605400, "instrument_name": "ETH-21MAR25", "bids": [[2034.75, 17050.0], [2034.5, 6521.0], [2034.25, 15287.0], [2034.0, 6028.0], [2033.75, 4604.0], [2033.5, 4224.0], [2033.25, 6239.0], [2033.0, 9407.0], [2032.75, 5784.0], [2032.5, 16483.0], [2031.25, 378.0], [2031.0, 1260.0], [2030.75, 28181.0], [2030.5, 91589.0], [2030.25, 8430.0], [2030.0, 24020.0], [2029.75, 500.0], [2029.5, 1219.0], [2029.25, 2682.0], [2029.0, 47558.0]], "asks": [[2035.25, 3775.0], [2035.5, 6771.0], [2035.75, 14271.0], [2036.0, 8680.0], [2036.25, 33572.0], [2036.5, 2369.0], [2036.75, 4190.0], [2037.0, 1594.0], [2037.25, 1589.0], [2037.5, 1222.0], [2037.75, 6998.0], [2038.0, 23326.0], [2038.5, 14131.0], [2038.75, 47468.0], [2039.0, 1593.0], [2039.25, 1246.0], [2039.75, 1746.0], [2040.25, 1246.0], [2040.5, 45788.0], [2040.75, 1228.0]]}}}
{"jsonrpc": "2.0", "method": "subscription", "params": {"channel": "book.ETH-21MAR25.none.20.100ms", "data": {"timestamp": 1741569649941, "change_id": 61594606125, "instrument_name": "ETH-21MAR25", "bids": [[2034.75, 800.0], [2034.5, 5112.0], [2034.25, 14182.0], [2034.0, 6028.0], [2033.75, 4604.0], [2033.5, 4224.0], [2033.25, 6239.0], [2033.0, 9407.0], [2032.75, 5784.0], [2032.5, 16483.0], [2031.25, 378.0], [2031.0, 1260.0], [2030.75, 28181.0], [2030.5, 91589.0], [2030.25, 8430.0], [2030.0, 24020.0], [2029.75, 500.0], [2029.5, 1219.0], [2029.25, 2682.0], [2029.0, 47558.0]], "asks": [[2035.25, 8765.0], [2035.5, 8021.0], [2035.75, 14961.0], [2036.0, 11280.0], [2036.25, 33572.0], [2036.5, 2369.0], [2036.75, 4190.0], [2037.0, 1594.0], [2037.25, 1589.0], [2037.5, 1222.0], [2037.75, 6998.0], [2038.0, 23326.0], [2038.5, 14131.0], [2038.75, 47468.0], [2039.0, 10546.0], [2039.25, 31246.0], [2039.75, 1746.0], [2040.25, 1246.0], [2040.5, 45788.0], [2040.75, 1228.0]]}}}
{"jsonrpc": "2.0", "method": "subscription", "params": {"channel": "book.ETH-14MAR25.none.20.100ms", "data": {"timestamp": 1741569649936, "change_id": 61594606119, "instrument_name": "ETH-14MAR25", "bids": [[2033.5, 3419.0], [2033.25, 9447.0], [2033.0, 20673.0], [2032.75, 29092.0], [2032.5, 10799.0], [2032.25, 1921.0], [2032.0, 1921.0], [2031.75, 1820.0], [2031.5, 1893.0], [2031.25, 1953.0], [2031.0, 3351.0], [2030.75, 6646.0], [2030.5, 28574.0], [2030.25, 91945.0], [2030.0, 1942.0], [2029.75, 1942.0], [2029.5, 1466.0], [2029.25, 26392.0], [2029.0, 1473.0], [2028.75, 2039.0]], "asks": [[2034.0, 418.0], [2034.25, 8964.0], [2034.5, 27060.0], [2034.75, 11058.0], [2035.0, 28926.0], [2035.25, 1503.0], [2035.5, 751.0], [2035.75, 5387.0], [2036.0, 10584.0], [2036.25, 1893.0], [2036.5, 1921.0], [2036.75, 9635.0], [2037.0, 27432.0], [2037.25, 796.0], [2037.5, 418.0], [2037.75, 1895.0], [2038.0, 1935.0], [2038.25, 18773.0], [2038.5, 57668.0], [2039.0, 1477.0]]}}}
{"jsonrpc": "2.0", "method": "subscription", "params": {"channel": "book.ETH-21MAR25.none.20.100ms", "data": {"timestamp": 1741569650280, "change_id": 61594606731, "instrument_name": "ETH-21MAR25", "bids": [[2034.25, 15000.0], [2034.0, 4036.0], [2033.75, 15036.0], [2033.5, 4224.0], [2033.25, 3822.0], [2033.0, 1222.0], [2032.75, 16841.0], [2032.5, 1266.0], [2031.25, 378.0], [2031.0, 1260.0], [2030.75, 28181.0], [2030.5, 91589.0], [2030.25, 8430.0], [2030.0, 24020.0], [2029.75, 866.0], [2029.5, 1219.0], [2029.25, 2682.0], [2029.0, 47558.0], [2028.75, 1239.0], [2028.25, 1249.0]], "asks": [[2034.75, 1250.0], [2035.0, 4338.0], [2035.25, 10923.0], [2035.5, 15026.0], [2035.75, 4961.0], [2036.0, 11280.0], [2036.25, 33572.0], [2036.5, 2369.0], [2036.75, 4190.0], [2037.0, 1594.0], [2037.25, 1589.0], [2037.5, 1222.0], [2037.75, 6998.0], [2038.0, 23326.0], [2038.5, 14131.0], [2038.75, 47468.0], [2039.0, 10546.0], [2039.25, 31246.0], [2039.75, 1746.0], [2040.25, 1246.0]]}}}
{"jsonrpc": "2.0", "method": "subscription", "params": {"channel": "book.ETH-14MAR25.none.20.100ms", "data": {"timestamp": 1741569650249, "change_id": 61594606736, "instrument_name": "ETH-14MAR25", "bids": [[2033.25, 3983.0], [2033.0, 20673.0], [2032.75, 26466.0], [2032.5, 2515.0], [2032.25, 1921.0], [2032.0, 1921.0], [2031.75, 1820.0], [2031.5, 1893.0], [2031.25, 1953.0], [2031.0, 3351.0], [2030.75, 6646.0], [2030.5, 28574.0], [2030.25, 91945.0], [2030.0, 1942.0], [2029.75, 1942.0], [2029.5, 1466.0], [2029.25, 26392.0], [2029.0, 1473.0], [2028.75, 2039.0], [2028.5, 67328.0]], "asks": [[2033.75, 2340.0], [2034.0, 10726.0], [2034.25, 30791.0], [2034.5, 752.0], [2034.75, 11058.0], [2035.0, 28926.0], [2035.25, 1503.0], [2035.5, 751.0], [2035.75, 4387.0], [2036.0, 10584.0], [2036.25, 1893.0], [2036.5, 1921.0], [2036.75, 9635.0], [2037.0, 27432.0], [2037.25, 796.0], [2037.5, 418.0], [2037.75, 1895.0], [2038.0, 1935.0], [2038.25, 18773.0], [2038.5, 57668.0]]}}}
{"jsonrpc": "2.0", "method": "subscription", "params": {"channel": "book.ETH-14MAR25.none.20.100ms", "data": {"timestamp": 1741569650596, "change_id": 61594607731, "instrument_name": "ETH-14MAR25", "bids": [[2033.0, 1400.0], [2032.75, 5429.0], [2032.5, 36050.0], [2032.25, 2157.0], [2032.0, 1503.0], [2031.75, 1503.0], [2031.5, 1475.0], [2031.25, 1535.0], [2031.0, 1535.0], [2030.75, 6228.0], [2030.5, 1534.0], [2030.25, 91527.0], [2030.0, 1524.0], [2029.75, 1524.0], [2029.5, 1466.0], [2029.25, 26392.0], [2029.0, 1473.0], [2028.75, 2039.0], [2028.5, 67328.0], [2027.5, 1503.0]], "asks": [[2033.5, 1500.0], [2033.75, 6751.0], [2034.0, 24007.0], [2034.25, 1475.0], [2034.75, 2924.0], [2035.0, 28508.0], [2035.25, 10607.0], [2035.75, 1503.0], [2036.0, 2157.0], [2036.25, 1475.0], [2036.5, 1503.0], [2036.75, 1477.0], [2037.0, 27193.0], [2037.75, 1477.0], [2038.0, 1517.0], [2038.25, 1473.0], [2038.5, 57668.0], [2039.0, 1477.0], [2039.25, 68468.0], [2039.5, 1485.0]]}}}
{"jsonrpc": "2.0", "method": "subscription", "params": {"channel": "book.ETH-21MAR25.none.20.100ms", "data": {"timestamp": 1741569650601, "change_id": 61594607734, "instrument_name": "ETH-21MAR25", "bids": [[2034.0, 15000.0], [2033.75, 12720.0], [2033.5, 4994.0], [2033.25, 3822.0], [2033.0, 1222.0], [2032.75, 1219.0], [2032.5, 1266.0], [2031.25, 15217.0], [2031.0, 1260.0], [2030.75, 1219.0], [2030.5, 91222.0], [2030.25, 1224.0], [2030.0, 24020.0], [2029.75, 500.0], [2029.5, 1219.0], [2029.25, 2682.0], [2029.0, 47558.0], [2028.75, 1239.0], [2028.25, 1249.0], [2028.0, 46985.0]], "asks": [[2034.75, 5025.0], [2035.0, 3436.0], [2035.25, 13866.0], [2035.5, 11349.0], [2035.75, 20151.0], [2036.0, 3819.0], [2036.25, 25722.0], [2036.5, 1222.0], [2036.75, 3822.0], [2037.0, 1227.0], [2037.25, 1222.0], [2037.5, 1222.0], [2038.0, 23326.0], [2038.75, 47102.0], [2039.0, 1219.0], [2039.25, 1246.0], [2039.75, 1746.0], [2040.25, 1246.0], [2040.5, 45788.0], [2040.75, 1228.0]]}}}
{"jsonrpc": "2.0", "method": "subscription", "params": {"channel": "book.ETH-21MAR25.none.20.100ms", "data": {"timestamp": 1741569650932, "change_id": 61594608479, "instrument_name": "ETH-21MAR25", "bids": [[2034.25, 7475.0], [2034.0, 20066.0], [2033.75, 15401.0], [2033.5, 8935.0], [2033.25, 3822.0], [2033.0, 9091.0], [2032.75, 1219.0], [2032.5, 1266.0], [2031.25, 15217.0], [2031.0, 1260.0], [2030.75, 1219.0], [2030.5, 91222.0], [2030.25, 1224.0], [2030.0, 24020.0], [2029.75, 500.0], [2029.5, 1219.0], [2029.25, 2682.0], [2029.0, 47558.0], [2028.75, 1239.0], [2028.25, 1249.0]], "asks": [[2034.75, 5025.0], [2035.0, 13279.0], [2035.25, 7271.0], [2035.5, 11349.0], [2035.75, 3866.0], [2036.0, 3819.0], [2036.25, 25722.0], [2036.5, 1222.0], [2036.75, 3822.0], [2037.0, 1227.0], [2037.25, 1222.0], [2037.5, 1222.0], [2038.0, 23326.0], [2038.75, 47102.0], [2039.0, 1219.0], [2039.25, 1246.0], [2039.75, 1746.0], [2040.25, 1246.0], [2040.5, 45788.0], [2040.75, 1228.0]]}}}
{"jsonrpc": "2.0", "method": "subscription", "params": {"channel": "book.ETH-14MAR25.none.20.100ms", "data": {"timestamp": 1741569650943, "change_id": 61594608494, "instrument_name": "ETH-14MAR25", "bids": [[2033.25, 2395.0], [2033.0, 6371.0], [2032.75, 17644.0], [2032.5, 39181.0], [2032.25, 10854.0], [2032.0, 1921.0], [2031.75, 1921.0], [2031.5, 1893.0], [2031.25, 1953.0], [2031.0, 3403.0], [2030.75, 6646.0], [2030.5, 28992.0], [2030.25, 91945.0], [2030.0, 1942.0], [2029.75, 1942.0], [2029.5, 1466.0], [2029.25, 26392.0], [2029.0, 1473.0], [2028.75, 2039.0], [2028.5, 67328.0]], "asks": [[2033.75, 4876.0], [2034.0, 28226.0], [2034.25, 1475.0], [2034.5, 877.0], [2034.75, 11476.0], [2035.0, 31690.0], [2035.25, 10607.0], [2035.5, 418.0], [2035.75, 2150.0], [2036.0, 2575.0], [2036.25, 1893.0], [2036.5, 1921.0], [2036.75, 9635.0], [2037.0, 27193.0], [2037.5, 418.0], [2037.75, 1895.0], [2038.0, 1935.0], [2038.25, 18773.0], [2038.5, 57668.0], [2039.0, 1477.0]]}}}
{"jsonrpc": "2.0", "method": "subscription", "params": {"channel": "book.ETH-21MAR25.none.20.100ms", "data": {"timestamp": 1741569651273, "change_id": 61594608881, "instrument_name": "ETH-21MAR25", "bids": [[2034.25, 3005.0], [2034.0, 20066.0], [2033.75, 15401.0], [2033.5, 8935.0], [2033.25, 6549.0], [2033.0, 9091.0], [2032.5, 1266.0], [2031.25, 15217.0], [2031.0, 1260.0], [2030.75, 28586.0], [2030.5, 91222.0], [2030.25, 1224.0], [2030.0, 24020.0], [2029.75, 500.0], [2029.5, 1219.0], [2029.25, 2682.0], [2029.0, 47558.0], [2028.75, 1239.0], [2028.25, 1249.0], [2028.0, 46985.0]], "asks": [[2034.75, 8676.0], [2035.0, 13279.0], [2035.25, 7271.0], [2035.5, 11349.0], [2035.75, 3866.0], [2036.0, 3819.0], [2036.25, 25722.0], [2036.5, 1222.0], [2036.75, 3822.0], [2037.0, 1227.0], [2037.5, 1222.0], [2038.0, 23326.0], [2038.5, 14131.0], [2038.75, 47102.0], [2039.0, 1219.0], [2039.25, 1246.0], [2039.75, 1746.0], [2040.25, 1246.0], [2040.5, 45788.0], [2040.75, 1228.0]]}}}
{"jsonrpc": "2.0", "method": "subscription", "params": {"channel": "book.ETH-14MAR25.none.20.100ms", "data": {"timestamp": 1741569651257, "change_id": 61594608823, "instrument_name": "ETH-14MAR25", "bids": [[2033.25, 1500.0], [2033.0, 4896.0], [2032.75, 17644.0], [2032.5, 39181.0], [2032.25, 10854.0], [2032.0, 1921.0], [2031.75, 1921.0], [2031.5, 1893.0], [2031.25, 1953.0], [2031.0, 3403.0], [2030.75, 6646.0], [2030.5, 28992.0], [2030.25, 91945.0], [2030.0, 1942.0], [2029.75, 1942.0], [2029.5, 1466.0], [2029.25, 26392.0], [2029.0, 1473.0], [2028.75, 2039.0], [2028.5, 67328.0]], "asks": [[2033.75, 9408.0], [2034.0, 28226.0], [2034.25, 1475.0], [2034.5, 877.0], [2034.75, 11476.0], [2035.0, 31690.0], [2035.25, 10607.0], [2035.5, 418.0], [2035.75, 2150.0], [2036.0, 2575.0], [2036.25, 1893.0], [2036.5, 1921.0], [2036.75, 9635.0], [2037.0, 27193.0], [2037.5, 418.0], [2037.75, 1895.0], [2038.0, 1935.0], [2038.25, 18773.0], [2038.5, 57668.0], [2039.0, 1477.0]]}}}
{"jsonrpc": "2.0", "method": "subscription", "params": {"channel": "book.ETH-14MAR25.none.20.100ms", "data": {"timestamp": 1741569651549, "change_id": 61594609304, "instrument_name": "ETH-14MAR25", "bids": [[2033.0, 4896.0], [2032.75, 19688.0], [2032.5, 39181.0], [2032.25, 10854.0], [2032.0, 1921.0], [2031.75, 1921.0], [2031.5, 1893.0], [2031.25, 1953.0], [2031.0, 3403.0], [2030.75, 6646.0], [2030.5, 28992.0], [2030.25, 91945.0], [2030.0, 1942.0], [2029.75, 1942.0], [2029.5, 9384.0], [2029.25, 26392.0], [2029.0, 1473.0], [2028.75, 2039.0], [2028.5, 67328.0], [2027.5, 1503.0]], "asks": [[2033.5, 418.0], [2033.75, 9408.0], [2034.0, 28226.0], [2034.25, 1475.0], [2034.5, 877.0], [2034.75, 11476.0], [2035.0, 31690.0], [2035.25, 10607.0], [2035.5, 418.0], [2035.75, 2150.0], [2036.0, 2575.0], [2036.25, 1893.0], [2036.5, 1921.0], [2036.75, 9635.0], [2037.0, 27193.0], [2037.5, 418.0], [2037.75, 1895.0], [2038.0, 1935.0], [2038.25, 18773.0], [2038.5, 57668.0]]}}}
{"jsonrpc": "2.0", "method": "subscription", "params": {"channel": "book.ETH-21MAR25.none.20.100ms", "data": {"timestamp": 1741569651547, "change_id": 61594609301, "instrument_name": "ETH-21MAR25", "bids": [[2034.25, 2600.0], [2034.0, 20066.0], [2033.75, 15401.0], [2033.5, 8935.0], [2033.25, 6549.0], [2033.0, 9091.0], [2032.5, 1266.0], [2031.25, 15217.0], [2031.0, 1260.0], [2030.75, 28586.0], [2030.5, 91222.0], [2030.25, 1224.0], [2030.0, 24020.0], [2029.75, 500.0], [2029.5, 1219.0], [2029.25, 2682.0], [2029.0, 47558.0], [2028.75, 1239.0], [2028.25, 1249.0], [2028.0, 46985.0]], "asks": [[2034.75, 8676.0], [2035.0, 13279.0], [2035.25, 7271.0], [2035.5, 11349.0], [2035.75, 3866.0], [2036.0, 3819.0], [2036.25, 25722.0], [2036.5, 1222.0], [2036.75, 3822.0], [2037.0, 1227.0], [2037.5, 1222.0], [2038.0, 23326.0], [2038.5, 14131.0], [2038.75, 47102.0], [2039.0, 1219.0], [2039.25, 1246.0], [2039.75, 1746.0], [2040.25, 1246.0], [2040.5, 45788.0], [2040.75, 1228.0]]}}}
{"jsonrpc": "2.0", "method": "subscription", "params": {"channel": "book.ETH-14MAR25.none.20.100ms", "data": {"timestamp": 1741569651895, "change_id": 61594609899, "instrument_name": "ETH-14MAR25", "bids": [[2033.0, 1401.0], [2032.75, 13835.0], [2032.5, 42957.0], [2032.25, 10200.0], [2032.0, 1921.0], [2031.75, 1921.0], [2031.5, 1893.0], [2031.25, 1953.0], [2031.0, 3403.0], [2030.75, 6646.0], [2030.5, 28992.0], [2030.25, 91945.0], [2030.0, 1942.0], [2029.75, 1942.0], [2029.5, 9384.0], [2029.25, 26810.0], [2029.0, 1473.0], [2028.75, 2039.0], [2028.5, 67328.0], [2027.5, 1503.0]], "asks": [[2033.5, 3031.0], [2033.75, 10227.0], [2034.0, 14234.0], [2034.25, 13887.0], [2034.5, 877.0], [2034.75, 11476.0], [2035.0, 31690.0], [2035.25, 10607.0], [2035.5, 418.0], [2035.75, 2150.0], [2036.0, 2575.0], [2036.25, 1893.0], [2036.5, 1921.0], [2036.75, 9635.0], [2037.0, 27193.0], [2037.5, 418.0], [2037.75, 1895.0], [2038.0, 1935.0], [2038.25, 18773.0], [2038.5, 57668.0]]}}}
{"jsonrpc": "2.0", "method": "subscription", "params": {"channel": "book.ETH-21MAR25.none.20.100ms", "data": {"timestamp": 1741569651933, "change_id": 61594609958, "instrument_name": "ETH-21MAR25", "bids": [[2034.0, 15000.0], [2033.75, 11080.0], [2033.5, 3775.0], [2033.25, 3949.0], [2033.0, 9091.0], [2032.75, 380.0], [2032.5, 1266.0], [2031.75, 6211.0], [2031.5, 16483.0], [2031.25, 268.0], [2031.0, 1260.0], [2030.75, 28181.0], [2030.5, 91222.0], [2030.25, 7904.0], [2030.0, 24020.0], [2029.75, 1766.0], [2029.5, 1219.0], [2029.25, 2682.0], [2029.0, 47558.0], [2028.75, 1239.0]], "asks": [[2034.5, 2758.0], [2034.75, 8676.0], [2035.0, 13295.0], [2035.25, 7271.0], [2035.5, 12509.0], [2035.75, 5012.0], [2036.0, 11536.0], [2036.25, 26089.0], [2036.5, 2369.0], [2036.75, 4190.0], [2037.0, 1227.0], [2037.25, 367.0], [2037.5, 1222.0], [2037.75, 6998.0], [2038.0, 23326.0], [2038.5, 14131.0], [2038.75, 47468.0], [2039.0, 1219.0], [2039.25, 1246.0], [2039.75, 1746.0]]}}}
{"jsonrpc": "2.0", "method": "subscription", "params": {"channel": "book.ETH-21MAR25.none.20.100ms", "data": {"timestamp": 1741569652251, "change_id": 61594610801, "instrument_name": "ETH-21MAR25", "bids": [[2033.75, 15120.0], [2033.5, 3321.0], [2033.25, 15402.0], [2033.0, 1222.0], [2032.75, 380.0], [2032.5, 1266.0], [2032.0, 380.0], [2031.75, 6211.0], [2031.5, 16483.0], [2031.25, 268.0], [2031.0, 1504.0], [2030.75, 28181.0], [2030.5, 91589.0], [2030.25, 8309.0], [2030.0, 24425.0], [2029.75, 2132.0], [2029.5, 1219.0], [2029.25, 2682.0], [2029.0, 47558.0], [2028.75, 1239.0]], "asks": [[2034.5, 8385.0], [2034.75, 11775.0], [2035.0, 7971.0], [2035.25, 25594.0], [2035.5, 20736.0], [2035.75, 6012.0], [2036.0, 8984.0], [2036.25, 16754.0], [2036.5, 2369.0], [2036.75, 4190.0], [2037.0, 1227.0], [2037.25, 367.0], [2037.5, 1222.0], [2037.75, 6998.0], [2038.0, 23326.0], [2038.5, 14131.0], [2038.75, 47468.0], [2039.0, 1219.0], [2039.25, 1246.0], [2039.75, 1746.0]]}}}
{"jsonrpc": "2.0", "method": "subscription", "params": {"channel": "book.ETH-14MAR25.none.20.100ms", "data": {"timestamp": 1741569652262, "change_id": 61594610850, "instrument_name": "ETH-14MAR25", "bids": [[2032.75, 7289.0], [2032.5, 34159.0], [2032.25, 30212.0], [2032.0, 1921.0], [2031.75, 1921.0], [2031.5, 1893.0], [2031.25, 1953.0], [2031.0, 3403.0], [2030.75, 6646.0], [2030.5, 28992.0], [2030.25, 91945.0], [2030.0, 1942.0], [2029.75, 1942.0], [2029.5, 9384.0], [2029.25, 26810.0], [2029.0, 1891.0], [2028.75, 2039.0], [2028.5, 67328.0], [2027.5, 1503.0], [2026.75, 2897.0]], "asks": [[2033.25, 3083.0], [2033.5, 10038.0], [2033.75, 15266.0], [2034.0, 12830.0], [2034.25, 1475.0], [2034.5, 877.0], [2034.75, 12058.0], [2035.0, 31690.0], [2035.25, 9607.0], [2035.5, 418.0], [2035.75, 2150.0], [2036.0, 2575.0], [2036.25, 1893.0], [2036.5, 1921.0], [2036.75, 9635.0], [2037.0, 27193.0], [2037.5, 418.0], [2037.75, 1895.0], [2038.0, 1935.0], [2038.25, 18773.0]]}}}
{"jsonrpc": "2.0", "method": "subscription", "params": {"channel": "book.ETH-14MAR25.none.20.100ms", "data": {"timestamp": 1741569652573, "change_id": 61594612211, "instrument_name": "ETH-14MAR25", "bids": [[2032.75, 1500.0], [2032.5, 3035.0], [2032.25, 5399.0], [2032.0, 36018.0], [2031.75, 10325.0], [2031.25, 1535.0], [2031.0, 1535.0], [2030.75, 6228.0], [2030.5, 1534.0], [2030.25, 91527.0], [2030.0, 1524.0], [2029.75, 1524.0], [2029.5, 1466.0], [2029.25, 26392.0], [2029.0, 1473.0], [2028.75, 1539.0], [2028.5, 52913.0], [2027.75, 500.0], [2027.5, 1503.0], [2026.75, 2897.0]], "asks": [[2033.0, 1.0], [2033.25, 3776.0], [2033.5, 13095.0], [2033.75, 13887.0], [2034.25, 1475.0], [2034.5, 25605.0], [2034.75, 3924.0], [2035.0, 2903.0], [2035.25, 9607.0], [2035.75, 1503.0], [2036.0, 27809.0], [2036.5, 1503.0], [2036.75, 1477.0], [2037.0, 52928.0], [2037.75, 1477.0], [2038.0, 1517.0], [2038.25, 1473.0], [2038.5, 6281.0], [2039.0, 1477.0], [2039.25, 68468.0]]}}}
{"jsonrpc": "2.0", "method": "subscription", "params": {"channel": "book.ETH-21MAR25.none.20.100ms", "data": {"timestamp": 1741569652593, "change_id": 61594612248, "instrument_name": "ETH-21MAR25", "bids": [[2033.75, 8674.0], [2033.5, 19235.0], [2033.25, 12839.0], [2033.0, 5377.0], [2032.75, 3620.0], [2032.5, 9271.0], [2032.25, 380.0], [2032.0, 6160.0], [2031.75, 16863.0], [2031.5, 1266.0], [2031.25, 378.0], [2031.0, 1260.0], [2030.75, 1219.0], [2030.5, 91222.0], [2030.25, 1224.0], [2030.0, 24020.0], [2029.75, 1266.0], [2029.5, 1219.0], [2029.25, 2682.0], [2029.0, 47558.0]], "asks": [[2034.25, 5025.0], [2034.5, 11370.0], [2034.75, 1266.0], [2035.0, 2066.0], [2035.25, 20147.0], [2035.5, 19576.0], [2035.75, 4866.0], [2036.0, 8984.0], [2036.25, 16387.0], [2036.5, 1222.0], [2036.75, 3822.0], [2037.0, 1227.0], [2037.5, 1222.0], [2038.0, 23326.0], [2038.75, 47102.0], [2039.0, 1219.0], [2039.25, 1246.0], [2039.75, 1746.0], [2040.25, 1246.0], [2040.5, 45788.0]]}}}
{"jsonrpc": "2.0", "method": "subscription", "params": {"channel": "book.ETH-14MAR25.none.20.100ms", "data": {"timestamp": 1741569652829, "change_id": 61594612873, "instrument_name": "ETH-14MAR25", "bids": [[2032.5, 3453.0], [2032.25, 19572.0], [2032.0, 36018.0], [2031.75, 10325.0], [2031.25, 1535.0], [2031.0, 1535.0], [2030.75, 6228.0], [2030.5, 1534.0], [2030.25, 91527.0], [2030.0, 1524.0], [2029.75, 1524.0], [2029.5, 1466.0], [2029.25, 26392.0], [2029.0, 1473.0], [2028.75, 1539.0], [2028.5, 52913.0], [2027.75, 500.0], [2027.5, 1503.0], [2026.75, 2897.0], [2026.5, 1475.0]], "asks": [[2033.0, 1.0], [2033.25, 3776.0], [2033.5, 13095.0], [2033.75, 13887.0], [2034.25, 1475.0], [2034.5, 25605.0], [2034.75, 3924.0], [2035.0, 2903.0], [2035.25, 9607.0], [2035.75, 1503.0], [2036.0, 27809.0], [2036.5, 1503.0], [2036.75, 18754.0], [2037.0, 52928.0], [2037.75, 1477.0], [2038.0, 1517.0], [2038.25, 1473.0], [2038.5, 6281.0], [2039.0, 1477.0], [2039.25, 51150.0]]}}}
{"jsonrpc": "2.0", "method": "subscription", "params": {"channel": "book.ETH-21MAR25.none.20.100ms", "data": {"timestamp": 1741569652840, "change_id": 61594612888, "instrument_name": "ETH-21MAR25", "bids": [[2033.75, 2600.0], [2033.5, 17395.0], [2033.25, 11659.0], [2033.0, 28275.0], [2032.75, 3620.0], [2032.5, 9271.0], [2032.25, 380.0], [2032.0, 6160.0], [2031.75, 16863.0], [2031.5, 1266.0], [2031.25, 378.0], [2031.0, 1626.0], [2030.75, 28535.0], [2030.5, 91589.0], [2030.25, 8379.0], [2030.0, 24400.0], [2029.75, 1266.0], [2029.5, 1219.0], [2029.25, 2682.0], [2029.0, 47558.0]], "asks": [[2034.25, 8385.0], [2034.5, 11750.0], [2034.75, 1886.0], [2035.0, 2066.0], [2035.25, 3866.0], [2035.5, 19576.0], [2035.75, 4866.0], [2036.0, 8984.0], [2036.25, 16387.0], [2036.5, 1222.0], [2036.75, 1222.0], [2037.0, 1227.0], [2037.5, 1222.0], [2038.0, 23326.0], [2038.75, 47102.0], [2039.0, 1219.0], [2039.25, 1246.0], [2039.75, 1746.0], [2040.25, 1246.0], [2040.5, 45788.0]]}}}
{"jsonrpc": "2.0", "method": "subscription", "params": {"channel": "book.ETH-14MAR25.none.20.100ms", "data": {"timestamp": 1741569653097, "change_id": 61594613253, "instrument_name": "ETH-14MAR25", "bids": [[2032.5, 5022.0], [2032.25, 17604.0], [2032.0, 39116.0], [2031.75, 10325.0], [2031.5, 418.0], [2031.25, 1953.0], [2031.0, 3403.0], [2030.75, 6646.0], [2030.5, 28992.0], [2030.25, 91945.0], [2030.0, 1942.0], [2029.75, 1942.0], [2029.5, 9384.0], [2029.25, 26810.0], [2029.0, 1891.0], [2028.75, 1539.0], [2028.5, 52913.0], [2027.75, 500.0], [2027.5, 1503.0], [2026.75, 2897.0]], "asks": [[2033.0, 1133.0], [2033.25, 7705.0], [2033.5, 17261.0], [2033.75, 13887.0], [2034.0, 418.0], [2034.25, 9157.0], [2034.5, 26730.0], [2034.75, 4795.0], [2035.0, 5785.0], [2035.25, 9607.0], [2035.5, 418.0], [2035.75, 9846.0], [2036.0, 27809.0], [2036.25, 418.0], [2036.5, 7129.0], [2036.75, 34632.0], [2037.0, 52928.0], [2037.75, 1477.0], [2038.0, 1517.0], [2038.25, 1473.0]]}}}
{"jsonrpc": "2.0", "method": "subscription", "params": {"channel": "book.ETH-21MAR25.none.20.100ms", "data": {"timestamp": 1741569653236, "change_id": 61594613404, "instrument_name": "ETH-21MAR25", "bids": [[2033.75, 2600.0], [2033.5, 17395.0], [2033.25, 8183.0], [2033.0, 15497.0], [2032.75, 3620.0], [2032.5, 9271.0], [2032.25, 380.0], [2032.0, 6160.0], [2031.75, 16863.0], [2031.5, 1266.0], [2031.25, 378.0], [2031.0, 1626.0], [2030.75, 28535.0], [2030.5, 91589.0], [2030.25, 8379.0], [2030.0, 24400.0], [2029.75, 1632.0], [2029.5, 1219.0], [2029.25, 2682.0], [2029.0, 47558.0]], "asks": [[2034.25, 8385.0], [2034.5, 11750.0], [2034.75, 1886.0], [2035.0, 3226.0], [2035.25, 9688.0], [2035.5, 21036.0], [2035.75, 6012.0], [2036.0, 8984.0], [2036.25, 16754.0], [2036.5, 1589.0], [2036.75, 1590.0], [2037.0, 1227.0], [2037.25, 367.0], [2037.5, 1222.0], [2037.75, 6998.0], [2038.0, 23326.0], [2038.75, 47102.0], [2039.0, 1219.0], [2039.25, 1246.0], [2039.75, 1746.0]]}}}
{"jsonrpc": "2.0", "method": "subscription", "params": {"channel": "book.ETH-21MAR25.none.20.100ms", "data": {"timestamp": 1741569653542, "change_id": 61594613894, "instrument_name": "ETH-21MAR25", "bids": [[2033.75, 8725.0], [2033.5, 17395.0], [2033.25, 8303.0], [2033.0, 15377.0], [2032.75, 3620.0], [2032.5, 9271.0], [2032.25, 380.0], [2032.0, 6160.0], [2031.75, 16863.0], [2031.5, 1266.0], [2031.25, 378.0], [2031.0, 1626.0], [2030.75, 28535.0], [2030.5, 91589.0], [2030.25, 8379.0], [2030.0, 24400.0], [2029.75, 1632.0], [2029.5, 1219.0], [2029.25, 2682.0], [2029.0, 47558.0]], "asks": [[2034.25, 3775.0], [2034.5, 11750.0], [2034.75, 1886.0], [2035.0, 3226.0], [2035.25, 9688.0], [2035.5, 21036.0], [2035.75, 6012.0], [2036.0, 8984.0], [2036.25, 16754.0], [2036.5, 1589.0], [2036.75, 1590.0], [2037.0, 1227.0], [2037.25, 367.0], [2037.5, 1222.0], [2037.75, 15123.0], [2038.0, 53326.0], [2038.75, 47102.0], [2039.0, 1219.0], [2039.25, 1246.0], [2039.75, 1746.0]]}}}
{"jsonrpc": "2.0", "method": "subscription", "params": {"channel": "book.ETH-14MAR25.none.20.100ms", "data": {"timestamp": 1741569653582, "change_id": 61594614083, "instrument_name": "ETH-14MAR25", "bids": [[2032.75, 2900.0], [2032.5, 4604.0], [2032.25, 17186.0], [2032.0, 54955.0], [2031.75, 10325.0], [2031.5, 418.0], [2031.25, 1535.0], [2031.0, 3403.0], [2030.75, 6228.0], [2030.5, 1534.0], [2030.25, 91527.0], [2030.0, 1524.0], [2029.75, 1524.0], [2029.5, 1466.0], [2029.25, 26810.0], [2029.0, 1473.0], [2028.75, 1539.0], [2028.5, 52913.0], [2027.75, 500.0], [2027.5, 1503.0]], "asks": [[2033.25, 7705.0], [2033.5, 17261.0], [2033.75, 13887.0], [2034.0, 418.0], [2034.25, 9157.0], [2034.5, 26730.0], [2034.75, 4795.0], [2035.0, 5785.0], [2035.25, 9607.0], [2035.5, 418.0], [2035.75, 9846.0], [2036.0, 28605.0], [2036.25, 418.0], [2036.5, 7129.0], [2036.75, 34632.0], [2037.0, 52928.0], [2037.75, 1477.0], [2038.0, 1517.0], [2038.25, 1473.0], [2038.5, 6281.0]]}}}
{"jsonrpc": "2.0", "method": "subscription", "params": {"channel": "book.ETH-14MAR25.none.20.100ms", "data": {"timestamp": 1741569653661, "change_id": 61594614206, "instrument_name": "ETH-14MAR25", "bids": [[2032.75, 4231.0], [2032.5, 6004.0], [2032.25, 21183.0], [2032.0, 54955.0], [2031.75, 10325.0], [2031.5, 418.0], [2031.25, 1953.0], [2031.0, 3403.0], [2030.75, 6646.0], [2030.5, 28867.0], [2030.25, 91859.0], [2030.0, 1942.0], [2029.75, 1942.0], [2029.5, 9384.0], [2029.25, 26810.0], [2029.0, 1473.0], [2028.75, 1539.0], [2028.5, 52913.0], [2027.75, 500.0], [2027.5, 1503.0]], "asks": [[2033.25, 3929.0], [2033.5, 21037.0], [2033.75, 13887.0], [2034.0, 418.0], [2034.25, 9157.0], [2034.5, 26730.0], [2034.75, 4795.0], [2035.0, 5785.0], [2035.25, 9607.0], [2035.5, 418.0], [2035.75, 9846.0], [2036.0, 28605.0], [2036.25, 418.0], [2036.5, 7129.0], [2036.75, 34632.0], [2037.0, 52928.0], [2037.75, 1477.0], [2038.0, 1517.0], [2038.25, 1473.0], [2038.5, 6281.0]]}}}
{"jsonrpc": "2.0", "method": "subscription", "params": {"channel": "book.ETH-21MAR25.none.20.100ms", "data": {"timestamp": 1741569653651, "change_id": 61594614192, "instrument_name": "ETH-21MAR25", "bids": [[2033.75, 19954.0], [2033.5, 7903.0], [2033.25, 15439.0], [2033.0, 5377.0], [2032.75, 3620.0], [2032.5, 9271.0], [2032.25, 380.0], [2032.0, 6160.0], [2031.75, 16863.0], [2031.5, 1266.0], [2031.25, 378.0], [2031.0, 1626.0], [2030.75, 28535.0], [2030.5, 91589.0], [2030.25, 8379.0], [2030.0, 24400.0], [2029.75, 1632.0], [2029.5, 1219.0], [2029.25, 2682.0], [2029.0, 47558.0]], "asks": [[2034.25, 3775.0], [2034.5, 11750.0], [2034.75, 2348.0], [2035.0, 5026.0], [2035.25, 9688.0], [2035.5, 21036.0], [2035.75, 6012.0], [2036.0, 8984.0], [2036.25, 16754.0], [2036.5, 1589.0], [2036.75, 1590.0], [2037.0, 1227.0], [2037.25, 367.0], [2037.5, 1222.0], [2037.75, 15123.0], [2038.0, 53326.0], [2038.75, 47102.0], [2039.25, 1246.0], [2039.75, 1746.0], [2040.25, 1246.0]]}}}
{"jsonrpc": "2.0", "method": "subscription", "params": {"channel": "book.ETH-14MAR25.none.20.100ms", "data": {"timestamp": 1741569654050, "change_id": 61594614708, "instrument_name": "ETH-14MAR25", "bids": [[2032.75, 4399.0], [2032.5, 6004.0], [2032.25, 21183.0], [2032.0, 54955.0], [2031.75, 10325.0], [2031.5, 418.0], [2031.25, 1953.0], [2031.0, 3403.0], [2030.75, 6646.0], [2030.5, 28867.0], [2030.25, 91859.0], [2030.0, 1942.0], [2029.75, 1942.0], [2029.5, 9384.0], [2029.25, 26810.0], [2029.0, 1473.0], [2028.75, 1539.0], [2028.5, 52913.0], [2027.75, 500.0], [2027.5, 1503.0]], "asks": [[2033.0, 1.0], [2033.25, 3929.0], [2033.5, 21037.0], [2033.75, 13887.0], [2034.0, 418.0], [2034.25, 9157.0], [2034.5, 26730.0], [2034.75, 4795.0], [2035.0, 5785.0], [2035.25, 9607.0], [2035.5, 418.0], [2035.75, 9846.0], [2036.0, 28605.0], [2036.25, 418.0], [2036.5, 7129.0], [2036.75, 34632.0], [2037.0, 52928.0], [2037.75, 1477.0], [2038.0, 1517.0], [2038.25, 1473.0]]}}}
{"jsonrpc": "2.0", "method": "subscription", "params": {"channel": "book.ETH-14MAR25.none.20.100ms", "data": {"timestamp": 1741569654572, "change_id": 61594615813, "instrument_name": "ETH-14MAR25", "bids": [[2032.5, 1400.0], [2032.25, 14910.0], [2032.0, 39289.0], [2031.75, 28906.0], [2031.5, 10218.0], [2031.25, 1953.0], [2031.0, 3403.0], [2030.75, 6646.0], [2030.5, 28867.0], [2030.25, 91859.0], [2030.0, 1942.0], [2029.75, 1942.0], [2029.5, 9384.0], [2029.25, 26810.0], [2029.0, 1891.0], [2028.75, 17413.0], [2028.5, 52913.0], [2027.75, 500.0], [2027.5, 1503.0], [2026.75, 2897.0]], "asks": [[2032.75, 1.0], [2033.0, 5294.0], [2033.25, 16928.0], [2033.5, 14425.0], [2033.75, 1475.0], [2034.0, 418.0], [2034.25, 9157.0], [2034.5, 26730.0], [2034.75, 4795.0], [2035.0, 5785.0], [2035.25, 9607.0], [2035.5, 418.0], [2035.75, 9846.0], [2036.0, 28605.0], [2036.25, 418.0], [2036.5, 7129.0], [2036.75, 34632.0], [2037.0, 52928.0], [2037.75, 1477.0], [2038.0, 1517.0]]}}}
{"jsonrpc": "2.0", "method": "subscription", "params": {"channel": "book.ETH-21MAR25.none.20.100ms", "data": {"timestamp": 1741569654572, "change_id": 61594615811, "instrument_name": "ETH-21MAR25", "bids": [[2033.5, 1250.0], [2033.25, 4375.0], [2033.0, 4554.0], [2032.75, 11671.0], [2032.5, 1266.0], [2032.25, 2763.0], [2032.0, 9635.0], [2031.75, 5783.0], [2031.5, 16483.0], [2031.25, 378.0], [2031.0, 1626.0], [2030.75, 28476.0], [2030.5, 91589.0], [2030.25, 8430.0], [2030.0, 24400.0], [2029.75, 1632.0], [2029.5, 1624.0], [2029.25, 1260.0], [2029.0, 47558.0], [2028.75, 1739.0]], "asks": [[2034.0, 2455.0], [2034.25, 4661.0], [2034.5, 12712.0], [2034.75, 9824.0], [2035.0, 5026.0], [2035.25, 13123.0], [2035.5, 28718.0], [2035.75, 6012.0], [2036.0, 4186.0], [2036.25, 1589.0], [2036.5, 1589.0], [2036.75, 1590.0], [2037.0, 1227.0], [2037.25, 367.0], [2037.5, 1222.0], [2037.75, 15123.0], [2038.0, 53326.0], [2038.75, 47102.0], [2039.25, 1246.0], [2039.75, 1746.0]]}}}
{"jsonrpc": "2.0", "method": "subscription", "params": {"channel": "book.ETH-21MAR25.none.20.100ms", "data": {"timestamp": 1741569654846, "change_id": 61594616275, "instrument_name": "ETH-21MAR25", "bids": [[2033.5, 2600.0], [2033.25, 5066.0], [2033.0, 7154.0], [2032.75, 15446.0], [2032.5, 1266.0], [2032.25, 2763.0], [2032.0, 9635.0], [2031.75, 5783.0], [2031.5, 16483.0], [2031.25, 378.0], [2031.0, 1626.0], [2030.75, 28476.0], [2030.5, 91589.0], [2030.25, 8430.0], [2030.0, 24400.0], [2029.75, 1632.0], [2029.5, 1624.0], [2029.25, 1260.0], [2029.0, 47558.0], [2028.75, 1739.0]], "asks": [[2034.0, 8436.0], [2034.25, 11775.0], [2034.5, 3856.0], [2034.75, 9824.0], [2035.0, 5026.0], [2035.25, 13123.0], [2035.5, 28718.0], [2035.75, 6012.0], [2036.0, 4186.0], [2036.25, 1589.0], [2036.5, 1589.0], [2036.75, 1590.0], [2037.0, 1227.0], [2037.25, 367.0], [2037.5, 1222.0], [2037.75, 15123.0], [2038.0, 53326.0], [2038.75, 47102.0], [2039.25, 1246.0], [2039.75, 1746.0]]}}}
{"jsonrpc": "2.0", "method": "subscription", "params": {"channel": "book.ETH-14MAR25.none.20.100ms", "data": {"timestamp": 1741569654840, "change_id": 61594616266, "instrument_name": "ETH-14MAR25", "bids": [[2032.5, 1401.0], [2032.25, 9107.0], [2032.0, 23032.0], [2031.75, 29560.0], [2031.5, 10218.0], [2031.25, 1953.0], [2031.0, 3403.0], [2030.75, 6646.0], [2030.5, 28867.0], [2030.25, 91859.0], [2030.0, 1942.0], [2029.75, 1942.0], [2029.5, 9384.0], [2029.25, 26810.0], [2029.0, 1891.0], [2028.75, 17413.0], [2028.5, 52913.0], [2027.75, 500.0], [2027.5, 1503.0], [2026.75, 2897.0]], "asks": [[2033.0, 5294.0], [2033.25, 19325.0], [2033.5, 14305.0], [2033.75, 1475.0], [2034.0, 418.0], [2034.25, 9157.0], [2034.5, 26730.0], [2034.75, 4795.0], [2035.0, 5785.0], [2035.25, 9607.0], [2035.5, 418.0], [2035.75, 9846.0], [2036.0, 28605.0], [2036.25, 418.0], [2036.5, 7129.0], [2036.75, 34632.0], [2037.0, 52928.0], [2038.0, 1517.0], [2038.25, 1473.0], [2038.5, 6281.0]]}}}
{"jsonrpc": "2.0", "method": "subscription", "params": {"channel": "book.ETH-14MAR25.none.20.100ms", "data": {"timestamp": 1741569655226, "change_id": 61594616647, "instrument_name": "ETH-14MAR25", "bids": [[2032.5, 4257.0], [2032.25, 9107.0], [2032.0, 27188.0], [2031.75, 45815.0], [2031.5, 10218.0], [2031.25, 1953.0], [2031.0, 3403.0], [2030.75, 6646.0], [2030.5, 28867.0], [2030.25, 91859.0], [2030.0, 1942.0], [2029.75, 1942.0], [2029.5, 9384.0], [2029.25, 26810.0], [2029.0, 1891.0], [2028.75, 17413.0], [2028.5, 52913.0], [2027.75, 500.0], [2027.5, 1503.0], [2026.75, 2897.0]], "asks": [[2033.0, 3794.0], [2033.25, 19325.0], [2033.5, 14305.0], [2033.75, 1475.0], [2034.0, 418.0], [2034.25, 9157.0], [2034.5, 26730.0], [2034.75, 4795.0], [2035.0, 5785.0], [2035.25, 9607.0], [2035.5, 418.0], [2035.75, 9846.0], [2036.0, 28605.0], [2036.25, 418.0], [2036.5, 7129.0], [2036.75, 34632.0], [2037.0, 52928.0], [2038.0, 1517.0], [2038.25, 1473.0], [2038.5, 6281.0]]}}}
{"jsonrpc": "2.0", "method": "subscription", "params": {"channel": "book.ETH-21MAR25.none.20.100ms", "data": {"timestamp": 1741569655234, "change_id": 61594616656, "instrument_name": "ETH-21MAR25", "bids": [[2033.5, 20005.0], [2033.25, 7896.0], [2033.0, 15407.0], [2032.75, 5446.0], [2032.5, 1266.0], [2032.25, 2763.0], [2032.0, 9635.0], [2031.75, 5783.0], [2031.5, 16483.0], [2031.25, 378.0], [2031.0, 1626.0], [2030.75, 28476.0], [2030.5, 91589.0], [2030.25, 8430.0], [2030.0, 24400.0], [2029.75, 1632.0], [2029.5, 1624.0], [2029.25, 1260.0], [2029.0, 47558.0], [2028.75, 1739.0]], "asks": [[2034.0, 3775.0], [2034.25, 11775.0], [2034.5, 3856.0], [2034.75, 9824.0], [2035.0, 5026.0], [2035.25, 13123.0], [2035.5, 28718.0], [2035.75, 6012.0], [2036.0, 4186.0], [2036.25, 1589.0], [2036.5, 1589.0], [2036.75, 1590.0], [2037.0, 1227.0], [2037.25, 367.0], [2037.5, 1222.0], [2037.75, 15123.0], [2038.0, 53326.0], [2038.75, 47102.0], [2039.25, 1246.0], [2039.75, 1746.0]]}}}
{"jsonrpc": "2.0", "method": "subscription", "params": {"channel": "book.ETH-14MAR25.none.20.100ms", "data": {"timestamp": 1741569655512, "change_id": 61594617137, "instrument_name": "ETH-14MAR25", "bids": [[2032.5, 5756.0], [2032.25, 9107.0], [2032.0, 27188.0], [2031.75, 45815.0], [2031.5, 10218.0], [2031.25, 1953.0], [2031.0, 3403.0], [2030.75, 6646.0], [2030.5, 28867.0], [2030.25, 91859.0], [2030.0, 1942.0], [2029.75, 1942.0], [2029.5, 9384.0], [2029.25, 26810.0], [2029.0, 1891.0], [2028.75, 17413.0], [2028.5, 52913.0], [2027.75, 500.0], [2027.5, 1503.0], [2026.75, 2897.0]], "asks": [[2033.25, 19325.0], [2033.5, 14305.0], [2033.75, 9157.0], [2034.0, 26023.0], [2034.25, 1475.0], [2034.5, 1125.0], [2034.75, 4795.0], [2035.0, 5785.0], [2035.25, 9607.0], [2035.5, 418.0], [2035.75, 9846.0], [2036.0, 28605.0], [2036.25, 418.0], [2036.5, 7129.0], [2036.75, 34632.0], [2037.0, 52928.0], [2038.0, 1517.0], [2038.25, 1473.0], [2038.5, 6281.0], [2039.0, 1477.0]]}}}
{"jsonrpc": "2.0", "method": "subscription", "params": {"channel": "book.ETH-21MAR25.none.20.100ms", "data": {"timestamp": 1741569655425, "change_id": 61594616944, "instrument_name": "ETH-21MAR25", "bids": [[2033.5, 20005.0], [2033.25, 7896.0], [2033.0, 15407.0], [2032.75, 5446.0], [2032.5, 1266.0], [2032.25, 2763.0], [2032.0, 9635.0], [2031.75, 5783.0], [2031.5, 16483.0], [2031.25, 378.0], [2031.0, 1626.0], [2030.75, 28476.0], [2030.5, 91589.0], [2030.25, 8430.0], [2030.0, 24400.0], [2029.75, 1632.0], [2029.5, 1624.0], [2029.25, 1260.0], [2029.0, 47558.0], [2028.75, 1739.0]], "asks": [[2034.0, 3775.0], [2034.25, 11775.0], [2034.5, 3856.0], [2034.75, 9824.0], [2035.0, 5026.0], [2035.25, 13123.0], [2035.5, 28718.0], [2035.75, 6012.0], [2036.0, 4186.0], [2036.25, 1589.0], [2036.5, 1589.0], [2036.75, 1590.0], [2037.0, 1227.0], [2037.25, 367.0], [2037.5, 1222.0], [2037.75, 15123.0], [2038.0, 53326.0], [2038.75, 47102.0], [2039.25, 1246.0], [2039.75, 1746.0]]}}}
{"jsonrpc": "2.0", "method": "subscription", "params": {"channel": "book.ETH-21MAR25.none.20.100ms", "data": {"timestamp": 1741569655875, "change_id": 61594617690, "instrument_name": "ETH-21MAR25", "bids": [[2033.75, 18704.0], [2033.5, 4918.0], [2033.25, 7910.0], [2033.0, 18097.0], [2032.75, 1671.0], [2032.5, 1266.0], [2032.25, 2763.0], [2032.0, 9635.0], [2031.75, 5783.0], [2031.5, 16483.0], [2031.25, 378.0], [2031.0, 1626.0], [2030.75, 28476.0], [2030.5, 91589.0], [2030.25, 8430.0], [2030.0, 24400.0], [2029.75, 1632.0], [2029.5, 1624.0], [2029.25, 1260.0], [2029.0, 47558.0]], "asks": [[2034.25, 15145.0], [2034.5, 2592.0], [2034.75, 9824.0], [2035.0, 5026.0], [2035.25, 13123.0], [2035.5, 27887.0], [2035.75, 3412.0], [2036.0, 4186.0], [2036.25, 1589.0], [2036.5, 1589.0], [2036.75, 1590.0], [2037.0, 1227.0], [2037.25, 367.0], [2037.5, 1222.0], [2037.75, 15123.0], [2038.0, 53326.0], [2038.75, 47102.0], [2039.25, 1246.0], [2039.75, 1746.0], [2040.25, 1246.0]]}}}
{"jsonrpc": "2.0", "method": "subscription", "params": {"channel": "book.ETH-14MAR25.none.20.100ms", "data": {"timestamp": 1741569655892, "change_id": 61594617718, "instrument_name": "ETH-14MAR25", "bids": [[2032.75, 2720.0], [2032.5, 5254.0], [2032.25, 6308.0], [2032.0, 27188.0], [2031.75, 45815.0], [2031.5, 10218.0], [2031.25, 1953.0], [2031.0, 3403.0], [2030.75, 6646.0], [2030.5, 28867.0], [2030.25, 91859.0], [2030.0, 1942.0], [2029.75, 1942.0], [2029.5, 9384.0], [2029.25, 26810.0], [2029.0, 1891.0], [2028.75, 17413.0], [2028.5, 52913.0], [2027.75, 500.0], [2027.5, 1503.0]], "asks": [[2033.25, 19325.0], [2033.5, 14305.0], [2033.75, 9157.0], [2034.0, 26023.0], [2034.25, 1475.0], [2034.5, 1125.0], [2034.75, 4795.0], [2035.0, 5785.0], [2035.25, 9607.0], [2035.5, 418.0], [2035.75, 9846.0], [2036.0, 28605.0], [2036.25, 418.0], [2036.5, 7129.0], [2036.75, 34632.0], [2037.0, 52928.0], [2038.0, 1517.0], [2038.25, 1473.0], [2038.5, 6281.0], [2039.0, 1477.0]]}}}
{"jsonrpc": "2.0", "method": "subscription", "params": {"channel": "book.ETH-14MAR25.none.20.100ms", "data": {"timestamp": 1741569656054, "change_id": 61594617916, "instrument_name": "ETH-14MAR25", "bids": [[2032.5, 6332.0], [2032.25, 10084.0], [2032.0, 23412.0], [2031.75, 45815.0], [2031.5, 10218.0], [2031.25, 1953.0], [2031.0, 3403.0], [2030.75, 6646.0], [2030.5, 28867.0], [2030.25, 91859.0], [2030.0, 1942.0], [2029.75, 1942.0], [2029.5, 9384.0], [2029.25, 26810.0], [2029.0, 1891.0], [2028.75, 17413.0], [2028.5, 52913.0], [2027.75, 500.0], [2027.5, 1503.0], [2026.75, 2897.0]], "asks": [[2033.0, 1.0], [2033.25, 17825.0], [2033.5, 14305.0], [2033.75, 9157.0], [2034.0, 26023.0], [2034.25, 1475.0], [2034.5, 1125.0], [2034.75, 4795.0], [2035.0, 5785.0], [2035.25, 9607.0], [2035.5, 418.0], [2035.75, 9846.0], [2036.0, 28605.0], [2036.25, 418.0], [2036.5, 7129.0], [2036.75, 34632.0], [2037.0, 52928.0], [2038.0, 1517.0], [2038.25, 1473.0], [2038.5, 6281.0]]}}}
{"jsonrpc": "2.0", "method": "subscription", "params": {"channel": "book.ETH-21MAR25.none.20.100ms", "data": {"timestamp": 1741569656175, "change_id": 61594618037, "instrument_name": "ETH-21MAR25", "bids": [[2033.75, 3704.0], [2033.5, 4918.0], [2033.25, 8030.0], [2033.0, 17977.0], [2032.75, 1671.0], [2032.5, 1266.0], [2032.25, 2763.0], [2032.0, 9635.0], [2031.75, 5783.0], [2031.5, 16483.0], [2031.25, 378.0], [2031.0, 1626.0], [2030.75, 28476.0], [2030.5, 91589.0], [2030.25, 8430.0], [2030.0, 24400.0], [2029.75, 1632.0], [2029.5, 1624.0], [2029.25, 1260.0], [2029.0, 47558.0]], "asks": [[2034.25, 15145.0], [2034.5, 2592.0], [2034.75, 9824.0], [2035.0, 5026.0], [2035.25, 13123.0], [2035.5, 27887.0], [2035.75, 3412.0], [2036.0, 4186.0], [2036.25, 1589.0], [2036.5, 1589.0], [2036.75, 1590.0], [2037.0, 1227.0], [2037.25, 367.0], [2037.5, 1222.0], [2037.75, 15123.0], [2038.0, 53326.0], [2038.75, 47102.0], [2039.25, 1246.0], [2039.75, 1746.0], [2040.25, 1246.0]]}}}
{"jsonrpc": "2.0", "method": "subscription", "params": {"channel": "book.ETH-21MAR25.none.20.100ms", "data": {"timestamp": 1741569656324, "change_id": 61594618253, "instrument_name": "ETH-21MAR25", "bids": [[2033.75, 2600.0], [2033.5, 4918.0], [2033.25, 8030.0], [2033.0, 17977.0], [2032.75, 1671.0], [2032.5, 1266.0], [2032.25, 2763.0], [2032.0, 9635.0], [2031.75, 5783.0], [2031.5, 16483.0], [2031.25, 378.0], [2031.0, 1626.0], [2030.75, 28476.0], [2030.5, 91589.0], [2030.25, 8430.0], [2030.0, 24400.0], [2029.75, 1632.0], [2029.5, 1624.0], [2029.25, 1260.0], [2029.0, 47558.0]], "asks": [[2034.25, 15145.0], [2034.5, 2592.0], [2034.75, 9824.0], [2035.0, 5026.0], [2035.25, 13123.0], [2035.5, 27887.0], [2035.75, 3412.0], [2036.0, 4186.0], [2036.25, 1589.0], [2036.5, 1589.0], [2036.75, 1590.0], [2037.0, 1227.0], [2037.25, 367.0], [2037.5, 1222.0], [2037.75, 15123.0], [2038.0, 53326.0], [2038.75, 47102.0], [2039.25, 1246.0], [2039.75, 1746.0], [2040.25, 1246.0]]}}}
{"jsonrpc": "2.0", "method": "subscription", "params": {"channel": "book.ETH-14MAR25.none.20.100ms", "data": {"timestamp": 1741569656340, "change_id": 61594618262, "instrument_name": "ETH-14MAR25", "bids": [[2032.5, 4932.0], [2032.25, 10084.0], [2032.0, 19256.0], [2031.75, 29560.0], [2031.5, 10218.0], [2031.25, 1953.0], [2031.0, 3403.0], [2030.75, 6646.0], [2030.5, 28867.0], [2030.25, 91859.0], [2030.0, 1942.0], [2029.75, 1942.0], [2029.5, 9384.0], [2029.25, 26810.0], [2029.0, 1891.0], [2028.75, 17413.0], [2028.5, 52913.0], [2027.75, 500.0], [2027.5, 1503.0], [2026.75, 2897.0]], "asks": [[2033.25, 17825.0], [2033.5, 14305.0], [2033.75, 9157.0], [2034.0, 26023.0], [2034.25, 1475.0], [2034.5, 1125.0], [2034.75, 4795.0], [2035.0, 5785.0], [2035.25, 9607.0], [2035.5, 418.0], [2035.75, 9846.0], [2036.0, 28605.0], [2036.25, 418.0], [2036.5, 7129.0], [2036.75, 34632.0], [2037.0, 52928.0], [2038.0, 1517.0], [2038.25, 1473.0], [2038.5, 6281.0], [2039.0, 1477.0]]}}}
{"jsonrpc": "2.0", "method": "subscription", "params": {"channel": "book.ETH-14MAR25.none.20.100ms", "data": {"timestamp": 1741569656879, "change_id": 61594618782, "instrument_name": "ETH-14MAR25", "bids": [[2032.5, 6332.0], [2032.25, 14716.0], [2032.0, 35512.0], [2031.75, 29560.0], [2031.5, 10218.0], [2031.25, 1953.0], [2031.0, 3403.0], [2030.75, 6646.0], [2030.5, 28867.0], [2030.25, 91859.0], [2030.0, 1942.0], [2029.75, 1942.0], [2029.5, 9384.0], [2029.25, 26810.0], [2029.0, 1891.0], [2028.75, 17413.0], [2028.5, 52913.0], [2027.75, 500.0], [2027.5, 1503.0], [2026.75, 2897.0]], "asks": [[2033.25, 19325.0], [2033.5, 15705.0], [2033.75, 9157.0], [2034.0, 26023.0], [2034.25, 1475.0], [2034.5, 1125.0], [2034.75, 4795.0], [2035.0, 5785.0], [2035.25, 9607.0], [2035.5, 418.0], [2035.75, 9846.0], [2036.0, 28605.0], [2036.25, 418.0], [2036.5, 7129.0], [2036.75, 34632.0], [2037.0, 52928.0], [2038.0, 1517.0], [2038.25, 1473.0], [2038.5, 6281.0], [2039.0, 1477.0]]}}}
{"jsonrpc": "2.0", "method": "subscription", "params": {"channel": "book.ETH-21MAR25.none.20.100ms", "data": {"timestamp": 1741569656842, "change_id": 61594618771, "instrument_name": "ETH-21MAR25", "bids": [[2033.75, 2600.0], [2033.5, 4918.0], [2033.25, 8030.0], [2033.0, 17977.0], [2032.75, 2375.0], [2032.5, 3866.0], [2032.25, 2763.0], [2032.0, 9635.0], [2031.75, 5783.0], [2031.5, 16483.0], [2031.25, 378.0], [2031.0, 1626.0], [2030.75, 28476.0], [2030.5, 91589.0], [2030.25, 8430.0], [2030.0, 24400.0], [2029.75, 1632.0], [2029.5, 1624.0], [2029.25, 1260.0], [2029.0, 47558.0]], "asks": [[2034.0, 3775.0], [2034.25, 11370.0], [2034.5, 2592.0], [2034.75, 9824.0], [2035.0, 5026.0], [2035.25, 13123.0], [2035.5, 27887.0], [2035.75, 3412.0], [2036.0, 4186.0], [2036.25, 1589.0], [2036.5, 1589.0], [2036.75, 1590.0], [2037.0, 1227.0], [2037.25, 367.0], [2037.5, 1222.0], [2037.75, 15123.0], [2038.0, 53326.0], [2038.75, 47102.0], [2039.25, 1246.0], [2039.75, 1746.0]]}}}
{"jsonrpc": "2.0", "method": "subscription", "params": {"channel": "book.ETH-21MAR25.none.20.100ms", "data": {"timestamp": 1741569657187, "change_id": 61594619190, "instrument_name": "ETH-21MAR25", "bids": [[2033.5, 19918.0], [2033.25, 6766.0], [2033.0, 15287.0], [2032.75, 6150.0], [2032.5, 3866.0], [2032.25, 2763.0], [2032.0, 9635.0], [2031.75, 5783.0], [2031.5, 16483.0], [2031.25, 378.0], [2031.0, 1626.0], [2030.75, 28476.0], [2030.5, 91589.0], [2030.25, 8430.0], [2030.0, 24400.0], [2029.75, 1632.0], [2029.5, 1624.0], [2029.25, 1260.0], [2029.0, 47558.0], [2028.75, 1739.0]], "asks": [[2034.0, 3775.0], [2034.25, 11749.0], [2034.5, 3856.0], [2034.75, 9824.0], [2035.0, 5026.0], [2035.25, 13123.0], [2035.5, 27887.0], [2035.75, 3412.0], [2036.0, 4186.0], [2036.25, 1589.0], [2036.5, 1589.0], [2036.75, 1590.0], [2037.0, 1227.0], [2037.25, 367.0], [2037.5, 1222.0], [2037.75, 15123.0], [2038.0, 53326.0], [2038.75, 47102.0], [2039.25, 1246.0], [2039.75, 1746.0]]}}}
{"jsonrpc": "2.0", "method": "subscription", "params": {"channel": "book.ETH-14MAR25.none.20.100ms", "data": {"timestamp": 1741569657189, "change_id": 61594619195, "instrument_name": "ETH-14MAR25", "bids": [[2032.5, 3837.0], [2032.25, 18395.0], [2032.0, 40212.0], [2031.75, 5045.0], [2031.5, 10218.0], [2031.25, 1953.0], [2031.0, 3403.0], [2030.75, 6646.0], [2030.5, 28867.0], [2030.25, 91859.0], [2030.0, 1942.0], [2029.75, 1942.0], [2029.5, 9384.0], [2029.25, 26810.0], [2029.0, 1891.0], [2028.75, 17413.0], [2028.5, 52913.0], [2027.75, 500.0], [2027.5, 1503.0], [2026.75, 2897.0]], "asks": [[2033.25, 19325.0], [2033.5, 15705.0], [2033.75, 9157.0], [2034.0, 26023.0], [2034.25, 1475.0], [2034.5, 1125.0], [2034.75, 4795.0], [2035.0, 5785.0], [2035.25, 9607.0], [2035.5, 418.0], [2035.75, 9846.0], [2036.0, 28605.0], [2036.25, 418.0], [2036.5, 7129.0], [2036.75, 39384.0], [2037.0, 52928.0], [2038.0, 1517.0], [2038.25, 1473.0], [2038.5, 1529.0], [2039.0, 1477.0]]}}}
{"jsonrpc": "2.0", "method": "subscription", "params": {"channel": "book.ETH-14MAR25.none.20.100ms", "data": {"timestamp": 1741569657267, "change_id": 61594619235, "instrument_name": "ETH-14MAR25", "bids": [[2032.5, 5336.0], [2032.25, 13518.0], [2032.0, 40212.0], [2031.75, 5045.0], [2031.5, 10218.0], [2031.25, 1953.0], [2031.0, 3403.0], [2030.75, 6646.0], [2030.5, 28867.0], [2030.25, 91859.0], [2030.0, 1942.0], [2029.75, 1942.0], [2029.5, 9384.0], [2029.25, 26810.0], [2029.0, 1891.0], [2028.75, 17413.0], [2028.5, 52913.0], [2027.75, 500.0], [2027.5, 1503.0], [2026.75, 2897.0]], "asks": [[2033.25, 19325.0], [2033.5, 15705.0], [2033.75, 9157.0], [2034.0, 26023.0], [2034.25, 1475.0], [2034.5, 1125.0], [2034.75, 4795.0], [2035.0, 5785.0], [2035.25, 9607.0], [2035.5, 418.0], [2035.75, 9846.0], [2036.0, 28605.0], [2036.25, 418.0], [2036.5, 7129.0], [2036.75, 39384.0], [2037.0, 52928.0], [2038.25, 1473.0], [2038.5, 1529.0], [2039.0, 1477.0], [2039.25, 51150.0]]}}}
{"jsonrpc": "2.0", "method": "subscription", "params": {"channel": "book.ETH-21MAR25.none.20.100ms", "data": {"timestamp": 1741569657263, "change_id": 61594619231, "instrument_name": "ETH-21MAR25", "bids": [[2033.5, 19918.0], [2033.25, 6766.0], [2033.0, 17977.0], [2032.75, 2375.0], [2032.5, 3866.0], [2032.25, 2763.0], [2032.0, 9635.0], [2031.75, 5783.0], [2031.5, 16483.0], [2031.25, 378.0], [2031.0, 1626.0], [2030.75, 28476.0], [2030.5, 91589.0], [2030.25, 8430.0], [2030.0, 24400.0], [2029.75, 1632.0], [2029.5, 1624.0], [2029.25, 1260.0], [2029.0, 47558.0], [2028.75, 1739.0]], "asks": [[2034.0, 3775.0], [2034.25, 11370.0], [2034.5, 3856.0], [2034.75, 9824.0], [2035.0, 5026.0], [2035.25, 13123.0], [2035.5, 27887.0], [2035.75, 3412.0], [2036.0, 4186.0], [2036.25, 1589.0], [2036.5, 1589.0], [2036.75, 1590.0], [2037.0, 1227.0], [2037.25, 367.0], [2037.5, 1222.0], [2037.75, 15123.0], [2038.0, 53326.0], [2038.75, 47102.0], [2039.25, 1246.0], [2039.75, 1746.0]]}}}
{"jsonrpc": "2.0", "method": "subscription", "params": {"channel": "book.ETH-14MAR25.none.20.100ms", "data": {"timestamp": 1741569657881, "change_id": 61594620013, "instrument_name": "ETH-14MAR25", "bids": [[2032.5, 4257.0], [2032.25, 14918.0], [2032.0, 40212.0], [2031.75, 5045.0], [2031.5, 10218.0], [2031.25, 1953.0], [2031.0, 3403.0], [2030.75, 6646.0], [2030.5, 28867.0], [2030.25, 91859.0], [2030.0, 1942.0], [2029.75, 1942.0], [2029.5, 9384.0], [2029.25, 26810.0], [2029.0, 1891.0], [2028.75, 17413.0], [2028.5, 52913.0], [2027.75, 500.0], [2027.5, 1503.0], [2026.75, 2897.0]], "asks": [[2032.75, 1.0], [2033.0, 3582.0], [2033.25, 19325.0], [2033.5, 15705.0], [2033.75, 9157.0], [2034.0, 26023.0], [2034.25, 1475.0], [2034.5, 1125.0], [2034.75, 4795.0], [2035.0, 5785.0], [2035.25, 9607.0], [2035.5, 418.0], [2035.75, 9846.0], [2036.0, 28605.0], [2036.25, 418.0], [2036.5, 7129.0], [2036.75, 39384.0], [2037.0, 52928.0], [2038.25, 1473.0], [2038.5, 1529.0]]}}}
{"jsonrpc": "2.0", "method": "subscription", "params": {"channel": "book.ETH-21MAR25.none.20.100ms", "data": {"timestamp": 1741569658069, "change_id": 61594620183, "instrument_name": "ETH-21MAR25", "bids": [[2033.75, 2600.0], [2033.5, 19918.0], [2033.25, 8030.0], [2033.0, 15287.0], [2032.75, 6150.0], [2032.5, 3866.0], [2032.25, 2763.0], [2032.0, 9635.0], [2031.75, 5783.0], [2031.5, 16483.0], [2031.25, 378.0], [2031.0, 1626.0], [2030.75, 28476.0], [2030.5, 91589.0], [2030.25, 8430.0], [2030.0, 24400.0], [2029.75, 1632.0], [2029.5, 1624.0], [2029.25, 1260.0], [2029.0, 47558.0]], "asks": [[2034.0, 3775.0], [2034.25, 10120.0], [2034.5, 2592.0], [2034.75, 9824.0], [2035.0, 5026.0], [2035.25, 13123.0], [2035.5, 27887.0], [2035.75, 3412.0], [2036.0, 4186.0], [2036.25, 1589.0], [2036.5, 1589.0], [2036.75, 1590.0], [2037.0, 1227.0], [2037.25, 367.0], [2037.5, 1222.0], [2037.75, 15123.0], [2038.0, 53326.0], [2038.75, 47102.0], [2039.25, 1246.0], [2039.75, 1746.0]]}}}
{"jsonrpc": "2.0", "method": "subscription", "params": {"channel": "book.ETH-14MAR25.none.20.100ms", "data": {"timestamp": 1741569658181, "change_id": 61594620281, "instrument_name": "ETH-14MAR25", "bids": [[2032.5, 5756.0], [2032.25, 14918.0], [2032.0, 40212.0], [2031.75, 5045.0], [2031.5, 10218.0], [2031.25, 1953.0], [2031.0, 3403.0], [2030.75, 6646.0], [2030.5, 28867.0], [2030.25, 91859.0], [2030.0, 1942.0], [2029.75, 1942.0], [2029.5, 9384.0], [2029.25, 26810.0], [2029.0, 1891.0], [2028.75, 17413.0], [2028.5, 52913.0], [2027.75, 500.0], [2027.5, 1503.0], [2026.75, 2897.0]], "asks": [[2033.0, 4615.0], [2033.25, 19325.0], [2033.5, 15705.0], [2033.75, 9157.0], [2034.0, 26023.0], [2034.25, 1475.0], [2034.5, 1125.0], [2034.75, 4795.0], [2035.0, 5785.0], [2035.25, 9607.0], [2035.5, 418.0], [2035.75, 9846.0], [2036.0, 28605.0], [2036.25, 418.0], [2036.5, 7129.0], [2036.75, 39384.0], [2037.0, 52928.0], [2038.25, 1473.0], [2038.5, 1529.0], [2039.0, 1477.0]]}}}
{"jsonrpc": "2.0", "method": "subscription", "params": {"channel": "book.ETH-14MAR25.none.20.100ms", "data": {"timestamp": 1741569658542, "change_id": 61594620654, "instrument_name": "ETH-14MAR25", "bids": [[2032.5, 5756.0], [2032.25, 14918.0], [2032.0, 40212.0], [2031.75, 5045.0], [2031.5, 10218.0], [2031.25, 1953.0], [2031.0, 3403.0], [2030.75, 6646.0], [2030.5, 28867.0], [2030.25, 91859.0], [2030.0, 1942.0], [2029.75, 1942.0], [2029.5, 9384.0], [2029.25, 26810.0], [2029.0, 1891.0], [2028.75, 17413.0], [2028.5, 52913.0], [2027.75, 500.0], [2027.5, 1503.0], [2026.75, 2897.0]], "asks": [[2033.0, 1.0], [2033.25, 19325.0], [2033.5, 15705.0], [2033.75, 9157.0], [2034.0, 26023.0], [2034.25, 1475.0], [2034.5, 1125.0], [2034.75, 4795.0], [2035.0, 5785.0], [2035.25, 9607.0], [2035.5, 418.0], [2035.75, 9846.0], [2036.0, 28605.0], [2036.25, 418.0], [2036.5, 7129.0], [2036.75, 39384.0], [2037.0, 52928.0], [2038.25, 1473.0], [2038.5, 1529.0], [2039.0, 1477.0]]}}}
{"jsonrpc": "2.0", "method": "subscription", "params": {"channel": "book.ETH-21MAR25.none.20.100ms", "data": {"timestamp": 1741569658792, "change_id": 61594621079, "instrument_name": "ETH-21MAR25", "bids": [[2033.5, 19918.0], [2033.25, 6766.0], [2033.0, 15287.0], [2032.75, 6150.0], [2032.5, 3866.0], [2032.25, 2763.0], [2032.0, 9635.0], [2031.75, 5783.0], [2031.5, 16483.0], [2031.25, 378.0], [2031.0, 1626.0], [2030.75, 28476.0], [2030.5, 91589.0], [2030.25, 8430.0], [2030.0, 24400.0], [2029.75, 1632.0], [2029.5, 1624.0], [2029.25, 1260.0], [2029.0, 47558.0], [2028.75, 1739.0]], "asks": [[2034.0, 3775.0], [2034.25, 10499.0], [2034.5, 3856.0], [2034.75, 9824.0], [2035.0, 5026.0], [2035.25, 13123.0], [2035.5, 27887.0], [2035.75, 3412.0], [2036.0, 4186.0], [2036.25, 1589.0], [2036.5, 1589.0], [2036.75, 1590.0], [2037.0, 1227.0], [2037.25, 367.0], [2037.5, 1222.0], [2037.75, 15123.0], [2038.0, 53326.0], [2038.75, 47102.0], [2039.25, 1246.0], [2039.75, 1746.0]]}}}
{"jsonrpc": "2.0", "method": "subscription", "params": {"channel": "book.ETH-14MAR25.none.20.100ms", "data": {"timestamp": 1741569658784, "change_id": 61594621077, "instrument_name": "ETH-14MAR25", "bids": [[2032.5, 3318.0], [2032.25, 14918.0], [2032.0, 40212.0], [2031.75, 5045.0], [2031.5, 10218.0], [2031.25, 1953.0], [2031.0, 3403.0], [2030.75, 6646.0], [2030.5, 28867.0], [2030.25, 91859.0], [2030.0, 1942.0], [2029.75, 1942.0], [2029.5, 9384.0], [2029.25, 26810.0], [2029.0, 1891.0], [2028.75, 17413.0], [2028.5, 52913.0], [2027.75, 500.0], [2027.5, 1503.0], [2026.75, 2897.0]], "asks": [[2032.75, 1.0], [2033.0, 4619.0], [2033.25, 19325.0], [2033.5, 15705.0], [2033.75, 9157.0], [2034.0, 26023.0], [2034.25, 1475.0], [2034.5, 1125.0], [2034.75, 4795.0], [2035.0, 5785.0], [2035.25, 9607.0], [2035.5, 418.0], [2035.75, 9846.0], [2036.0, 28605.0], [2036.25, 418.0], [2036.5, 7129.0], [2036.75, 39384.0], [2037.0, 52928.0], [2038.25, 1473.0], [2038.5, 1529.0]]}}}
{"jsonrpc": "2.0", "method": "subscription", "params": {"channel": "book.ETH-14MAR25.none.20.100ms", "data": {"timestamp": 1741569659117, "change_id": 61594621254, "instrument_name": "ETH-14MAR25", "bids": [[2032.5, 2758.0], [2032.25, 14918.0], [2032.0, 40212.0], [2031.75, 5045.0], [2031.5, 10218.0], [2031.25, 1953.0], [2031.0, 3403.0], [2030.75, 6646.0], [2030.5, 28867.0], [2030.25, 91859.0], [2030.0, 1942.0], [2029.75, 1942.0], [2029.5, 9384.0], [2029.25, 26810.0], [2029.0, 1891.0], [2028.75, 17413.0], [2028.5, 52913.0], [2027.75, 500.0], [2027.5, 1503.0], [2026.75, 2897.0]], "asks": [[2033.0, 6119.0], [2033.25, 19325.0], [2033.5, 15705.0], [2033.75, 9157.0], [2034.0, 26023.0], [2034.25, 1475.0], [2034.5, 1125.0], [2034.75, 4795.0], [2035.0, 5785.0], [2035.25, 9607.0], [2035.5, 418.0], [2035.75, 9846.0], [2036.0, 28605.0], [2036.25, 418.0], [2036.5, 7129.0], [2036.75, 39384.0], [2037.0, 52928.0], [2038.25, 1473.0], [2038.5, 1529.0], [2039.0, 1477.0]]}}}
{"jsonrpc": "2.0", "method": "subscription", "params": {"channel": "book.ETH-21MAR25.none.20.100ms", "data": {"timestamp": 1741569659122, "change_id": 61594621255, "instrument_name": "ETH-21MAR25", "bids": [[2033.5, 18668.0], [2033.25, 6766.0], [2033.0, 15287.0], [2032.75, 6150.0], [2032.5, 3866.0], [2032.25, 2763.0], [2032.0, 9635.0], [2031.75, 5783.0], [2031.5, 16483.0], [2031.25, 378.0], [2031.0, 1626.0], [2030.75, 28476.0], [2030.5, 91589.0], [2030.25, 8430.0], [2030.0, 24400.0], [2029.75, 1632.0], [2029.5, 1624.0], [2029.25, 1260.0], [2029.0, 47558.0], [2028.75, 1739.0]], "asks": [[2034.0, 5025.0], [2034.25, 10499.0], [2034.5, 3856.0], [2034.75, 9824.0], [2035.0, 5026.0], [2035.25, 13123.0], [2035.5, 27887.0], [2035.75, 3412.0], [2036.0, 4186.0], [2036.25, 1589.0], [2036.5, 1589.0], [2036.75, 1590.0], [2037.0, 1227.0], [2037.25, 367.0], [2037.5, 1222.0], [2037.75, 15123.0], [2038.0, 53326.0], [2038.75, 47102.0], [2039.25, 1246.0], [2039.75, 1746.0]]}}}
{"jsonrpc": "2.0", "method": "subscription", "params": {"channel": "book.ETH-21MAR25.none.20.100ms", "data": {"timestamp": 1741569659223, "change_id": 61594621376, "instrument_name": "ETH-21MAR25", "bids": [[2033.5, 19918.0], [2033.25, 6766.0], [2033.0, 15287.0], [2032.75, 6150.0], [2032.5, 3866.0], [2032.25, 2763.0], [2032.0, 9635.0], [2031.75, 5783.0], [2031.5, 16483.0], [2031.25, 378.0], [2031.0, 1626.0], [2030.75, 28476.0], [2030.5, 91589.0], [2030.25, 8430.0], [2030.0, 24400.0], [2029.75, 1632.0], [2029.5, 1624.0], [2029.25, 1260.0], [2029.0, 47558.0], [2028.75, 1739.0]], "asks": [[2034.0, 5025.0], [2034.25, 10499.0], [2034.5, 3856.0], [2034.75, 9824.0], [2035.0, 5026.0], [2035.25, 13123.0], [2035.5, 27887.0], [2035.75, 3412.0], [2036.0, 4186.0], [2036.25, 1589.0], [2036.5, 1589.0], [2036.75, 1590.0], [2037.0, 1227.0], [2037.25, 367.0], [2037.5, 1222.0], [2037.75, 15123.0], [2038.0, 53326.0], [2038.75, 47102.0], [2039.25, 1246.0], [2039.75, 1746.0]]}}}
{"jsonrpc": "2.0", "method": "subscription", "params": {"channel": "book.ETH-14MAR25.none.20.100ms", "data": {"timestamp": 1741569659377, "change_id": 61594621536, "instrument_name": "ETH-14MAR25", "bids": [[2032.5, 1818.0], [2032.25, 13415.0], [2032.0, 40212.0], [2031.75, 5045.0], [2031.5, 10218.0], [2031.25, 1953.0], [2031.0, 3403.0], [2030.75, 6646.0], [2030.5, 28867.0], [2030.25, 91859.0], [2030.0, 1942.0], [2029.75, 1942.0], [2029.5, 9384.0], [2029.25, 26810.0], [2029.0, 1891.0], [2028.75, 17413.0], [2028.5, 52913.0], [2027.75, 500.0], [2027.5, 1503.0], [2026.75, 2897.0]], "asks": [[2032.75, 1.0], [2033.0, 6119.0], [2033.25, 19325.0], [2033.5, 15705.0], [2033.75, 9157.0], [2034.0, 26023.0], [2034.25, 1475.0], [2034.5, 1125.0], [2034.75, 4795.0], [2035.0, 5785.0], [2035.25, 9607.0], [2035.5, 418.0], [2035.75, 9846.0], [2036.0, 28605.0], [2036.25, 418.0], [2036.5, 7129.0], [2036.75, 39384.0], [2037.0, 52928.0], [2038.25, 1473.0], [2038.5, 1529.0]]}}}
{"jsonrpc": "2.0", "method": "subscription", "params": {"channel": "book.ETH-14MAR25.none.20.100ms", "data": {"timestamp": 1741569659799, "change_id": 61594622109, "instrument_name": "ETH-14MAR25", "bids": [[2032.5, 3754.0], [2032.25, 14914.0], [2032.0, 40212.0], [2031.75, 5045.0], [2031.5, 10218.0], [2031.25, 1953.0], [2031.0, 3403.0], [2030.75, 6646.0], [2030.5, 28867.0], [2030.25, 91859.0], [2030.0, 1942.0], [2029.75, 1942.0], [2029.5, 9384.0], [2029.25, 26810.0], [2029.0, 1891.0], [2028.75, 17413.0], [2028.5, 52913.0], [2027.75, 500.0], [2027.5, 1503.0], [2026.75, 2897.0]], "asks": [[2032.75, 1.0], [2033.0, 4619.0], [2033.25, 19325.0], [2033.5, 15705.0], [2033.75, 9157.0], [2034.0, 26023.0], [2034.25, 1893.0], [2034.5, 2624.0], [2034.75, 4795.0], [2035.0, 5785.0], [2035.25, 9607.0], [2035.5, 418.0], [2035.75, 9846.0], [2036.0, 28605.0], [2036.25, 418.0], [2036.5, 7129.0], [2036.75, 39384.0], [2037.0, 52928.0], [2038.5, 1529.0], [2039.0, 1477.0]]}}}
{"jsonrpc": "2.0", "method": "subscription", "params": {"channel": "book.ETH-21MAR25.none.20.100ms", "data": {"timestamp": 1741569659741, "change_id": 61594622019, "instrument_name": "ETH-21MAR25", "bids": [[2033.5, 19579.0], [2033.25, 6646.0], [2033.0, 15287.0], [2032.75, 6270.0], [2032.5, 3866.0], [2032.25, 2763.0], [2032.0, 9635.0], [2031.75, 5783.0], [2031.5, 16483.0], [2031.25, 378.0], [2031.0, 1626.0], [2030.75, 28476.0], [2030.5, 91589.0], [2030.25, 8430.0], [2030.0, 24400.0], [2029.75, 1632.0], [2029.5, 1624.0], [2029.25, 1260.0], [2029.0, 47558.0], [2028.75, 1739.0]], "asks": [[2034.0, 3775.0], [2034.25, 10499.0], [2034.5, 3856.0], [2034.75, 9824.0], [2035.0, 5026.0], [2035.25, 13123.0], [2035.5, 27887.0], [2035.75, 3412.0], [2036.0, 4186.0], [2036.25, 1589.0], [2036.5, 1589.0], [2036.75, 1590.0], [2037.0, 1227.0], [2037.25, 367.0], [2037.5, 1222.0], [2037.75, 15123.0], [2038.0, 53326.0], [2038.75, 47102.0], [2039.25, 1246.0], [2039.75, 1746.0]]}}}
{"jsonrpc": "2.0", "method": "subscription", "params": {"channel": "book.ETH-14MAR25.none.20.100ms", "data": {"timestamp": 1741569660180, "change_id": 61594622444, "instrument_name": "ETH-14MAR25", "bids": [[2032.5, 4203.0], [2032.25, 14914.0], [2032.0, 40212.0], [2031.75, 5045.0], [2031.5, 10218.0], [2031.25, 1953.0], [2031.0, 3403.0], [2030.75, 6646.0], [2030.5, 28867.0], [2030.25, 91859.0], [2030.0, 1942.0], [2029.75, 1942.0], [2029.5, 9384.0], [2029.25, 26810.0], [2029.0, 1891.0], [2028.75, 17413.0], [2028.5, 52913.0], [2027.75, 500.0], [2027.5, 1503.0], [2026.75, 2897.0]], "asks": [[2033.25, 19325.0], [2033.5, 15705.0], [2033.75, 9157.0], [2034.0, 26023.0], [2034.25, 1893.0], [2034.5, 2624.0], [2034.75, 4795.0], [2035.0, 5785.0], [2035.25, 9607.0], [2035.5, 418.0], [2035.75, 9846.0], [2036.0, 28605.0], [2036.25, 418.0], [2036.5, 7129.0], [2036.75, 39384.0], [2037.0, 52928.0], [2038.5, 1529.0], [2039.0, 1477.0], [2039.25, 51150.0], [2039.5, 1485.0]]}}}
{"jsonrpc": "2.0", "method": "subscription", "params": {"channel": "book.ETH-21MAR25.none.20.100ms", "data": {"timestamp": 1741569659900, "change_id": 61594622216, "instrument_name": "ETH-21MAR25", "bids": [[2033.5, 19579.0], [2033.25, 6646.0], [2033.0, 15407.0], [2032.75, 6150.0], [2032.5, 3866.0], [2032.25, 2763.0], [2032.0, 9635.0], [2031.75, 5783.0], [2031.5, 16483.0], [2031.25, 378.0], [2031.0, 1626.0], [2030.75, 28476.0], [2030.5, 91589.0], [2030.25, 8430.0], [2030.0, 24400.0], [2029.75, 1632.0], [2029.5, 1624.0], [2029.25, 1260.0], [2029.0, 47558.0], [2028.75, 1739.0]], "asks": [[2034.0, 3775.0], [2034.25, 10499.0], [2034.5, 3856.0], [2034.75, 9824.0], [2035.0, 5026.0], [2035.25, 13123.0], [2035.5, 27887.0], [2035.75, 3412.0], [2036.0, 4186.0], [2036.25, 1589.0], [2036.5, 1589.0], [2036.75, 1590.0], [2037.0, 1227.0], [2037.25, 367.0], [2037.5, 1222.0], [2037.75, 15123.0], [2038.0, 53326.0], [2038.75, 47102.0], [2039.25, 1246.0], [2039.75, 1746.0]]}}}
{"jsonrpc": "2.0", "method": "subscription", "params": {"channel": "book.ETH-14MAR25.none.20.100ms", "data": {"timestamp": 1741569660479, "change_id": 61594622830, "instrument_name": "ETH-14MAR25", "bids": [[2032.5, 2254.0], [2032.25, 13415.0], [2032.0, 40212.0], [2031.75, 5045.0], [2031.5, 10218.0], [2031.25, 1953.0], [2031.0, 3403.0], [2030.75, 6646.0], [2030.5, 28867.0], [2030.25, 91859.0], [2030.0, 1942.0], [2029.75, 1942.0], [2029.5, 9384.0], [2029.25, 26810.0], [2029.0, 1891.0], [2028.75, 17413.0], [2028.5, 52913.0], [2027.75, 500.0], [2027.5, 1503.0], [2026.75, 2897.0]], "asks": [[2033.0, 4943.0], [2033.25, 20824.0], [2033.5, 15705.0], [2033.75, 9157.0], [2034.0, 26023.0], [2034.25, 1893.0], [2034.5, 2624.0], [2034.75, 4795.0], [2035.0, 5785.0], [2035.25, 9607.0], [2035.5, 418.0], [2035.75, 9846.0], [2036.0, 28605.0], [2036.25, 418.0], [2036.5, 7129.0], [2036.75, 39384.0], [2037.0, 52928.0], [2038.5, 1529.0], [2039.0, 1477.0], [2039.25, 51150.0]]}}}
{"jsonrpc": "2.0", "method": "subscription", "params": {"channel": "book.ETH-21MAR25.none.20.100ms", "data": {"timestamp": 1741569660262, "change_id": 61594622532, "instrument_name": "ETH-21MAR25", "bids": [[2033.5, 17600.0], [2033.25, 4046.0], [2033.0, 15407.0], [2032.75, 6150.0], [2032.5, 3866.0], [2032.25, 2763.0], [2032.0, 9635.0], [2031.75, 5783.0], [2031.5, 16483.0], [2031.25, 378.0], [2031.0, 1626.0], [2030.75, 28476.0], [2030.5, 91589.0], [2030.25, 8430.0], [2030.0, 24400.0], [2029.75, 1632.0], [2029.5, 1624.0], [2029.25, 1260.0], [2029.0, 47558.0], [2028.75, 1739.0]], "asks": [[2034.0, 5025.0], [2034.25, 10499.0], [2034.5, 3856.0], [2034.75, 9824.0], [2035.0, 5026.0], [2035.25, 13123.0], [2035.5, 27887.0], [2035.75, 3412.0], [2036.0, 4186.0], [2036.25, 1589.0], [2036.5, 1589.0], [2036.75, 1590.0], [2037.0, 1227.0], [2037.25, 367.0], [2037.5, 1222.0], [2037.75, 15123.0], [2038.0, 53326.0], [2038.75, 47102.0], [2039.25, 1246.0], [2039.75, 1746.0]]}}}
{"jsonrpc": "2.0", "method": "subscription", "params": {"channel": "book.ETH-21MAR25.none.20.100ms", "data": {"timestamp": 1741569660696, "change_id": 61594623029, "instrument_name": "ETH-21MAR25", "bids": [[2033.5, 18850.0], [2033.25, 4046.0], [2033.0, 15407.0], [2032.75, 6150.0], [2032.5, 3866.0], [2032.25, 2763.0], [2032.0, 9635.0], [2031.75, 5783.0], [2031.5, 16483.0], [2031.25, 378.0], [2031.0, 1626.0], [2030.75, 28476.0], [2030.5, 91589.0], [2030.25, 8430.0], [2030.0, 24400.0], [2029.75, 1632.0], [2029.5, 1624.0], [2029.25, 1260.0], [2029.0, 47558.0], [2028.75, 1739.0]], "asks": [[2034.0, 3775.0], [2034.25, 10499.0], [2034.5, 3856.0], [2034.75, 9824.0], [2035.0, 5026.0], [2035.25, 13123.0], [2035.5, 27887.0], [2035.75, 3412.0], [2036.0, 4186.0], [2036.25, 1589.0], [2036.5, 1589.0], [2036.75, 1590.0], [2037.0, 1227.0], [2037.25, 367.0], [2037.5, 1222.0], [2037.75, 15123.0], [2038.0, 53326.0], [2038.75, 47102.0], [2039.25, 1246.0], [2039.75, 1746.0]]}}}
{"jsonrpc": "2.0", "method": "subscription", "params": {"channel": "book.ETH-14MAR25.none.20.100ms", "data": {"timestamp": 1741569660809, "change_id": 61594623152, "instrument_name": "ETH-14MAR25", "bids": [[2032.5, 2756.0], [2032.25, 14914.0], [2032.0, 40212.0], [2031.75, 5045.0], [2031.5, 10218.0], [2031.25, 1953.0], [2031.0, 3403.0], [2030.75, 6646.0], [2030.5, 28867.0], [2030.25, 91859.0], [2030.0, 1942.0], [2029.75, 1942.0], [2029.5, 9384.0], [2029.25, 26810.0], [2029.0, 1891.0], [2028.75, 17413.0], [2028.5, 52913.0], [2027.75, 500.0], [2027.5, 1503.0], [2026.75, 2897.0]], "asks": [[2033.0, 4943.0], [2033.25, 20824.0], [2033.5, 15705.0], [2033.75, 9157.0], [2034.0, 26023.0], [2034.25, 1893.0], [2034.5, 2624.0], [2034.75, 4795.0], [2035.0, 5785.0], [2035.25, 9607.0], [2035.5, 418.0], [2035.75, 9846.0], [2036.0, 28605.0], [2036.25, 418.0], [2036.5, 7129.0], [2036.75, 39384.0], [2037.0, 52928.0], [2038.5, 1529.0], [2039.0, 1477.0], [2039.25, 51150.0]]}}}
{"jsonrpc": "2.0", "method": "subscription", "params": {"channel": "book.ETH-21MAR25.none.20.100ms", "data": {"timestamp": 1741569661179, "change_id": 61594623389, "instrument_name": "ETH-21MAR25", "bids": [[2033.5, 18850.0], [2033.25, 4046.0], [2033.0, 15407.0], [2032.75, 6150.0], [2032.5, 3866.0], [2032.25, 2763.0], [2032.0, 9635.0], [2031.75, 5783.0], [2031.5, 16483.0], [2031.25, 378.0], [2031.0, 1626.0], [2030.75, 28476.0], [2030.5, 91589.0], [2030.25, 8430.0], [2030.0, 24400.0], [2029.75, 1632.0], [2029.5, 1624.0], [2029.25, 1260.0], [2029.0, 47558.0], [2028.75, 1739.0]], "asks": [[2034.0, 3775.0], [2034.25, 10120.0], [2034.5, 3856.0], [2034.75, 9824.0], [2035.0, 5026.0], [2035.25, 13123.0], [2035.5, 27887.0], [2035.75, 3412.0], [2036.0, 4186.0], [2036.25, 1589.0], [2036.5, 1589.0], [2036.75, 1590.0], [2037.0, 1227.0], [2037.25, 367.0], [2037.5, 1222.0], [2037.75, 15123.0], [2038.0, 53326.0], [2038.75, 47102.0], [2039.25, 1246.0], [2039.75, 1746.0]]}}}
{"jsonrpc": "2.0", "method": "subscription", "params": {"channel": "book.ETH-14MAR25.none.20.100ms", "data": {"timestamp": 1741569661106, "change_id": 61594623254, "instrument_name": "ETH-14MAR25", "bids": [[2032.5, 4256.0], [2032.25, 14914.0], [2032.0, 40212.0], [2031.75, 5045.0], [2031.5, 10218.0], [2031.25, 1953.0], [2031.0, 3403.0], [2030.75, 6646.0], [2030.5, 28867.0], [2030.25, 91859.0], [2030.0, 1942.0], [2029.75, 1942.0], [2029.5, 9384.0], [2029.25, 26810.0], [2029.0, 1891.0], [2028.75, 17413.0], [2028.5, 52913.0], [2027.75, 500.0], [2027.5, 1503.0], [2026.75, 2897.0]], "asks": [[2033.25, 19325.0], [2033.5, 15705.0], [2033.75, 9157.0], [2034.0, 26023.0], [2034.25, 1893.0], [2034.5, 2624.0], [2034.75, 4795.0], [2035.0, 5785.0], [2035.25, 9607.0], [2035.5, 418.0], [2035.75, 9846.0], [2036.0, 28605.0], [2036.25, 418.0], [2036.5, 7129.0], [2036.75, 39384.0], [2037.0, 52928.0], [2038.5, 1529.0], [2039.0, 1477.0], [2039.25, 51150.0], [2039.5, 1485.0]]}}}
{"jsonrpc": "2.0", "method": "subscription", "params": {"channel": "book.ETH-14MAR25.none.20.100ms", "data": {"timestamp": 1741569661512, "change_id": 61594623852, "instrument_name": "ETH-14MAR25", "bids": [[2032.5, 2255.0], [2032.25, 18536.0], [2032.0, 56468.0], [2031.75, 5045.0], [2031.5, 10218.0], [2031.25, 1953.0], [2031.0, 3403.0], [2030.75, 6646.0], [2030.5, 28867.0], [2030.25, 91859.0], [2030.0, 1942.0], [2029.75, 1942.0], [2029.5, 9384.0], [2029.25, 26810.0], [2029.0, 1891.0], [2028.75, 17413.0], [2028.5, 52913.0], [2027.75, 500.0], [2027.5, 1503.0], [2026.75, 2897.0]], "asks": [[2033.0, 6119.0], [2033.25, 20824.0], [2033.5, 15705.0], [2033.75, 9157.0], [2034.0, 26023.0], [2034.25, 1893.0], [2034.5, 2624.0], [2034.75, 4795.0], [2035.0, 5785.0], [2035.25, 9607.0], [2035.5, 418.0], [2035.75, 9846.0], [2036.0, 28605.0], [2036.25, 418.0], [2036.5, 7129.0], [2036.75, 39384.0], [2037.0, 52928.0], [2038.5, 1529.0], [2039.0, 1477.0], [2039.25, 51150.0]]}}}
{"jsonrpc": "2.0", "method": "subscription", "params": {"channel": "book.ETH-21MAR25.none.20.100ms", "data": {"timestamp": 1741569661337, "change_id": 61594623599, "instrument_name": "ETH-21MAR25", "bids": [[2033.5, 17600.0], [2033.25, 4046.0], [2033.0, 18097.0], [2032.75, 2375.0], [2032.5, 3866.0], [2032.25, 2763.0], [2032.0, 9635.0], [2031.75, 5783.0], [2031.5, 16483.0], [2031.25, 378.0], [2031.0, 1626.0], [2030.75, 28476.0], [2030.5, 91589.0], [2030.25, 8430.0], [2030.0, 24400.0], [2029.75, 1632.0], [2029.5, 1624.0], [2029.25, 1260.0], [2029.0, 47558.0], [2028.75, 1739.0]], "asks": [[2034.0, 5025.0], [2034.25, 10499.0], [2034.5, 3856.0], [2034.75, 9824.0], [2035.0, 5026.0], [2035.25, 13123.0], [2035.5, 27887.0], [2035.75, 3412.0], [2036.0, 4186.0], [2036.25, 1589.0], [2036.5, 1589.0], [2036.75, 1590.0], [2037.0, 1227.0], [2037.25, 367.0], [2037.5, 1222.0], [2037.75, 15123.0], [2038.0, 53326.0], [2038.75, 47102.0], [2039.25, 1246.0], [2039.75, 1746.0]]}}}
{"jsonrpc": "2.0", "method": "subscription", "params": {"channel": "book.ETH-21MAR25.none.20.100ms", "data": {"timestamp": 1741569661618, "change_id": 61594623985, "instrument_name": "ETH-21MAR25", "bids": [[2033.5, 18850.0], [2033.25, 4046.0], [2033.0, 15407.0], [2032.75, 6150.0], [2032.5, 3866.0], [2032.25, 2763.0], [2032.0, 9635.0], [2031.75, 5783.0], [2031.5, 16483.0], [2031.25, 378.0], [2031.0, 1626.0], [2030.75, 28476.0], [2030.5, 91589.0], [2030.25, 8430.0], [2030.0, 24400.0], [2029.75, 1632.0], [2029.5, 1624.0], [2029.25, 1260.0], [2029.0, 47558.0], [2028.75, 1739.0]], "asks": [[2034.0, 3775.0], [2034.25, 10499.0], [2034.5, 3856.0], [2034.75, 9824.0], [2035.0, 5026.0], [2035.25, 13123.0], [2035.5, 27887.0], [2035.75, 3412.0], [2036.0, 4186.0], [2036.25, 1589.0], [2036.5, 1589.0], [2036.75, 1590.0], [2037.0, 1227.0], [2037.25, 367.0], [2037.5, 1222.0], [2037.75, 15123.0], [2038.0, 53326.0], [2038.75, 47102.0], [2039.25, 1246.0], [2039.75, 1746.0]]}}}
{"jsonrpc": "2.0", "method": "subscription", "params": {"channel": "book.ETH-14MAR25.none.20.100ms", "data": {"timestamp": 1741569661778, "change_id": 61594624184, "instrument_name": "ETH-14MAR25", "bids": [[2032.5, 4149.0], [2032.25, 20035.0], [2032.0, 40212.0], [2031.75, 5045.0], [2031.5, 10218.0], [2031.25, 1953.0], [2031.0, 3403.0], [2030.75, 6646.0], [2030.5, 28867.0], [2030.25, 91859.0], [2030.0, 1942.0], [2029.75, 1942.0], [2029.5, 9384.0], [2029.25, 26810.0], [2029.0, 1891.0], [2028.75, 17413.0], [2028.5, 52913.0], [2027.75, 500.0], [2027.5, 1503.0], [2026.75, 2897.0]], "asks": [[2033.25, 20824.0], [2033.5, 15705.0], [2033.75, 9157.0], [2034.0, 26023.0], [2034.25, 1893.0], [2034.5, 2624.0], [2034.75, 4795.0], [2035.0, 5785.0], [2035.25, 9607.0], [2035.5, 418.0], [2035.75, 9846.0], [2036.0, 28605.0], [2036.25, 418.0], [2036.5, 7129.0], [2036.75, 39384.0], [2037.0, 52928.0], [2038.5, 1529.0], [2039.0, 1477.0], [2039.25, 51150.0], [2039.5, 1485.0]]}}}
{"jsonrpc": "2.0", "method": "subscription", "params": {"channel": "book.ETH-14MAR25.none.20.100ms", "data": {"timestamp": 1741569662074, "change_id": 61594624373, "instrument_name": "ETH-14MAR25", "bids": [[2032.5, 4257.0], [2032.25, 20035.0], [2032.0, 40212.0], [2031.75, 5045.0], [2031.5, 10218.0], [2031.25, 1953.0], [2031.0, 3403.0], [2030.75, 6646.0], [2030.5, 28867.0], [2030.25, 91859.0], [2030.0, 1942.0], [2029.75, 1942.0], [2029.5, 9384.0], [2029.25, 26810.0], [2029.0, 1891.0], [2028.75, 17413.0], [2028.5, 52913.0], [2027.75, 500.0], [2027.5, 1503.0], [2026.75, 2897.0]], "asks": [[2033.0, 5041.0], [2033.25, 20824.0], [2033.5, 15705.0], [2033.75, 9157.0], [2034.0, 26023.0], [2034.25, 1893.0], [2034.5, 2624.0], [2034.75, 4795.0], [2035.0, 5785.0], [2035.25, 9607.0], [2035.5, 418.0], [2035.75, 9846.0], [2036.0, 28605.0], [2036.25, 418.0], [2036.5, 7129.0], [2036.75, 39384.0], [2037.0, 52928.0], [2038.5, 1529.0], [2039.0, 1477.0], [2039.25, 51150.0]]}}}
{"jsonrpc": "2.0", "method": "subscription", "params": {"channel": "book.ETH-21MAR25.none.20.100ms", "data": {"timestamp": 1741569662079, "change_id": 61594624375, "instrument_name": "ETH-21MAR25", "bids": [[2033.5, 18850.0], [2033.25, 4046.0], [2033.0, 15407.0], [2032.75, 6150.0], [2032.5, 3866.0], [2032.25, 2763.0], [2032.0, 9635.0], [2031.75, 16863.0], [2031.5, 1266.0], [2031.25, 378.0], [2031.0, 1626.0], [2030.75, 28476.0], [2030.5, 91589.0], [2030.25, 8430.0], [2030.0, 24400.0], [2029.75, 1632.0], [2029.5, 1624.0], [2029.25, 1260.0], [2029.0, 47558.0], [2028.75, 1739.0]], "asks": [[2034.0, 3775.0], [2034.25, 10499.0], [2034.5, 3856.0], [2034.75, 9824.0], [2035.0, 5026.0], [2035.25, 13123.0], [2035.5, 27887.0], [2035.75, 3412.0], [2036.0, 4186.0], [2036.25, 1589.0], [2036.5, 1589.0], [2036.75, 1590.0], [2037.0, 1227.0], [2037.25, 367.0], [2037.5, 1222.0], [2037.75, 15123.0], [2038.0, 53326.0], [2038.75, 47102.0], [2039.25, 1246.0], [2039.75, 1746.0]]}}}
{"jsonrpc": "2.0", "method": "subscription", "params": {"channel": "book.ETH-14MAR25.none.20.100ms", "data": {"timestamp": 1741569662423, "change_id": 61594624835, "instrument_name": "ETH-14MAR25", "bids": [[2032.5, 4203.0], [2032.25, 20035.0], [2032.0, 45265.0], [2031.75, 21300.0], [2031.5, 10218.0], [2031.25, 1953.0], [2031.0, 3403.0], [2030.75, 6646.0], [2030.5, 28867.0], [2030.25, 91859.0], [2030.0, 1942.0], [2029.75, 1942.0], [2029.5, 9384.0], [2029.25, 26810.0], [2029.0, 1891.0], [2028.75, 17413.0], [2028.5, 52913.0], [2027.75, 500.0], [2027.5, 1503.0], [2026.75, 2897.0]], "asks": [[2033.25, 19325.0], [2033.5, 15705.0], [2033.75, 9157.0], [2034.0, 27522.0], [2034.25, 1893.0], [2034.5, 2624.0], [2034.75, 4795.0], [2035.0, 5785.0], [2035.25, 9607.0], [2035.5, 418.0], [2035.75, 9846.0], [2036.0, 28605.0], [2036.25, 418.0], [2036.5, 7129.0], [2036.75, 39384.0], [2037.0, 52928.0], [2039.0, 1477.0], [2039.25, 51150.0], [2039.5, 1485.0], [2039.75, 91486.0]]}}}
{"jsonrpc": "2.0", "method": "subscription", "params": {"channel": "book.ETH-21MAR25.none.20.100ms", "data": {"timestamp": 1741569662387, "change_id": 61594624820, "instrument_name": "ETH-21MAR25", "bids": [[2033.5, 18850.0], [2033.25, 4046.0], [2033.0, 15407.0], [2032.75, 6150.0], [2032.5, 3866.0], [2032.25, 2763.0], [2032.0, 9635.0], [2031.75, 16863.0], [2031.5, 1266.0], [2031.25, 378.0], [2031.0, 1626.0], [2030.75, 28476.0], [2030.5, 91589.0], [2030.25, 8430.0], [2030.0, 24400.0], [2029.75, 1632.0], [2029.5, 1624.0], [2029.25, 1260.0], [2029.0, 47558.0], [2028.75, 1739.0]], "asks": [[2034.0, 3775.0], [2034.25, 10499.0], [2034.5, 3856.0], [2034.75, 9824.0], [2035.0, 5026.0], [2035.25, 13123.0], [2035.5, 27887.0], [2035.75, 3412.0], [2036.0, 4186.0], [2036.25, 1589.0], [2036.5, 1589.0], [2036.75, 1590.0], [2037.0, 1227.0], [2037.25, 367.0], [2037.5, 1222.0], [2037.75, 15123.0], [2038.0, 53326.0], [2038.75, 47102.0], [2039.25, 1246.0], [2039.75, 1746.0]]}}}
{"jsonrpc": "2.0", "method": "subscription", "params": {"channel": "book.ETH-21MAR25.none.20.100ms", "data": {"timestamp": 1741569662748, "change_id": 61594625261, "instrument_name": "ETH-21MAR25", "bids": [[2033.5, 18850.0], [2033.25, 4046.0], [2033.0, 15407.0], [2032.75, 6150.0], [2032.5, 3866.0], [2032.25, 2763.0], [2032.0, 9635.0], [2031.75, 16863.0], [2031.5, 1266.0], [2031.25, 378.0], [2031.0, 1626.0], [2030.75, 28476.0], [2030.5, 91589.0], [2030.25, 8430.0], [2030.0, 24400.0], [2029.75, 1632.0], [2029.5, 1624.0], [2029.25, 1260.0], [2029.0, 47558.0], [2028.75, 1739.0]], "asks": [[2034.0, 3775.0], [2034.25, 10499.0], [2034.5, 3856.0], [2034.75, 9824.0], [2035.0, 5026.0], [2035.25, 13123.0], [2035.5, 27887.0], [2035.75, 3412.0], [2036.0, 4186.0], [2036.25, 1589.0], [2036.5, 1589.0], [2036.75, 1590.0], [2037.0, 1227.0], [2037.25, 367.0], [2037.5, 1222.0], [2037.75, 15123.0], [2038.0, 53326.0], [2038.75, 47102.0], [2039.25, 1246.0], [2039.75, 1746.0]]}}}
{"jsonrpc": "2.0", "method": "subscription", "params": {"channel": "book.ETH-14MAR25.none.20.100ms", "data": {"timestamp": 1741569662775, "change_id": 61594625293, "instrument_name": "ETH-14MAR25", "bids": [[2032.5, 3318.0], [2032.25, 20035.0], [2032.0, 45265.0], [2031.75, 21300.0], [2031.5, 10218.0], [2031.25, 1953.0], [2031.0, 3403.0], [2030.75, 6646.0], [2030.5, 28867.0], [2030.25, 91859.0], [2030.0, 1942.0], [2029.75, 1942.0], [2029.5, 9384.0], [2029.25, 26810.0], [2029.0, 1891.0], [2028.75, 17413.0], [2028.5, 52913.0], [2027.75, 500.0], [2027.5, 1503.0], [2026.75, 2897.0]], "asks": [[2032.75, 1.0], [2033.0, 6167.0], [2033.25, 19325.0], [2033.5, 15705.0], [2033.75, 9157.0], [2034.0, 27522.0], [2034.25, 1893.0], [2034.5, 2624.0], [2034.75, 4795.0], [2035.0, 5785.0], [2035.25, 9607.0], [2035.5, 418.0], [2035.75, 9846.0], [2036.0, 28605.0], [2036.25, 418.0], [2036.5, 7129.0], [2036.75, 39384.0], [2037.0, 52928.0], [2039.0, 1477.0], [2039.25, 51150.0]]}}}
{"jsonrpc": "2.0", "method": "subscription", "params": {"channel": "book.ETH-14MAR25.none.20.100ms", "data": {"timestamp": 1741569663165, "change_id": 61594625554, "instrument_name": "ETH-14MAR25", "bids": [[2032.5, 2756.0], [2032.25, 20035.0], [2032.0, 45265.0], [2031.75, 21300.0], [2031.5, 10218.0], [2031.25, 1953.0], [2031.0, 3403.0], [2030.75, 6646.0], [2030.5, 28867.0], [2030.25, 91859.0], [2030.0, 1942.0], [2029.75, 1942.0], [2029.5, 9384.0], [2029.25, 26810.0], [2029.0, 1891.0], [2028.75, 17413.0], [2028.5, 52913.0], [2027.75, 500.0], [2027.5, 1503.0], [2026.75, 2897.0]], "asks": [[2033.0, 7192.0], [2033.25, 19325.0], [2033.5, 15705.0], [2033.75, 9157.0], [2034.0, 27522.0], [2034.25, 1893.0], [2034.5, 2624.0], [2034.75, 4795.0], [2035.0, 5785.0], [2035.25, 9607.0], [2035.5, 418.0], [2035.75, 9846.0], [2036.0, 28605.0], [2036.25, 418.0], [2036.5, 7129.0], [2036.75, 39384.0], [2037.0, 52928.0], [2039.0, 1477.0], [2039.25, 51150.0], [2039.5, 1485.0]]}}}
{"jsonrpc": "2.0", "method": "subscription", "params": {"channel": "book.ETH-21MAR25.none.20.100ms", "data": {"timestamp": 1741569663146, "change_id": 61594625461, "instrument_name": "ETH-21MAR25", "bids": [[2033.5, 17600.0], [2033.25, 4046.0], [2033.0, 15407.0], [2032.75, 6150.0], [2032.5, 3866.0], [2032.25, 2763.0], [2032.0, 9635.0], [2031.75, 16863.0], [2031.5, 1266.0], [2031.25, 378.0], [2031.0, 1626.0], [2030.75, 28476.0], [2030.5, 91589.0], [2030.25, 8430.0], [2030.0, 24400.0], [2029.75, 1632.0], [2029.5, 1624.0], [2029.25, 1260.0], [2029.0, 47558.0], [2028.75, 1739.0]], "asks": [[2034.0, 5025.0], [2034.25, 10499.0], [2034.5, 3856.0], [2034.75, 9824.0], [2035.0, 5026.0], [2035.25, 13123.0], [2035.5, 27887.0], [2035.75, 3412.0], [2036.0, 4186.0], [2036.25, 1589.0], [2036.5, 1589.0], [2036.75, 1590.0], [2037.0, 1227.0], [2037.25, 367.0], [2037.5, 1222.0], [2037.75, 15123.0], [2038.0, 53326.0], [2038.75, 47102.0], [2039.25, 1246.0], [2039.75, 1746.0]]}}}
