{"jsonrpc": "2.0", "method": "subscription", "params": {"channel": "book.ETH-7MAR25.none.20.100ms", "data": {"timestamp": 1741243311975, "change_id": 61090411961, "instrument_name": "ETH-7MAR25", "bids": [[2293.75, 19601.0], [2293.5, 3996.0], [2293.25, 5146.0], [2293.0, 14541.0], [2292.75, 10227.0], [2292.5, 2296.0], [2292.25, 4277.0], [2292.0, 9433.0], [2291.75, 51515.0], [2291.5, 193192.0], [2291.25, 52372.0], [2290.75, 510.0], [2290.5, 2210.0], [2290.25, 17166.0], [2290.0, 51552.0], [2289.25, 2.0], [2287.75, 1700.0], [2287.5, 18296.0], [2287.25, 1710.0], [2286.75, 1700.0]], "asks": [[2294.0, 1.0], [2294.25, 15293.0], [2294.5, 25727.0], [2294.75, 41672.0], [2295.0, 2700.0], [2295.25, 510.0], [2295.5, 4702.0], [2295.75, 10517.0], [2296.0, 2210.0], [2296.25, 2210.0], [2296.5, 16309.0], [2296.75, 49205.0], [2297.0, 2210.0], [2297.25, 2210.0], [2297.5, 1700.0], [2297.75, 510.0], [2298.0, 16756.0], [2298.25, 50697.0], [2298.5, 1700.0], [2298.75, 1701.0]]}}}
{"jsonrpc": "2.0", "method": "subscription", "params": {"channel": "book.ETH-7MAR25.none.20.100ms", "data": {"timestamp": 1741243312323, "change_id": 61090412078, "instrument_name": "ETH-7MAR25", "bids": [[2293.75, 19601.0], [2293.5, 3996.0], [2293.25, 5146.0], [2293.0, 14541.0], [2292.75, 10227.0], [2292.5, 2296.0], [2292.25, 4277.0], [2292.0, 20415.0], [2291.75, 115000.0], [2291.5, 107412.0], [2291.25, 52372.0], [2290.75, 510.0], [2290.5, 2210.0], [2290.25, 17166.0], [2290.0, 51552.0], [2289.25, 2.0], [2287.75, 1700.0], [2287.5, 18296.0], [2287.25, 1710.0], [2286.75, 1700.0]], "asks": [[2294.25, 16993.0], [2294.5, 25727.0], [2294.75, 41672.0], [2295.0, 2700.0], [2295.25, 510.0], [2295.5, 4702.0], [2295.75, 10517.0], [2296.0, 2210.0], [2296.25, 2210.0], [2296.5, 16309.0], [2296.75, 49205.0], [2297.0, 2210.0], [2297.25, 2210.0], [2297.5, 1700.0], [2297.75, 510.0], [2298.0, 16756.0], [2298.25, 50697.0], [2298.5, 1700.0], [2298.75, 1701.0], [2299.0, 1700.0]]}}}
{"jsonrpc": "2.0", "method": "subscription", "params": {"channel": "book.ETH-14MAR25.none.20.100ms", "data": {"timestamp": 1741243312609, "change_id": 61090412413, "instrument_name": "ETH-14MAR25", "bids": [[2297.0, 33579.0], [2296.75, 3567.0], [2296.5, 1587.0], [2296.25, 4078.0], [2296.0, 9897.0], [2295.75, 1582.0], [2295.5, 1582.0], [2295.25, 1525.0], [2295.0, 28252.0], [2294.75, 91582.0], [2294.5, 1250.0], [2294.25, 3474.0], [2294.0, 22523.0], [2293.75, 8431.0], [2293.5, 37430.0], [2293.25, 45192.0], [2293.0, 332.0], [2292.75, 6229.0], [2292.5, 16596.0], [2292.0, 1250.0]], "asks": [[2297.5, 6600.0], [2297.75, 1013.0], [2298.0, 6449.0], [2298.25, 11582.0], [2298.5, 1582.0], [2298.75, 1582.0], [2299.0, 1582.0], [2299.25, 4245.0], [2299.5, 10579.0], [2299.75, 1582.0], [2300.0, 1582.0], [2300.25, 1582.0], [2300.5, 1582.0], [2300.75, 6205.0], [2301.0, 16850.0], [2301.25, 1582.0], [2301.5, 1582.0], [2301.75, 1582.0], [2302.0, 8145.0], [2302.25, 23455.0]]}}}
{"jsonrpc": "2.0", "method": "subscription", "params": {"channel": "book.ETH-7MAR25.none.20.100ms", "data": {"timestamp": 1741243312677, "change_id": 61090412477, "instrument_name": "ETH-7MAR25", "bids": [[2293.75, 19602.0], [2293.5, 3996.0], [2293.25, 5146.0], [2293.0, 14541.0], [2292.75, 10227.0], [2292.5, 2296.0], [2292.25, 4277.0], [2292.0, 20415.0], [2291.75, 115000.0], [2291.5, 107412.0], [2291.25, 52372.0], [2290.75, 510.0], [2290.5, 2210.0], [2290.25, 17166.0], [2290.0, 51552.0], [2289.25, 2.0], [2287.75, 1700.0], [2287.5, 18296.0], [2287.25, 1710.0], [2286.75, 1700.0]], "asks": [[2294.25, 15293.0], [2294.5, 25727.0], [2294.75, 41672.0], [2295.0, 2700.0], [2295.25, 510.0], [2295.5, 4702.0], [2295.75, 10517.0], [2296.0, 2210.0], [2296.25, 2210.0], [2296.5, 16309.0], [2296.75, 49205.0], [2297.0, 2210.0], [2297.25, 2210.0], [2297.5, 1700.0], [2297.75, 510.0], [2298.0, 16756.0], [2298.25, 50697.0], [2298.5, 1700.0], [2298.75, 1701.0], [2299.0, 1700.0]]}}}
{"jsonrpc": "2.0", "method": "subscription", "params": {"channel": "book.ETH-14MAR25.none.20.100ms", "data": {"timestamp": 1741243312883, "change_id": 61090412788, "instrument_name": "ETH-14MAR25", "bids": [[2297.0, 32329.0], [2296.75, 3567.0], [2296.5, 1587.0], [2296.25, 4078.0], [2296.0, 9897.0], [2295.75, 1582.0], [2295.5, 1582.0], [2295.25, 1525.0], [2295.0, 28252.0], [2294.75, 91582.0], [2294.5, 1250.0], [2294.25, 3474.0], [2294.0, 22523.0], [2293.75, 8431.0], [2293.5, 37430.0], [2293.25, 45192.0], [2293.0, 332.0], [2292.75, 6229.0], [2292.5, 16596.0], [2292.0, 1250.0]], "asks": [[2297.5, 8182.0], [2297.75, 2263.0], [2298.0, 6449.0], [2298.25, 11582.0], [2298.5, 1582.0], [2298.75, 1582.0], [2299.0, 1582.0], [2299.25, 4245.0], [2299.5, 10579.0], [2299.75, 1582.0], [2300.0, 1582.0], [2300.25, 1582.0], [2300.5, 1582.0], [2300.75, 6205.0], [2301.0, 16850.0], [2301.25, 1582.0], [2301.5, 1582.0], [2301.75, 1582.0], [2302.0, 8145.0], [2302.25, 23455.0]]}}}
{"jsonrpc": "2.0", "method": "subscription", "params": {"channel": "book.ETH-7MAR25.none.20.100ms", "data": {"timestamp": 1741243312981, "change_id": 61090412873, "instrument_name": "ETH-7MAR25", "bids": [[2294.0, 2261.0], [2293.75, 19600.0], [2293.5, 3996.0], [2293.25, 5146.0], [2293.0, 14541.0], [2292.75, 10227.0], [2292.5, 2296.0], [2292.25, 4277.0], [2292.0, 20415.0], [2291.75, 115000.0], [2291.5, 107412.0], [2291.25, 52372.0], [2290.75, 510.0], [2290.5, 2210.0], [2290.25, 17166.0], [2290.0, 51552.0], [2289.25, 2.0], [2287.75, 1700.0], [2287.5, 18296.0], [2287.25, 1710.0]], "asks": [[2294.25, 11700.0], [2294.5, 25727.0], [2294.75, 41672.0], [2295.0, 2700.0], [2295.25, 510.0], [2295.5, 4702.0], [2295.75, 10517.0], [2296.0, 2210.0], [2296.25, 2210.0], [2296.5, 16309.0], [2296.75, 49205.0], [2297.0, 2210.0], [2297.25, 2210.0], [2297.5, 1700.0], [2297.75, 510.0], [2298.0, 16756.0], [2298.25, 50697.0], [2298.5, 1700.0], [2298.75, 1701.0], [2299.0, 1700.0]]}}}
{"jsonrpc": "2.0", "method": "subscription", "params": {"channel": "book.ETH-7MAR25.none.20.100ms", "data": {"timestamp": 1741243313177, "change_id": 61090412984, "instrument_name": "ETH-7MAR25", "bids": [[2294.0, 2261.0], [2293.75, 17900.0], [2293.5, 3996.0], [2293.25, 5146.0], [2293.0, 14541.0], [2292.75, 10227.0], [2292.5, 2296.0], [2292.25, 4277.0], [2292.0, 20415.0], [2291.75, 115000.0], [2291.5, 107412.0], [2291.25, 52372.0], [2290.75, 510.0], [2290.5, 2210.0], [2290.25, 17166.0], [2290.0, 51552.0], [2289.25, 2.0], [2287.75, 1700.0], [2287.5, 18296.0], [2287.25, 1710.0]], "asks": [[2294.25, 10000.0], [2294.5, 25727.0], [2294.75, 41672.0], [2295.0, 2700.0], [2295.25, 510.0], [2295.5, 4702.0], [2295.75, 10517.0], [2296.0, 2210.0], [2296.25, 2210.0], [2296.5, 16309.0], [2296.75, 49205.0], [2297.0, 2210.0], [2297.25, 2210.0], [2297.5, 1700.0], [2297.75, 510.0], [2298.0, 16756.0], [2298.25, 50697.0], [2298.5, 1700.0], [2298.75, 1701.0], [2299.0, 1700.0]]}}}
{"jsonrpc": "2.0", "method": "subscription", "params": {"channel": "book.ETH-14MAR25.none.20.100ms", "data": {"timestamp": 1741243313569, "change_id": 61090413156, "instrument_name": "ETH-14MAR25", "bids": [[2297.0, 32329.0], [2296.75, 3567.0], [2296.5, 1587.0], [2296.25, 4078.0], [2296.0, 9897.0], [2295.75, 1582.0], [2295.5, 1582.0], [2295.25, 1525.0], [2295.0, 28252.0], [2294.75, 91582.0], [2294.5, 1250.0], [2294.25, 3474.0], [2294.0, 22523.0], [2293.75, 8431.0], [2293.5, 37430.0], [2293.25, 45192.0], [2293.0, 332.0], [2292.75, 6229.0], [2292.5, 16596.0], [2292.0, 1250.0]], "asks": [[2297.5, 8182.0], [2297.75, 2263.0], [2298.0, 6449.0], [2298.25, 11582.0], [2298.5, 1582.0], [2298.75, 1582.0], [2299.0, 1582.0], [2299.25, 4245.0], [2299.5, 10579.0], [2299.75, 1582.0], [2300.0, 1582.0], [2300.25, 1582.0], [2300.5, 1582.0], [2300.75, 6205.0], [2301.0, 16850.0], [2301.25, 1582.0], [2301.5, 1582.0], [2301.75, 1582.0], [2302.0, 8145.0], [2302.25, 23455.0]]}}}
{"jsonrpc": "2.0", "method": "subscription", "params": {"channel": "book.ETH-7MAR25.none.20.100ms", "data": {"timestamp": 1741243313671, "change_id": 61090413351, "instrument_name": "ETH-7MAR25", "bids": [[2294.0, 2261.0], [2293.75, 17900.0], [2293.5, 3996.0], [2293.25, 5146.0], [2293.0, 14541.0], [2292.75, 10227.0], [2292.5, 2296.0], [2292.25, 4277.0], [2292.0, 33637.0], [2291.75, 115000.0], [2291.5, 107412.0], [2291.25, 52372.0], [2290.75, 510.0], [2290.5, 2210.0], [2290.25, 17166.0], [2290.0, 51552.0], [2289.25, 2.0], [2287.75, 1700.0], [2287.5, 18296.0], [2287.25, 1710.0]], "asks": [[2294.25, 11701.0], [2294.5, 25727.0], [2294.75, 41672.0], [2295.0, 2700.0], [2295.25, 510.0], [2295.5, 4702.0], [2295.75, 10517.0], [2296.0, 2210.0], [2296.25, 2210.0], [2296.5, 16309.0], [2296.75, 49205.0], [2297.0, 2210.0], [2297.25, 2210.0], [2297.5, 1700.0], [2297.75, 510.0], [2298.0, 16756.0], [2298.25, 50697.0], [2298.5, 1700.0], [2298.75, 1701.0], [2299.0, 1700.0]]}}}
{"jsonrpc": "2.0", "method": "subscription", "params": {"channel": "book.ETH-14MAR25.none.20.100ms", "data": {"timestamp": 1741243313744, "change_id": 61090413467, "instrument_name": "ETH-14MAR25", "bids": [[2297.0, 33579.0], [2296.75, 3567.0], [2296.5, 1587.0], [2296.25, 4078.0], [2296.0, 9897.0], [2295.75, 1582.0], [2295.5, 1582.0], [2295.25, 1525.0], [2295.0, 28252.0], [2294.75, 91582.0], [2294.5, 1250.0], [2294.25, 3474.0], [2294.0, 22523.0], [2293.75, 8431.0], [2293.5, 37430.0], [2293.25, 45192.0], [2293.0, 332.0], [2292.75, 6229.0], [2292.5, 16596.0], [2292.0, 1250.0]], "asks": [[2297.5, 6600.0], [2297.75, 1013.0], [2298.0, 6449.0], [2298.25, 11582.0], [2298.5, 1582.0], [2298.75, 1582.0], [2299.0, 1582.0], [2299.25, 4245.0], [2299.5, 10579.0], [2299.75, 1582.0], [2300.0, 1582.0], [2300.25, 1582.0], [2300.5, 1582.0], [2300.75, 6205.0], [2301.0, 16850.0], [2301.25, 1582.0], [2301.5, 1582.0], [2301.75, 1582.0], [2302.0, 8145.0], [2302.25, 23455.0]]}}}
{"jsonrpc": "2.0", "method": "subscription", "params": {"channel": "book.ETH-7MAR25.none.20.100ms", "data": {"timestamp": 1741243313950, "change_id": 61090413782, "instrument_name": "ETH-7MAR25", "bids": [[2294.0, 2261.0], [2293.75, 17900.0], [2293.5, 3996.0], [2293.25, 5146.0], [2293.0, 14541.0], [2292.75, 10227.0], [2292.5, 2296.0], [2292.25, 4277.0], [2292.0, 33637.0], [2291.75, 115000.0], [2291.5, 107412.0], [2291.25, 52372.0], [2290.75, 510.0], [2290.5, 2210.0], [2290.25, 17166.0], [2290.0, 51552.0], [2289.25, 2.0], [2287.75, 1700.0], [2287.5, 18296.0], [2287.25, 1710.0]], "asks": [[2294.25, 10000.0], [2294.5, 25727.0], [2294.75, 41672.0], [2295.0, 2700.0], [2295.25, 510.0], [2295.5, 4702.0], [2295.75, 10517.0], [2296.0, 2210.0], [2296.25, 2210.0], [2296.5, 16309.0], [2296.75, 49205.0], [2297.0, 2210.0], [2297.25, 2210.0], [2297.5, 1700.0], [2297.75, 510.0], [2298.0, 16756.0], [2298.25, 50697.0], [2298.5, 1700.0], [2298.75, 1701.0], [2299.0, 1700.0]]}}}
{"jsonrpc": "2.0", "method": "subscription", "params": {"channel": "book.ETH-14MAR25.none.20.100ms", "data": {"timestamp": 1741243314010, "change_id": 61090413821, "instrument_name": "ETH-14MAR25", "bids": [[2297.0, 32329.0], [2296.75, 3567.0], [2296.5, 1587.0], [2296.25, 4078.0], [2296.0, 9897.0], [2295.75, 1582.0], [2295.5, 1582.0], [2295.25, 1525.0], [2295.0, 28252.0], [2294.75, 91582.0], [2294.5, 1582.0], [2294.25, 3474.0], [2294.0, 22523.0], [2293.75, 8431.0], [2293.5, 37430.0], [2293.25, 45192.0], [2293.0, 332.0], [2292.75, 6229.0], [2292.5, 16596.0], [2292.0, 1250.0]], "asks": [[2297.5, 8182.0], [2297.75, 2263.0], [2298.0, 6449.0], [2298.25, 11582.0], [2298.5, 1582.0], [2298.75, 1582.0], [2299.0, 1582.0], [2299.25, 4245.0], [2299.5, 10579.0], [2299.75, 1582.0], [2300.0, 1582.0], [2300.25, 1582.0], [2300.5, 1582.0], [2300.75, 6205.0], [2301.0, 16850.0], [2301.25, 1582.0], [2301.5, 1582.0], [2301.75, 1582.0], [2302.0, 8145.0], [2302.25, 23455.0]]}}}
{"jsonrpc": "2.0", "method": "subscription", "params": {"channel": "book.ETH-7MAR25.none.20.100ms", "data": {"timestamp": 1741243314249, "change_id": 61090413951, "instrument_name": "ETH-7MAR25", "bids": [[2294.0, 2261.0], [2293.75, 17900.0], [2293.5, 3996.0], [2293.25, 5146.0], [2293.0, 14541.0], [2292.75, 10227.0], [2292.5, 2296.0], [2292.25, 4277.0], [2292.0, 33637.0], [2291.75, 115000.0], [2291.5, 107412.0], [2291.25, 52372.0], [2290.75, 510.0], [2290.5, 2210.0], [2290.25, 17166.0], [2290.0, 51552.0], [2289.25, 2.0], [2287.75, 1700.0], [2287.5, 18296.0], [2287.25, 1710.0]], "asks": [[2294.25, 11701.0], [2294.5, 25727.0], [2294.75, 41672.0], [2295.0, 2700.0], [2295.25, 510.0], [2295.5, 4702.0], [2295.75, 10517.0], [2296.0, 2210.0], [2296.25, 2210.0], [2296.5, 16309.0], [2296.75, 49205.0], [2297.0, 2210.0], [2297.25, 2210.0], [2297.5, 1700.0], [2297.75, 510.0], [2298.0, 16756.0], [2298.25, 50697.0], [2298.5, 1700.0], [2298.75, 1701.0], [2299.0, 1700.0]]}}}
{"jsonrpc": "2.0", "method": "subscription", "params": {"channel": "book.ETH-14MAR25.none.20.100ms", "data": {"timestamp": 1741243314560, "change_id": 61090414266, "instrument_name": "ETH-14MAR25", "bids": [[2297.0, 33579.0], [2296.75, 3567.0], [2296.5, 1587.0], [2296.25, 4078.0], [2296.0, 9897.0], [2295.75, 1582.0], [2295.5, 1582.0], [2295.25, 1525.0], [2295.0, 28252.0], [2294.75, 91582.0], [2294.5, 1582.0], [2294.25, 3474.0], [2294.0, 22523.0], [2293.75, 8431.0], [2293.5, 37430.0], [2293.25, 45192.0], [2293.0, 332.0], [2292.75, 6229.0], [2292.5, 16596.0], [2292.0, 1250.0]], "asks": [[2297.5, 6600.0], [2297.75, 893.0], [2298.0, 3567.0], [2298.25, 1582.0], [2298.5, 11582.0], [2298.75, 1582.0], [2299.0, 1582.0], [2299.25, 4245.0], [2299.5, 10579.0], [2299.75, 1582.0], [2300.0, 1582.0], [2300.25, 1582.0], [2300.5, 1582.0], [2300.75, 6205.0], [2301.0, 16850.0], [2301.25, 1582.0], [2301.5, 1582.0], [2301.75, 1582.0], [2302.0, 8145.0], [2302.25, 23455.0]]}}}
{"jsonrpc": "2.0", "method": "subscription", "params": {"channel": "book.ETH-7MAR25.none.20.100ms", "data": {"timestamp": 1741243314646, "change_id": 61090414437, "instrument_name": "ETH-7MAR25", "bids": [[2294.0, 4417.0], [2293.75, 17900.0], [2293.5, 3996.0], [2293.25, 5146.0], [2293.0, 14541.0], [2292.75, 10227.0], [2292.5, 2296.0], [2292.25, 4277.0], [2292.0, 33637.0], [2291.75, 115000.0], [2291.5, 107412.0], [2291.25, 52372.0], [2290.75, 510.0], [2290.5, 2210.0], [2290.25, 17166.0], [2290.0, 51552.0], [2289.25, 2.0], [2287.75, 1700.0], [2287.5, 18296.0], [2287.25, 1710.0]], "asks": [[2294.5, 35727.0], [2294.75, 41672.0], [2295.0, 2700.0], [2295.25, 510.0], [2295.5, 4702.0], [2295.75, 10517.0], [2296.0, 2210.0], [2296.25, 2210.0], [2296.5, 16309.0], [2296.75, 49205.0], [2297.0, 2210.0], [2297.25, 2210.0], [2297.5, 1700.0], [2297.75, 510.0], [2298.0, 16756.0], [2298.25, 50697.0], [2298.5, 1700.0], [2298.75, 1701.0], [2299.0, 1700.0], [2299.25, 68715.0]]}}}
{"jsonrpc": "2.0", "method": "subscription", "params": {"channel": "book.ETH-14MAR25.none.20.100ms", "data": {"timestamp": 1741243314953, "change_id": 61090414935, "instrument_name": "ETH-14MAR25", "bids": [[2297.0, 33579.0], [2296.75, 3567.0], [2296.5, 1587.0], [2296.25, 4078.0], [2296.0, 9897.0], [2295.75, 1582.0], [2295.5, 1582.0], [2295.25, 1525.0], [2295.0, 28252.0], [2294.75, 91582.0], [2294.5, 1582.0], [2294.25, 22523.0], [2294.0, 1582.0], [2293.75, 8431.0], [2293.5, 37430.0], [2293.25, 45192.0], [2293.0, 332.0], [2292.75, 6229.0], [2292.5, 16596.0], [2292.0, 1250.0]], "asks": [[2297.5, 6600.0], [2297.75, 893.0], [2298.0, 3567.0], [2298.25, 1582.0], [2298.5, 11582.0], [2298.75, 1582.0], [2299.0, 1582.0], [2299.25, 4245.0], [2299.5, 10579.0], [2299.75, 1582.0], [2300.0, 1582.0], [2300.25, 1582.0], [2300.5, 1582.0], [2300.75, 6205.0], [2301.0, 16850.0], [2301.25, 1582.0], [2301.5, 1582.0], [2301.75, 1582.0], [2302.0, 8145.0], [2302.25, 23455.0]]}}}
{"jsonrpc": "2.0", "method": "subscription", "params": {"channel": "book.ETH-7MAR25.none.20.100ms", "data": {"timestamp": 1741243314988, "change_id": 61090414961, "instrument_name": "ETH-7MAR25", "bids": [[2294.0, 5087.0], [2293.75, 17900.0], [2293.5, 3996.0], [2293.25, 5146.0], [2293.0, 14541.0], [2292.75, 10227.0], [2292.5, 1700.0], [2292.25, 4277.0], [2292.0, 33637.0], [2291.75, 115000.0], [2291.5, 107412.0], [2291.25, 52372.0], [2290.75, 510.0], [2290.5, 2210.0], [2290.25, 17166.0], [2290.0, 51552.0], [2289.25, 2.0], [2287.75, 1700.0], [2287.5, 18296.0], [2287.25, 1710.0]], "asks": [[2294.5, 35727.0], [2294.75, 41672.0], [2295.0, 2700.0], [2295.25, 510.0], [2295.5, 4702.0], [2295.75, 10517.0], [2296.0, 2210.0], [2296.25, 2210.0], [2296.5, 16309.0], [2296.75, 49205.0], [2297.0, 2210.0], [2297.25, 2210.0], [2297.5, 1700.0], [2297.75, 510.0], [2298.0, 16756.0], [2298.25, 50697.0], [2298.5, 1700.0], [2298.75, 1701.0], [2299.0, 1700.0], [2299.25, 68715.0]]}}}
{"jsonrpc": "2.0", "method": "subscription", "params": {"channel": "book.ETH-14MAR25.none.20.100ms", "data": {"timestamp": 1741243315289, "change_id": 61090415181, "instrument_name": "ETH-14MAR25", "bids": [[2297.0, 32329.0], [2296.75, 3567.0], [2296.5, 1587.0], [2296.25, 4078.0], [2296.0, 9897.0], [2295.75, 1582.0], [2295.5, 1582.0], [2295.25, 1525.0], [2295.0, 28252.0], [2294.75, 91582.0], [2294.5, 7866.0], [2294.25, 22523.0], [2294.0, 1582.0], [2293.75, 8431.0], [2293.5, 37430.0], [2293.25, 45192.0], [2293.0, 332.0], [2292.75, 6229.0], [2292.5, 16596.0], [2292.0, 1250.0]], "asks": [[2297.5, 1450.0], [2297.75, 893.0], [2298.0, 3567.0], [2298.25, 1582.0], [2298.5, 11582.0], [2298.75, 1582.0], [2299.0, 1582.0], [2299.25, 4245.0], [2299.5, 10579.0], [2299.75, 1582.0], [2300.0, 1582.0], [2300.25, 1582.0], [2300.5, 1582.0], [2300.75, 6205.0], [2301.0, 16850.0], [2301.25, 1582.0], [2301.5, 1582.0], [2301.75, 1582.0], [2302.0, 8145.0], [2302.25, 23455.0]]}}}
{"jsonrpc": "2.0", "method": "subscription", "params": {"channel": "book.ETH-7MAR25.none.20.100ms", "data": {"timestamp": 1741243315322, "change_id": 61090415199, "instrument_name": "ETH-7MAR25", "bids": [[2294.0, 2403.0], [2293.75, 17900.0], [2293.5, 3996.0], [2293.25, 5146.0], [2293.0, 14541.0], [2292.75, 10227.0], [2292.5, 1700.0], [2292.25, 4277.0], [2292.0, 9433.0], [2291.75, 29220.0], [2291.5, 107412.0], [2291.25, 52372.0], [2290.75, 16741.0], [2290.5, 87990.0], [2290.25, 17166.0], [2290.0, 51552.0], [2289.25, 2.0], [2287.75, 1700.0], [2287.5, 18296.0], [2287.25, 1710.0]], "asks": [[2294.25, 6600.0], [2294.5, 35727.0], [2294.75, 41672.0], [2295.0, 2700.0], [2295.25, 510.0], [2295.5, 4702.0], [2295.75, 10517.0], [2296.0, 2210.0], [2296.25, 2210.0], [2296.5, 16309.0], [2296.75, 49205.0], [2297.0, 2210.0], [2297.25, 2210.0], [2297.5, 1700.0], [2297.75, 510.0], [2298.0, 16756.0], [2298.25, 50697.0], [2298.5, 1700.0], [2298.75, 1701.0], [2299.0, 1700.0]]}}}
{"jsonrpc": "2.0", "method": "subscription", "params": {"channel": "book.ETH-14MAR25.none.20.100ms", "data": {"timestamp": 1741243315336, "change_id": 61090415207, "instrument_name": "ETH-14MAR25", "bids": [[2297.0, 32329.0], [2296.75, 3567.0], [2296.5, 1587.0], [2296.25, 4078.0], [2296.0, 9897.0], [2295.75, 1582.0], [2295.5, 1582.0], [2295.25, 1525.0], [2295.0, 28252.0], [2294.75, 91582.0], [2294.5, 7866.0], [2294.25, 22523.0], [2294.0, 1582.0], [2293.75, 8431.0], [2293.5, 37430.0], [2293.25, 45192.0], [2293.0, 332.0], [2292.75, 6229.0], [2292.5, 16596.0], [2292.0, 1250.0]], "asks": [[2297.5, 1782.0], [2297.75, 2143.0], [2298.0, 3567.0], [2298.25, 1582.0], [2298.5, 11582.0], [2298.75, 1582.0], [2299.0, 1582.0], [2299.25, 4245.0], [2299.5, 10579.0], [2299.75, 1582.0], [2300.0, 1582.0], [2300.25, 1582.0], [2300.5, 1582.0], [2300.75, 6205.0], [2301.0, 16850.0], [2301.25, 1582.0], [2301.5, 1582.0], [2301.75, 1582.0], [2302.0, 8145.0], [2302.25, 23455.0]]}}}
{"jsonrpc": "2.0", "method": "subscription", "params": {"channel": "book.ETH-7MAR25.none.20.100ms", "data": {"timestamp": 1741243315579, "change_id": 61090415381, "instrument_name": "ETH-7MAR25", "bids": [[2294.0, 1186.0], [2293.75, 17900.0], [2293.5, 3996.0], [2293.25, 5146.0], [2293.0, 14541.0], [2292.75, 10227.0], [2292.5, 1700.0], [2292.25, 4277.0], [2292.0, 9433.0], [2291.75, 29220.0], [2291.5, 107412.0], [2291.25, 52372.0], [2290.75, 16741.0], [2290.5, 87990.0], [2290.25, 17166.0], [2290.0, 51552.0], [2289.25, 2.0], [2287.75, 1700.0], [2287.5, 18296.0], [2287.25, 1710.0]], "asks": [[2294.25, 4901.0], [2294.5, 35727.0], [2294.75, 41672.0], [2295.0, 2700.0], [2295.25, 510.0], [2295.5, 4702.0], [2295.75, 10517.0], [2296.0, 2210.0], [2296.25, 2210.0], [2296.5, 16309.0], [2296.75, 49205.0], [2297.0, 2210.0], [2297.25, 2210.0], [2297.5, 1700.0], [2297.75, 510.0], [2298.0, 16756.0], [2298.25, 50697.0], [2298.5, 1700.0], [2298.75, 1701.0], [2299.0, 1700.0]]}}}
{"jsonrpc": "2.0", "method": "subscription", "params": {"channel": "book.ETH-14MAR25.none.20.100ms", "data": {"timestamp": 1741243315980, "change_id": 61090416028, "instrument_name": "ETH-14MAR25", "bids": [[2297.0, 32329.0], [2296.75, 3447.0], [2296.5, 1587.0], [2296.25, 4198.0], [2296.0, 9897.0], [2295.75, 1582.0], [2295.5, 1582.0], [2295.25, 1525.0], [2295.0, 28252.0], [2294.75, 91582.0], [2294.5, 7866.0], [2294.25, 22523.0], [2294.0, 1582.0], [2293.75, 8431.0], [2293.5, 37430.0], [2293.25, 45192.0], [2293.0, 332.0], [2292.75, 6229.0], [2292.5, 16596.0], [2292.0, 1250.0]], "asks": [[2297.5, 8743.0], [2297.75, 3447.0], [2298.0, 4704.0], [2298.25, 11582.0], [2298.5, 1582.0], [2298.75, 1582.0], [2299.0, 1582.0], [2299.25, 4245.0], [2299.5, 10579.0], [2299.75, 1582.0], [2300.0, 1582.0], [2300.25, 1582.0], [2300.5, 1582.0], [2300.75, 6205.0], [2301.0, 16850.0], [2301.25, 1582.0], [2301.5, 1582.0], [2301.75, 1582.0], [2302.0, 8145.0], [2302.25, 23455.0]]}}}
{"jsonrpc": "2.0", "method": "subscription", "params": {"channel": "book.ETH-7MAR25.none.20.100ms", "data": {"timestamp": 1741243315986, "change_id": 61090416035, "instrument_name": "ETH-7MAR25", "bids": [[2294.0, 1.0], [2293.75, 17900.0], [2293.5, 3996.0], [2293.25, 5146.0], [2293.0, 14541.0], [2292.75, 10227.0], [2292.5, 1700.0], [2292.25, 4277.0], [2292.0, 9433.0], [2291.75, 29220.0], [2291.5, 107412.0], [2291.25, 52372.0], [2290.75, 16741.0], [2290.5, 87990.0], [2290.25, 17166.0], [2290.0, 51552.0], [2289.25, 2.0], [2287.75, 1700.0], [2287.5, 18296.0], [2287.25, 1710.0]], "asks": [[2294.25, 6601.0], [2294.5, 35727.0], [2294.75, 41672.0], [2295.0, 2700.0], [2295.25, 510.0], [2295.5, 4702.0], [2295.75, 10517.0], [2296.0, 2210.0], [2296.25, 2210.0], [2296.5, 16309.0], [2296.75, 49205.0], [2297.0, 2210.0], [2297.25, 2210.0], [2297.5, 1700.0], [2297.75, 510.0], [2298.0, 16756.0], [2298.25, 50697.0], [2298.5, 1700.0], [2298.75, 1701.0], [2299.0, 1700.0]]}}}
{"jsonrpc": "2.0", "method": "subscription", "params": {"channel": "book.ETH-14MAR25.none.20.100ms", "data": {"timestamp": 1741243316206, "change_id": 61090416267, "instrument_name": "ETH-14MAR25", "bids": [[2297.0, 25593.0], [2296.75, 14697.0], [2296.5, 1587.0], [2296.25, 4198.0], [2296.0, 9897.0], [2295.75, 1582.0], [2295.5, 1582.0], [2295.25, 1525.0], [2295.0, 28252.0], [2294.75, 91582.0], [2294.5, 7866.0], [2294.25, 22523.0], [2294.0, 1582.0], [2293.75, 8431.0], [2293.5, 37430.0], [2293.25, 45192.0], [2293.0, 332.0], [2292.75, 6229.0], [2292.5, 16596.0], [2292.0, 1250.0]], "asks": [[2297.5, 8743.0], [2297.75, 3447.0], [2298.0, 4704.0], [2298.25, 11582.0], [2298.5, 1582.0], [2298.75, 1582.0], [2299.0, 1582.0], [2299.25, 4245.0], [2299.5, 10579.0], [2299.75, 1582.0], [2300.0, 1582.0], [2300.25, 1582.0], [2300.5, 1582.0], [2300.75, 6205.0], [2301.0, 16850.0], [2301.25, 1582.0], [2301.5, 1582.0], [2301.75, 1582.0], [2302.0, 8145.0], [2302.25, 23455.0]]}}}
{"jsonrpc": "2.0", "method": "subscription", "params": {"channel": "book.ETH-7MAR25.none.20.100ms", "data": {"timestamp": 1741243316294, "change_id": 61090416309, "instrument_name": "ETH-7MAR25", "bids": [[2294.0, 2639.0], [2293.75, 16479.0], [2293.5, 5950.0], [2293.25, 5146.0], [2293.0, 14541.0], [2292.75, 10227.0], [2292.5, 1700.0], [2292.25, 4277.0], [2292.0, 9433.0], [2291.75, 29220.0], [2291.5, 107412.0], [2291.25, 52372.0], [2290.75, 16741.0], [2290.5, 87990.0], [2290.25, 17166.0], [2290.0, 51552.0], [2289.25, 2.0], [2287.75, 1700.0], [2287.5, 18296.0], [2287.25, 1710.0]], "asks": [[2294.25, 16601.0], [2294.5, 27681.0], [2294.75, 39718.0], [2295.0, 2700.0], [2295.25, 510.0], [2295.5, 4702.0], [2295.75, 10517.0], [2296.0, 2210.0], [2296.25, 2210.0], [2296.5, 16309.0], [2296.75, 49205.0], [2297.0, 2210.0], [2297.25, 2210.0], [2297.5, 1700.0], [2297.75, 510.0], [2298.0, 16756.0], [2298.25, 50697.0], [2298.5, 1700.0], [2298.75, 1701.0], [2299.0, 1700.0]]}}}
{"jsonrpc": "2.0", "method": "subscription", "params": {"channel": "book.ETH-14MAR25.none.20.100ms", "data": {"timestamp": 1741243316323, "change_id": 61090416328, "instrument_name": "ETH-14MAR25", "bids": [[2297.0, 25593.0], [2296.75, 14697.0], [2296.5, 1707.0], [2296.25, 4078.0], [2296.0, 9897.0], [2295.75, 1582.0], [2295.5, 1582.0], [2295.25, 1525.0], [2295.0, 28252.0], [2294.75, 91582.0], [2294.5, 7866.0], [2294.25, 22523.0], [2294.0, 1582.0], [2293.75, 8431.0], [2293.5, 37430.0], [2293.25, 45192.0], [2293.0, 332.0], [2292.75, 6229.0], [2292.5, 16596.0], [2292.0, 1250.0]], "asks": [[2297.5, 8743.0], [2297.75, 3447.0], [2298.0, 4704.0], [2298.25, 11582.0], [2298.5, 1582.0], [2298.75, 1582.0], [2299.0, 1582.0], [2299.25, 4245.0], [2299.5, 10579.0], [2299.75, 1582.0], [2300.0, 1582.0], [2300.25, 1582.0], [2300.5, 1582.0], [2300.75, 6205.0], [2301.0, 16850.0], [2301.25, 1582.0], [2301.5, 1582.0], [2301.75, 1582.0], [2302.0, 8145.0], [2302.25, 23455.0]]}}}
{"jsonrpc": "2.0", "method": "subscription", "params": {"channel": "book.ETH-7MAR25.none.20.100ms", "data": {"timestamp": 1741243316581, "change_id": 61090416512, "instrument_name": "ETH-7MAR25", "bids": [[2294.0, 1.0], [2293.75, 16479.0], [2293.5, 5950.0], [2293.25, 5146.0], [2293.0, 14541.0], [2292.75, 10227.0], [2292.5, 2210.0], [2292.25, 4277.0], [2292.0, 9433.0], [2291.75, 29220.0], [2291.5, 107412.0], [2291.25, 52372.0], [2290.75, 26064.0], [2290.5, 87990.0], [2290.25, 17166.0], [2290.0, 51552.0], [2289.25, 2.0], [2287.75, 1700.0], [2287.5, 18296.0], [2287.25, 1710.0]], "asks": [[2294.25, 16600.0], [2294.5, 27681.0], [2294.75, 39718.0], [2295.0, 2700.0], [2295.25, 510.0], [2295.5, 4702.0], [2295.75, 10517.0], [2296.0, 2210.0], [2296.25, 2210.0], [2296.5, 16309.0], [2296.75, 49205.0], [2297.0, 2210.0], [2297.25, 2210.0], [2297.5, 1700.0], [2297.75, 510.0], [2298.0, 16756.0], [2298.25, 50697.0], [2298.5, 1700.0], [2298.75, 1701.0], [2299.0, 1700.0]]}}}
{"jsonrpc": "2.0", "method": "subscription", "params": {"channel": "book.ETH-14MAR25.none.20.100ms", "data": {"timestamp": 1741243316899, "change_id": 61090417021, "instrument_name": "ETH-14MAR25", "bids": [[2297.0, 26843.0], [2296.75, 14697.0], [2296.5, 1707.0], [2296.25, 4078.0], [2296.0, 9897.0], [2295.75, 1582.0], [2295.5, 1582.0], [2295.25, 1525.0], [2295.0, 28252.0], [2294.75, 91582.0], [2294.5, 7866.0], [2294.25, 22523.0], [2294.0, 1582.0], [2293.75, 8431.0], [2293.5, 37430.0], [2293.25, 45192.0], [2293.0, 332.0], [2292.75, 6229.0], [2292.5, 16596.0], [2292.0, 1250.0]], "asks": [[2297.5, 6932.0], [2297.75, 2197.0], [2298.0, 4704.0], [2298.25, 11582.0], [2298.5, 1582.0], [2298.75, 1582.0], [2299.0, 1582.0], [2299.25, 4245.0], [2299.5, 10579.0], [2299.75, 1582.0], [2300.0, 1582.0], [2300.25, 1582.0], [2300.5, 1582.0], [2300.75, 6205.0], [2301.0, 16850.0], [2301.25, 1582.0], [2301.5, 1582.0], [2301.75, 1582.0], [2302.0, 8145.0], [2302.25, 23455.0]]}}}
{"jsonrpc": "2.0", "method": "subscription", "params": {"channel": "book.ETH-7MAR25.none.20.100ms", "data": {"timestamp": 1741243316970, "change_id": 61090417135, "instrument_name": "ETH-7MAR25", "bids": [[2294.0, 2848.0], [2293.75, 17974.0], [2293.5, 3996.0], [2293.25, 5146.0], [2293.0, 14541.0], [2292.75, 10227.0], [2292.5, 2210.0], [2292.25, 4277.0], [2292.0, 9433.0], [2291.75, 29220.0], [2291.5, 107412.0], [2291.25, 52372.0], [2290.75, 26064.0], [2290.5, 87990.0], [2290.25, 17166.0], [2290.0, 51552.0], [2289.25, 2.0], [2287.75, 1700.0], [2287.5, 18296.0], [2287.25, 1710.0]], "asks": [[2294.25, 14901.0], [2294.5, 27681.0], [2294.75, 39718.0], [2295.0, 2700.0], [2295.25, 510.0], [2295.5, 4702.0], [2295.75, 10517.0], [2296.0, 2210.0], [2296.25, 2210.0], [2296.5, 16309.0], [2296.75, 49205.0], [2297.0, 2210.0], [2297.25, 2210.0], [2297.5, 1700.0], [2297.75, 510.0], [2298.0, 16756.0], [2298.25, 50697.0], [2298.5, 1700.0], [2298.75, 1701.0], [2299.0, 1700.0]]}}}
{"jsonrpc": "2.0", "method": "subscription", "params": {"channel": "book.ETH-14MAR25.none.20.100ms", "data": {"timestamp": 1741243317098, "change_id": 61090417317, "instrument_name": "ETH-14MAR25", "bids": [[2297.0, 33579.0], [2296.75, 4817.0], [2296.5, 1587.0], [2296.25, 4078.0], [2296.0, 9897.0], [2295.75, 1582.0], [2295.5, 1582.0], [2295.25, 1525.0], [2295.0, 28252.0], [2294.75, 91582.0], [2294.5, 7866.0], [2294.25, 22523.0], [2294.0, 1582.0], [2293.75, 8431.0], [2293.5, 37430.0], [2293.25, 45192.0], [2293.0, 332.0], [2292.75, 6229.0], [2292.5, 16596.0], [2292.0, 1250.0]], "asks": [[2297.5, 532.0], [2297.75, 2197.0], [2298.0, 4704.0], [2298.25, 11582.0], [2298.5, 1582.0], [2298.75, 1582.0], [2299.0, 1582.0], [2299.25, 4245.0], [2299.5, 10579.0], [2299.75, 1582.0], [2300.0, 1582.0], [2300.25, 1582.0], [2300.5, 1582.0], [2300.75, 6205.0], [2301.0, 16850.0], [2301.25, 1582.0], [2301.5, 1582.0], [2301.75, 1582.0], [2302.0, 8145.0], [2302.25, 23455.0]]}}}
{"jsonrpc": "2.0", "method": "subscription", "params": {"channel": "book.ETH-7MAR25.none.20.100ms", "data": {"timestamp": 1741243317259, "change_id": 61090417386, "instrument_name": "ETH-7MAR25", "bids": [[2294.0, 2199.0], [2293.75, 17974.0], [2293.5, 3996.0], [2293.25, 5146.0], [2293.0, 14541.0], [2292.75, 10227.0], [2292.5, 2210.0], [2292.25, 4277.0], [2292.0, 9433.0], [2291.75, 29220.0], [2291.5, 107412.0], [2291.25, 52372.0], [2290.75, 26064.0], [2290.5, 87990.0], [2290.25, 17166.0], [2290.0, 51552.0], [2289.25, 2.0], [2287.75, 1700.0], [2287.5, 18296.0], [2287.25, 1710.0]], "asks": [[2294.25, 10000.0], [2294.5, 24027.0], [2294.75, 41672.0], [2295.0, 2700.0], [2295.25, 510.0], [2295.5, 4702.0], [2295.75, 10517.0], [2296.0, 2210.0], [2296.25, 2210.0], [2296.5, 16309.0], [2296.75, 49205.0], [2297.0, 2210.0], [2297.25, 2210.0], [2297.5, 1700.0], [2297.75, 510.0], [2298.0, 16756.0], [2298.25, 50697.0], [2298.5, 1700.0], [2298.75, 1701.0], [2299.0, 1700.0]]}}}
{"jsonrpc": "2.0", "method": "subscription", "params": {"channel": "book.ETH-7MAR25.none.20.100ms", "data": {"timestamp": 1741243317619, "change_id": 61090417729, "instrument_name": "ETH-7MAR25", "bids": [[2294.0, 2199.0], [2293.75, 17974.0], [2293.5, 3996.0], [2293.25, 5146.0], [2293.0, 14541.0], [2292.75, 10227.0], [2292.5, 2210.0], [2292.25, 4277.0], [2292.0, 9433.0], [2291.75, 29220.0], [2291.5, 107412.0], [2291.25, 52372.0], [2291.0, 510.0], [2290.75, 26064.0], [2290.5, 87990.0], [2290.25, 17166.0], [2290.0, 51552.0], [2289.25, 2.0], [2287.75, 1700.0], [2287.5, 18296.0]], "asks": [[2294.25, 10001.0], [2294.5, 24027.0], [2294.75, 41672.0], [2295.0, 2700.0], [2295.25, 510.0], [2295.5, 4702.0], [2295.75, 10517.0], [2296.0, 2210.0], [2296.25, 2210.0], [2296.5, 16309.0], [2296.75, 49205.0], [2297.0, 2210.0], [2297.25, 2210.0], [2297.5, 1700.0], [2297.75, 510.0], [2298.0, 16756.0], [2298.25, 50697.0], [2298.5, 1700.0], [2298.75, 1701.0], [2299.0, 1700.0]]}}}
{"jsonrpc": "2.0", "method": "subscription", "params": {"channel": "book.ETH-14MAR25.none.20.100ms", "data": {"timestamp": 1741243317954, "change_id": 61090418163, "instrument_name": "ETH-14MAR25", "bids": [[2297.0, 33579.0], [2296.75, 4817.0], [2296.5, 1587.0], [2296.25, 4078.0], [2296.0, 9897.0], [2295.75, 1582.0], [2295.5, 1582.0], [2295.25, 1525.0], [2295.0, 28252.0], [2294.75, 91582.0], [2294.5, 22523.0], [2294.25, 1582.0], [2294.0, 1582.0], [2293.75, 8431.0], [2293.5, 37430.0], [2293.25, 45192.0], [2293.0, 332.0], [2292.75, 6229.0], [2292.5, 16596.0], [2292.0, 1250.0]], "asks": [[2297.5, 6932.0], [2297.75, 2197.0], [2298.0, 4704.0], [2298.25, 11582.0], [2298.5, 1582.0], [2298.75, 1582.0], [2299.0, 1582.0], [2299.25, 4245.0], [2299.5, 10579.0], [2299.75, 1582.0], [2300.0, 1582.0], [2300.25, 1582.0], [2300.5, 1582.0], [2300.75, 6205.0], [2301.0, 16850.0], [2301.25, 1582.0], [2301.5, 1582.0], [2301.75, 1582.0], [2302.0, 8145.0], [2302.25, 23455.0]]}}}
{"jsonrpc": "2.0", "method": "subscription", "params": {"channel": "book.ETH-7MAR25.none.20.100ms", "data": {"timestamp": 1741243317862, "change_id": 61090418084, "instrument_name": "ETH-7MAR25", "bids": [[2294.0, 2199.0], [2293.75, 17974.0], [2293.5, 3996.0], [2293.25, 5146.0], [2293.0, 14541.0], [2292.75, 10227.0], [2292.5, 2210.0], [2292.25, 4277.0], [2292.0, 9433.0], [2291.75, 29220.0], [2291.5, 107412.0], [2291.25, 52372.0], [2291.0, 510.0], [2290.75, 26064.0], [2290.5, 87990.0], [2290.25, 17166.0], [2290.0, 51552.0], [2289.25, 2.0], [2287.75, 1700.0], [2287.5, 18296.0]], "asks": [[2294.25, 10001.0], [2294.5, 24027.0], [2294.75, 41672.0], [2295.0, 2700.0], [2295.25, 510.0], [2295.5, 4702.0], [2295.75, 10517.0], [2296.0, 2210.0], [2296.25, 2210.0], [2296.5, 16309.0], [2296.75, 49205.0], [2297.0, 2210.0], [2297.25, 2210.0], [2297.5, 1700.0], [2297.75, 510.0], [2298.0, 16756.0], [2298.25, 50697.0], [2298.5, 1700.0], [2298.75, 1701.0], [2299.0, 1700.0]]}}}
{"jsonrpc": "2.0", "method": "subscription", "params": {"channel": "book.ETH-14MAR25.none.20.100ms", "data": {"timestamp": 1741243318263, "change_id": 61090418311, "instrument_name": "ETH-14MAR25", "bids": [[2297.0, 32329.0], [2296.75, 4817.0], [2296.5, 1587.0], [2296.25, 4078.0], [2296.0, 9897.0], [2295.75, 1582.0], [2295.5, 1582.0], [2295.25, 1525.0], [2295.0, 28252.0], [2294.75, 91582.0], [2294.5, 22523.0], [2294.25, 1582.0], [2294.0, 1582.0], [2293.75, 8431.0], [2293.5, 37430.0], [2293.25, 45192.0], [2293.0, 332.0], [2292.75, 6229.0], [2292.5, 16596.0], [2292.0, 1250.0]], "asks": [[2297.5, 8743.0], [2297.75, 3447.0], [2298.0, 4704.0], [2298.25, 11582.0], [2298.5, 1582.0], [2298.75, 1582.0], [2299.0, 1582.0], [2299.25, 4245.0], [2299.5, 10579.0], [2299.75, 1582.0], [2300.0, 1582.0], [2300.25, 1582.0], [2300.5, 1582.0], [2300.75, 6205.0], [2301.0, 16850.0], [2301.25, 1582.0], [2301.5, 1582.0], [2301.75, 1582.0], [2302.0, 8145.0], [2302.25, 23455.0]]}}}
{"jsonrpc": "2.0", "method": "subscription", "params": {"channel": "book.ETH-7MAR25.none.20.100ms", "data": {"timestamp": 1741243318267, "change_id": 61090418313, "instrument_name": "ETH-7MAR25", "bids": [[2294.0, 2199.0], [2293.75, 17974.0], [2293.5, 3996.0], [2293.25, 5146.0], [2293.0, 14541.0], [2292.75, 10227.0], [2292.5, 2210.0], [2292.25, 4277.0], [2292.0, 9433.0], [2291.75, 29220.0], [2291.5, 193192.0], [2291.25, 52372.0], [2291.0, 510.0], [2290.75, 2210.0], [2290.5, 2210.0], [2290.25, 17166.0], [2290.0, 51552.0], [2289.25, 2.0], [2287.75, 1700.0], [2287.5, 18296.0]], "asks": [[2294.25, 10000.0], [2294.5, 24027.0], [2294.75, 41672.0], [2295.0, 2700.0], [2295.25, 510.0], [2295.5, 4702.0], [2295.75, 10517.0], [2296.0, 2210.0], [2296.25, 2210.0], [2296.5, 16309.0], [2296.75, 49205.0], [2297.0, 2210.0], [2297.25, 2210.0], [2297.5, 1700.0], [2297.75, 510.0], [2298.0, 16756.0], [2298.25, 50697.0], [2298.5, 1700.0], [2298.75, 1701.0], [2299.0, 1700.0]]}}}
{"jsonrpc": "2.0", "method": "subscription", "params": {"channel": "book.ETH-14MAR25.none.20.100ms", "data": {"timestamp": 1741243318509, "change_id": 61090418476, "instrument_name": "ETH-14MAR25", "bids": [[2297.0, 32329.0], [2296.75, 4817.0], [2296.5, 1587.0], [2296.25, 4078.0], [2296.0, 9897.0], [2295.75, 1582.0], [2295.5, 1582.0], [2295.25, 1525.0], [2295.0, 28252.0], [2294.75, 91582.0], [2294.5, 22523.0], [2294.25, 1582.0], [2294.0, 1582.0], [2293.75, 8431.0], [2293.5, 37430.0], [2293.25, 45192.0], [2293.0, 332.0], [2292.75, 6229.0], [2292.5, 16596.0], [2292.0, 1250.0]], "asks": [[2297.5, 7493.0], [2297.75, 3447.0], [2298.0, 4704.0], [2298.25, 11582.0], [2298.5, 1582.0], [2298.75, 1582.0], [2299.0, 1582.0], [2299.25, 4245.0], [2299.5, 10579.0], [2299.75, 1582.0], [2300.0, 1582.0], [2300.25, 1582.0], [2300.5, 1582.0], [2300.75, 6205.0], [2301.0, 16850.0], [2301.25, 1582.0], [2301.5, 1582.0], [2301.75, 1582.0], [2302.0, 8145.0], [2302.25, 23455.0]]}}}
{"jsonrpc": "2.0", "method": "subscription", "params": {"channel": "book.ETH-7MAR25.none.20.100ms", "data": {"timestamp": 1741243318536, "change_id": 61090418482, "instrument_name": "ETH-7MAR25", "bids": [[2294.0, 2199.0], [2293.75, 17974.0], [2293.5, 3996.0], [2293.25, 5146.0], [2293.0, 14541.0], [2292.75, 10227.0], [2292.5, 2210.0], [2292.25, 4277.0], [2292.0, 9433.0], [2291.75, 51515.0], [2291.5, 193192.0], [2291.25, 52372.0], [2291.0, 510.0], [2290.75, 2210.0], [2290.5, 2210.0], [2290.25, 17166.0], [2290.0, 51552.0], [2289.25, 2.0], [2287.75, 1700.0], [2287.5, 18296.0]], "asks": [[2294.25, 10000.0], [2294.5, 24027.0], [2294.75, 41672.0], [2295.0, 2700.0], [2295.25, 510.0], [2295.5, 4702.0], [2295.75, 10517.0], [2296.0, 2210.0], [2296.25, 2210.0], [2296.5, 16309.0], [2296.75, 49205.0], [2297.0, 2210.0], [2297.25, 2210.0], [2297.5, 1700.0], [2297.75, 510.0], [2298.0, 16756.0], [2298.25, 50697.0], [2298.5, 1700.0], [2298.75, 1701.0], [2299.0, 1700.0]]}}}
{"jsonrpc": "2.0", "method": "subscription", "params": {"channel": "book.ETH-14MAR25.none.20.100ms", "data": {"timestamp": 1741243318717, "change_id": 61090418789, "instrument_name": "ETH-14MAR25", "bids": [[2297.0, 32329.0], [2296.75, 4817.0], [2296.5, 1587.0], [2296.25, 4078.0], [2296.0, 9897.0], [2295.75, 1582.0], [2295.5, 1582.0], [2295.25, 1525.0], [2295.0, 28252.0], [2294.75, 91582.0], [2294.5, 22523.0], [2294.25, 1582.0], [2294.0, 1582.0], [2293.75, 8431.0], [2293.5, 37430.0], [2293.25, 45192.0], [2293.0, 332.0], [2292.75, 6229.0], [2292.5, 16596.0], [2292.0, 1250.0]], "asks": [[2297.5, 8743.0], [2297.75, 3447.0], [2298.0, 4704.0], [2298.25, 11582.0], [2298.5, 1582.0], [2298.75, 1582.0], [2299.0, 1582.0], [2299.25, 4245.0], [2299.5, 10579.0], [2299.75, 1582.0], [2300.0, 1582.0], [2300.25, 1582.0], [2300.5, 1582.0], [2300.75, 6205.0], [2301.0, 16850.0], [2301.25, 1582.0], [2301.5, 1582.0], [2301.75, 1582.0], [2302.0, 8145.0], [2302.25, 23455.0]]}}}
{"jsonrpc": "2.0", "method": "subscription", "params": {"channel": "book.ETH-7MAR25.none.20.100ms", "data": {"timestamp": 1741243318807, "change_id": 61090418826, "instrument_name": "ETH-7MAR25", "bids": [[2294.0, 1.0], [2293.75, 17974.0], [2293.5, 3996.0], [2293.25, 5146.0], [2293.0, 14541.0], [2292.75, 10227.0], [2292.5, 2210.0], [2292.25, 4277.0], [2292.0, 9433.0], [2291.75, 51515.0], [2291.5, 193192.0], [2291.25, 52372.0], [2291.0, 510.0], [2290.75, 2210.0], [2290.5, 2210.0], [2290.25, 17166.0], [2290.0, 51552.0], [2289.25, 2.0], [2287.75, 1700.0], [2287.5, 18296.0]], "asks": [[2294.25, 11700.0], [2294.5, 25727.0], [2294.75, 41672.0], [2295.0, 2700.0], [2295.25, 510.0], [2295.5, 4702.0], [2295.75, 10517.0], [2296.0, 2210.0], [2296.25, 2210.0], [2296.5, 16309.0], [2296.75, 49205.0], [2297.0, 2210.0], [2297.25, 2210.0], [2297.5, 1700.0], [2297.75, 510.0], [2298.0, 16756.0], [2298.25, 50697.0], [2298.5, 1700.0], [2298.75, 1701.0], [2299.0, 1700.0]]}}}
{"jsonrpc": "2.0", "method": "subscription", "params": {"channel": "book.ETH-14MAR25.none.20.100ms", "data": {"timestamp": 1741243319159, "change_id": 61090419233, "instrument_name": "ETH-14MAR25", "bids": [[2297.0, 32329.0], [2296.75, 3567.0], [2296.5, 1587.0], [2296.25, 4078.0], [2296.0, 9897.0], [2295.75, 1582.0], [2295.5, 1582.0], [2295.25, 1525.0], [2295.0, 28252.0], [2294.75, 97866.0], [2294.5, 22523.0], [2294.25, 1582.0], [2294.0, 1582.0], [2293.75, 8431.0], [2293.5, 37430.0], [2293.25, 45192.0], [2293.0, 332.0], [2292.75, 6229.0], [2292.5, 16596.0], [2292.0, 1250.0]], "asks": [[2297.5, 8743.0], [2297.75, 3447.0], [2298.0, 4704.0], [2298.25, 11582.0], [2298.5, 1582.0], [2298.75, 1582.0], [2299.0, 1582.0], [2299.25, 4245.0], [2299.5, 10579.0], [2299.75, 1582.0], [2300.0, 1582.0], [2300.25, 1582.0], [2300.5, 1582.0], [2300.75, 6205.0], [2301.0, 16850.0], [2301.25, 1582.0], [2301.5, 1582.0], [2301.75, 1582.0], [2302.0, 8145.0], [2302.25, 23455.0]]}}}
{"jsonrpc": "2.0", "method": "subscription", "params": {"channel": "book.ETH-7MAR25.none.20.100ms", "data": {"timestamp": 1741243319282, "change_id": 61090419259, "instrument_name": "ETH-7MAR25", "bids": [[2294.0, 1.0], [2293.75, 17974.0], [2293.5, 3996.0], [2293.25, 5146.0], [2293.0, 14541.0], [2292.75, 10227.0], [2292.5, 2210.0], [2292.25, 4277.0], [2292.0, 9433.0], [2291.75, 51515.0], [2291.5, 193192.0], [2291.25, 52372.0], [2291.0, 510.0], [2290.75, 2210.0], [2290.5, 2210.0], [2290.25, 17166.0], [2290.0, 51552.0], [2289.25, 2.0], [2287.75, 1700.0], [2287.5, 18296.0]], "asks": [[2294.25, 10000.0], [2294.5, 27681.0], [2294.75, 39718.0], [2295.0, 2700.0], [2295.25, 510.0], [2295.5, 4702.0], [2295.75, 10517.0], [2296.0, 2210.0], [2296.25, 2210.0], [2296.5, 16309.0], [2296.75, 49205.0], [2297.0, 2210.0], [2297.25, 2210.0], [2297.5, 1700.0], [2297.75, 510.0], [2298.0, 16756.0], [2298.25, 50697.0], [2298.5, 1700.0], [2298.75, 1701.0], [2299.0, 1700.0]]}}}
{"jsonrpc": "2.0", "method": "subscription", "params": {"channel": "book.ETH-7MAR25.none.20.100ms", "data": {"timestamp": 1741243319611, "change_id": 61090419561, "instrument_name": "ETH-7MAR25", "bids": [[2294.0, 1.0], [2293.75, 2974.0], [2293.5, 3996.0], [2293.25, 5146.0], [2293.0, 14541.0], [2292.75, 10227.0], [2292.5, 2210.0], [2292.25, 4277.0], [2292.0, 9433.0], [2291.75, 51515.0], [2291.5, 193192.0], [2291.25, 52372.0], [2291.0, 510.0], [2290.75, 2210.0], [2290.5, 2210.0], [2290.25, 17166.0], [2290.0, 51552.0], [2289.25, 2.0], [2287.75, 1700.0], [2287.5, 18296.0]], "asks": [[2294.25, 10000.0], [2294.5, 27681.0], [2294.75, 39718.0], [2295.0, 2700.0], [2295.25, 510.0], [2295.5, 4702.0], [2295.75, 10517.0], [2296.0, 2210.0], [2296.25, 2210.0], [2296.5, 16309.0], [2296.75, 49205.0], [2297.0, 2210.0], [2297.25, 2210.0], [2297.5, 1700.0], [2297.75, 510.0], [2298.0, 16756.0], [2298.25, 50697.0], [2298.5, 1700.0], [2298.75, 1701.0], [2299.0, 1700.0]]}}}
{"jsonrpc": "2.0", "method": "subscription", "params": {"channel": "book.ETH-7MAR25.none.20.100ms", "data": {"timestamp": 1741243319941, "change_id": 61090419993, "instrument_name": "ETH-7MAR25", "bids": [[2294.0, 1.0], [2293.75, 7774.0], [2293.5, 3996.0], [2293.25, 5146.0], [2293.0, 14541.0], [2292.75, 10227.0], [2292.5, 2210.0], [2292.25, 4277.0], [2292.0, 9433.0], [2291.75, 51515.0], [2291.5, 193192.0], [2291.25, 52372.0], [2291.0, 510.0], [2290.75, 2210.0], [2290.5, 2210.0], [2290.25, 17166.0], [2290.0, 51552.0], [2289.25, 2.0], [2287.75, 1700.0], [2287.5, 18296.0]], "asks": [[2294.25, 11700.0], [2294.5, 27681.0], [2294.75, 39718.0], [2295.0, 2700.0], [2295.25, 510.0], [2295.5, 4702.0], [2295.75, 10517.0], [2296.0, 2210.0], [2296.25, 2210.0], [2296.5, 16309.0], [2296.75, 49205.0], [2297.0, 2210.0], [2297.25, 2210.0], [2297.5, 1700.0], [2297.75, 510.0], [2298.0, 16756.0], [2298.25, 50697.0], [2298.5, 1700.0], [2298.75, 1701.0], [2299.0, 1700.0]]}}}
{"jsonrpc": "2.0", "method": "subscription", "params": {"channel": "book.ETH-14MAR25.none.20.100ms", "data": {"timestamp": 1741243320223, "change_id": 61090420245, "instrument_name": "ETH-14MAR25", "bids": [[2297.0, 15929.0], [2296.75, 6450.0], [2296.5, 11587.0], [2296.25, 1702.0], [2296.0, 4029.0], [2295.75, 9735.0], [2295.5, 1582.0], [2295.25, 1525.0], [2295.0, 28252.0], [2294.75, 97866.0], [2294.5, 22523.0], [2294.25, 1582.0], [2294.0, 1582.0], [2293.75, 8431.0], [2293.5, 37430.0], [2293.25, 45192.0], [2293.0, 332.0], [2292.75, 6229.0], [2292.5, 16596.0], [2292.0, 1250.0]], "asks": [[2297.5, 8743.0], [2297.75, 3567.0], [2298.0, 4584.0], [2298.25, 11582.0], [2298.5, 1582.0], [2298.75, 1582.0], [2299.0, 1582.0], [2299.25, 4245.0], [2299.5, 10579.0], [2299.75, 1582.0], [2300.0, 1582.0], [2300.25, 1582.0], [2300.5, 1582.0], [2300.75, 6205.0], [2301.0, 16850.0], [2301.25, 1582.0], [2301.5, 1582.0], [2301.75, 1582.0], [2302.0, 8145.0], [2302.25, 23455.0]]}}}
{"jsonrpc": "2.0", "method": "subscription", "params": {"channel": "book.ETH-7MAR25.none.20.100ms", "data": {"timestamp": 1741243320266, "change_id": 61090420252, "instrument_name": "ETH-7MAR25", "bids": [[2294.0, 1.0], [2293.75, 2974.0], [2293.5, 3996.0], [2293.25, 2210.0], [2293.0, 4541.0], [2292.75, 20227.0], [2292.5, 2210.0], [2292.25, 4277.0], [2292.0, 9433.0], [2291.75, 51515.0], [2291.5, 193192.0], [2291.25, 52372.0], [2291.0, 510.0], [2290.75, 2210.0], [2290.5, 2210.0], [2290.25, 17166.0], [2290.0, 51552.0], [2289.25, 2.0], [2287.75, 1700.0], [2287.5, 18296.0]], "asks": [[2294.25, 11701.0], [2294.5, 27681.0], [2294.75, 39718.0], [2295.0, 2700.0], [2295.25, 510.0], [2295.5, 4702.0], [2295.75, 10517.0], [2296.0, 2210.0], [2296.25, 2210.0], [2296.5, 16309.0], [2296.75, 49205.0], [2297.0, 2210.0], [2297.25, 2210.0], [2297.5, 1700.0], [2297.75, 510.0], [2298.0, 16756.0], [2298.25, 50697.0], [2298.5, 1700.0], [2298.75, 1701.0], [2299.0, 1700.0]]}}}
{"jsonrpc": "2.0", "method": "subscription", "params": {"channel": "book.ETH-14MAR25.none.20.100ms", "data": {"timestamp": 1741243320418, "change_id": 61090420412, "instrument_name": "ETH-14MAR25", "bids": [[2297.0, 18334.0], [2296.75, 12145.0], [2296.5, 3572.0], [2296.25, 1582.0], [2296.0, 4029.0], [2295.75, 9735.0], [2295.5, 1582.0], [2295.25, 1525.0], [2295.0, 28252.0], [2294.75, 97866.0], [2294.5, 22523.0], [2294.25, 1582.0], [2294.0, 1582.0], [2293.75, 8431.0], [2293.5, 37430.0], [2293.25, 45192.0], [2293.0, 332.0], [2292.75, 6229.0], [2292.5, 16596.0], [2292.0, 1250.0]], "asks": [[2297.5, 8743.0], [2297.75, 3567.0], [2298.0, 4584.0], [2298.25, 11582.0], [2298.5, 1582.0], [2298.75, 1582.0], [2299.0, 1582.0], [2299.25, 4245.0], [2299.5, 10579.0], [2299.75, 1582.0], [2300.0, 1582.0], [2300.25, 1582.0], [2300.5, 1582.0], [2300.75, 6205.0], [2301.0, 16850.0], [2301.25, 1582.0], [2301.5, 1582.0], [2301.75, 1582.0], [2302.0, 8145.0], [2302.25, 23455.0]]}}}
{"jsonrpc": "2.0", "method": "subscription", "params": {"channel": "book.ETH-7MAR25.none.20.100ms", "data": {"timestamp": 1741243320619, "change_id": 61090420576, "instrument_name": "ETH-7MAR25", "bids": [[2294.0, 1.0], [2293.75, 3179.0], [2293.5, 5950.0], [2293.25, 2210.0], [2293.0, 4541.0], [2292.75, 20227.0], [2292.5, 2210.0], [2292.25, 4277.0], [2292.0, 9433.0], [2291.75, 51515.0], [2291.5, 193192.0], [2291.25, 52372.0], [2291.0, 510.0], [2290.75, 2210.0], [2290.5, 2210.0], [2290.25, 17166.0], [2290.0, 51552.0], [2289.25, 2.0], [2287.75, 1700.0], [2287.5, 18296.0]], "asks": [[2294.25, 10000.0], [2294.5, 27681.0], [2294.75, 39718.0], [2295.0, 2700.0], [2295.25, 510.0], [2295.5, 4702.0], [2295.75, 10517.0], [2296.0, 2210.0], [2296.25, 2210.0], [2296.5, 16309.0], [2296.75, 49205.0], [2297.0, 2210.0], [2297.25, 2210.0], [2297.5, 1700.0], [2297.75, 510.0], [2298.0, 16756.0], [2298.25, 50697.0], [2298.5, 1700.0], [2298.75, 1701.0], [2299.0, 1700.0]]}}}
{"jsonrpc": "2.0", "method": "subscription", "params": {"channel": "book.ETH-14MAR25.none.20.100ms", "data": {"timestamp": 1741243320910, "change_id": 61090421036, "instrument_name": "ETH-14MAR25", "bids": [[2297.0, 24734.0], [2296.75, 13447.0], [2296.5, 1707.0], [2296.25, 1582.0], [2296.0, 4029.0], [2295.75, 9735.0], [2295.5, 1582.0], [2295.25, 1525.0], [2295.0, 28252.0], [2294.75, 97866.0], [2294.5, 22523.0], [2294.25, 1582.0], [2294.0, 1582.0], [2293.75, 8431.0], [2293.5, 37430.0], [2293.25, 45192.0], [2293.0, 332.0], [2292.75, 6229.0], [2292.5, 16596.0], [2292.0, 1250.0]], "asks": [[2297.5, 8751.0], [2297.75, 3567.0], [2298.0, 4584.0], [2298.25, 11582.0], [2298.5, 1582.0], [2298.75, 1582.0], [2299.0, 1582.0], [2299.25, 4245.0], [2299.5, 10579.0], [2299.75, 1582.0], [2300.0, 1582.0], [2300.25, 1582.0], [2300.5, 1582.0], [2300.75, 6205.0], [2301.0, 16850.0], [2301.25, 1582.0], [2301.5, 1582.0], [2301.75, 1582.0], [2302.0, 8145.0], [2302.25, 23455.0]]}}}
{"jsonrpc": "2.0", "method": "subscription", "params": {"channel": "book.ETH-7MAR25.none.20.100ms", "data": {"timestamp": 1741243320932, "change_id": 61090421110, "instrument_name": "ETH-7MAR25", "bids": [[2294.0, 2039.0], [2293.75, 9774.0], [2293.5, 3996.0], [2293.25, 2210.0], [2293.0, 4541.0], [2292.75, 20227.0], [2292.5, 2210.0], [2292.25, 4277.0], [2292.0, 9433.0], [2291.75, 51515.0], [2291.5, 193192.0], [2291.25, 52372.0], [2291.0, 510.0], [2290.75, 2210.0], [2290.5, 2210.0], [2290.25, 17166.0], [2290.0, 51552.0], [2289.25, 2.0], [2287.75, 1700.0], [2287.5, 18296.0]], "asks": [[2294.25, 10000.0], [2294.5, 27681.0], [2294.75, 39718.0], [2295.0, 2700.0], [2295.25, 510.0], [2295.5, 4702.0], [2295.75, 10517.0], [2296.0, 2210.0], [2296.25, 2210.0], [2296.5, 16309.0], [2296.75, 49205.0], [2297.0, 2210.0], [2297.25, 2210.0], [2297.5, 1700.0], [2297.75, 510.0], [2298.0, 16756.0], [2298.25, 50697.0], [2298.5, 1700.0], [2298.75, 1701.0], [2299.0, 1700.0]]}}}
{"jsonrpc": "2.0", "method": "subscription", "params": {"channel": "book.ETH-14MAR25.none.20.100ms", "data": {"timestamp": 1741243321097, "change_id": 61090421223, "instrument_name": "ETH-14MAR25", "bids": [[2297.0, 24734.0], [2296.75, 13567.0], [2296.5, 1587.0], [2296.25, 1582.0], [2296.0, 4029.0], [2295.75, 9735.0], [2295.5, 1582.0], [2295.25, 1525.0], [2295.0, 28252.0], [2294.75, 112523.0], [2294.5, 1582.0], [2294.25, 1582.0], [2294.0, 1582.0], [2293.75, 8431.0], [2293.5, 37430.0], [2293.25, 45192.0], [2293.0, 332.0], [2292.75, 6229.0], [2292.5, 16596.0], [2292.0, 1250.0]], "asks": [[2297.5, 8751.0], [2297.75, 3567.0], [2298.0, 4584.0], [2298.25, 11582.0], [2298.5, 1582.0], [2298.75, 1582.0], [2299.0, 1582.0], [2299.25, 4245.0], [2299.5, 10579.0], [2299.75, 1582.0], [2300.0, 1582.0], [2300.25, 1582.0], [2300.5, 1582.0], [2300.75, 6205.0], [2301.0, 16850.0], [2301.25, 1582.0], [2301.5, 1582.0], [2301.75, 1582.0], [2302.0, 8145.0], [2302.25, 23455.0]]}}}
{"jsonrpc": "2.0", "method": "subscription", "params": {"channel": "book.ETH-7MAR25.none.20.100ms", "data": {"timestamp": 1741243321178, "change_id": 61090421239, "instrument_name": "ETH-7MAR25", "bids": [[2294.0, 2039.0], [2293.75, 4674.0], [2293.5, 3996.0], [2293.25, 2210.0], [2293.0, 14541.0], [2292.75, 10227.0], [2292.5, 2210.0], [2292.25, 4277.0], [2292.0, 9433.0], [2291.75, 51515.0], [2291.5, 193192.0], [2291.25, 52372.0], [2291.0, 510.0], [2290.75, 2210.0], [2290.5, 2210.0], [2290.25, 17166.0], [2290.0, 51552.0], [2289.25, 2.0], [2287.75, 1700.0], [2287.5, 18296.0]], "asks": [[2294.25, 10000.0], [2294.5, 27681.0], [2294.75, 39718.0], [2295.0, 2700.0], [2295.25, 510.0], [2295.5, 4702.0], [2295.75, 10517.0], [2296.0, 2210.0], [2296.25, 2210.0], [2296.5, 16309.0], [2296.75, 49205.0], [2297.0, 2210.0], [2297.25, 2210.0], [2297.5, 1700.0], [2297.75, 510.0], [2298.0, 16756.0], [2298.25, 50697.0], [2298.5, 1700.0], [2298.75, 1701.0], [2299.0, 1700.0]]}}}
{"jsonrpc": "2.0", "method": "subscription", "params": {"channel": "book.ETH-7MAR25.none.20.100ms", "data": {"timestamp": 1741243321582, "change_id": 61090421408, "instrument_name": "ETH-7MAR25", "bids": [[2294.0, 2039.0], [2293.75, 4674.0], [2293.5, 3996.0], [2293.25, 5146.0], [2293.0, 14541.0], [2292.75, 10227.0], [2292.5, 2210.0], [2292.25, 4277.0], [2292.0, 9433.0], [2291.75, 51515.0], [2291.5, 193192.0], [2291.25, 52372.0], [2291.0, 510.0], [2290.75, 2210.0], [2290.5, 2210.0], [2290.25, 17166.0], [2290.0, 51552.0], [2289.25, 2.0], [2287.75, 1700.0], [2287.5, 18296.0]], "asks": [[2294.25, 10000.0], [2294.5, 27681.0], [2294.75, 39718.0], [2295.0, 2700.0], [2295.25, 510.0], [2295.5, 4702.0], [2295.75, 10517.0], [2296.0, 2210.0], [2296.25, 2210.0], [2296.5, 16309.0], [2296.75, 49205.0], [2297.0, 2210.0], [2297.25, 2210.0], [2297.5, 1700.0], [2297.75, 510.0], [2298.0, 16756.0], [2298.25, 50697.0], [2298.5, 1700.0], [2298.75, 1701.0], [2299.0, 1700.0]]}}}
{"jsonrpc": "2.0", "method": "subscription", "params": {"channel": "book.ETH-14MAR25.none.20.100ms", "data": {"timestamp": 1741243321822, "change_id": 61090421776, "instrument_name": "ETH-14MAR25", "bids": [[2297.0, 18334.0], [2296.75, 12317.0], [2296.5, 1587.0], [2296.25, 1582.0], [2296.0, 4029.0], [2295.75, 9735.0], [2295.5, 1582.0], [2295.25, 1525.0], [2295.0, 28252.0], [2294.75, 112523.0], [2294.5, 1582.0], [2294.25, 1582.0], [2294.0, 1582.0], [2293.75, 8431.0], [2293.5, 37430.0], [2293.25, 45192.0], [2293.0, 332.0], [2292.75, 6229.0], [2292.5, 16596.0], [2292.0, 1250.0]], "asks": [[2297.5, 8751.0], [2297.75, 3567.0], [2298.0, 4584.0], [2298.25, 11582.0], [2298.5, 3938.0], [2298.75, 9431.0], [2299.0, 1582.0], [2299.25, 1884.0], [2299.5, 2582.0], [2299.75, 1582.0], [2300.0, 1582.0], [2300.25, 1582.0], [2300.5, 1582.0], [2300.75, 6205.0], [2301.0, 16850.0], [2301.25, 1582.0], [2301.5, 1582.0], [2301.75, 1582.0], [2302.0, 8145.0], [2302.25, 23455.0]]}}}
{"jsonrpc": "2.0", "method": "subscription", "params": {"channel": "book.ETH-7MAR25.none.20.100ms", "data": {"timestamp": 1741243321924, "change_id": 61090422018, "instrument_name": "ETH-7MAR25", "bids": [[2294.0, 1.0], [2293.75, 4437.0], [2293.5, 9296.0], [2293.25, 5146.0], [2293.0, 14541.0], [2292.75, 10227.0], [2292.5, 2210.0], [2292.25, 4277.0], [2292.0, 9433.0], [2291.75, 51515.0], [2291.5, 193192.0], [2291.25, 52372.0], [2291.0, 510.0], [2290.75, 2210.0], [2290.5, 2210.0], [2290.25, 17166.0], [2290.0, 51552.0], [2289.25, 2.0], [2287.75, 1700.0], [2287.5, 18296.0]], "asks": [[2294.25, 11701.0], [2294.5, 27681.0], [2294.75, 39718.0], [2295.0, 2700.0], [2295.25, 4515.0], [2295.5, 10191.0], [2295.75, 2210.0], [2296.0, 2210.0], [2296.25, 2210.0], [2296.5, 16309.0], [2296.75, 49205.0], [2297.0, 2210.0], [2297.25, 2210.0], [2297.5, 1700.0], [2297.75, 510.0], [2298.0, 16756.0], [2298.25, 50697.0], [2298.5, 1700.0], [2298.75, 1701.0], [2299.0, 1700.0]]}}}
{"jsonrpc": "2.0", "method": "subscription", "params": {"channel": "book.ETH-14MAR25.none.20.100ms", "data": {"timestamp": 1741243322096, "change_id": 61090422100, "instrument_name": "ETH-14MAR25", "bids": [[2297.0, 18334.0], [2296.75, 12317.0], [2296.5, 1587.0], [2296.25, 1582.0], [2296.0, 4029.0], [2295.75, 9735.0], [2295.5, 1582.0], [2295.25, 1525.0], [2295.0, 28252.0], [2294.75, 112523.0], [2294.5, 1582.0], [2294.25, 1582.0], [2294.0, 1582.0], [2293.75, 8431.0], [2293.5, 37430.0], [2293.25, 45192.0], [2293.0, 332.0], [2292.75, 6229.0], [2292.5, 16596.0], [2292.0, 1250.0]], "asks": [[2297.5, 8751.0], [2297.75, 3567.0], [2298.0, 4584.0], [2298.25, 11582.0], [2298.5, 1582.0], [2298.75, 1582.0], [2299.0, 1582.0], [2299.25, 9918.0], [2299.5, 2582.0], [2299.75, 1582.0], [2300.0, 1582.0], [2300.25, 1582.0], [2300.5, 1582.0], [2300.75, 6205.0], [2301.0, 16850.0], [2301.25, 1582.0], [2301.5, 1582.0], [2301.75, 1582.0], [2302.0, 8145.0], [2302.25, 23455.0]]}}}
{"jsonrpc": "2.0", "method": "subscription", "params": {"channel": "book.ETH-7MAR25.none.20.100ms", "data": {"timestamp": 1741243322235, "change_id": 61090422183, "instrument_name": "ETH-7MAR25", "bids": [[2294.0, 1881.0], [2293.75, 6137.0], [2293.5, 9296.0], [2293.25, 5146.0], [2293.0, 14541.0], [2292.75, 10227.0], [2292.5, 2210.0], [2292.25, 4277.0], [2292.0, 9433.0], [2291.75, 51515.0], [2291.5, 193192.0], [2291.25, 52372.0], [2291.0, 510.0], [2290.75, 2210.0], [2290.5, 2210.0], [2290.25, 17166.0], [2290.0, 51552.0], [2289.25, 2.0], [2287.75, 1700.0], [2287.5, 18296.0]], "asks": [[2294.25, 11701.0], [2294.5, 27681.0], [2294.75, 39718.0], [2295.0, 2700.0], [2295.25, 2210.0], [2295.5, 2296.0], [2295.75, 2210.0], [2296.0, 10281.0], [2296.25, 2210.0], [2296.5, 16309.0], [2296.75, 49205.0], [2297.0, 2210.0], [2297.25, 2210.0], [2297.5, 1700.0], [2297.75, 510.0], [2298.0, 16756.0], [2298.25, 50697.0], [2298.5, 1700.0], [2298.75, 1701.0], [2299.0, 1700.0]]}}}
{"jsonrpc": "2.0", "method": "subscription", "params": {"channel": "book.ETH-14MAR25.none.20.100ms", "data": {"timestamp": 1741243322538, "change_id": 61090422350, "instrument_name": "ETH-14MAR25", "bids": [[2297.0, 18334.0], [2296.75, 12317.0], [2296.5, 1587.0], [2296.25, 1582.0], [2296.0, 4029.0], [2295.75, 9735.0], [2295.5, 1582.0], [2295.25, 1525.0], [2295.0, 28252.0], [2294.75, 112523.0], [2294.5, 1582.0], [2294.25, 1582.0], [2294.0, 1582.0], [2293.75, 8431.0], [2293.5, 37430.0], [2293.25, 45192.0], [2293.0, 332.0], [2292.75, 6229.0], [2292.5, 16596.0], [2292.0, 1250.0]], "asks": [[2297.5, 8751.0], [2297.75, 3567.0], [2298.0, 4584.0], [2298.25, 11582.0], [2298.5, 1582.0], [2298.75, 1582.0], [2299.0, 1582.0], [2299.25, 9918.0], [2299.5, 2582.0], [2299.75, 1582.0], [2300.0, 1582.0], [2300.25, 1582.0], [2300.5, 1582.0], [2300.75, 6205.0], [2301.0, 16850.0], [2301.25, 1582.0], [2301.5, 1582.0], [2301.75, 1582.0], [2302.0, 8145.0], [2302.25, 23455.0]]}}}
{"jsonrpc": "2.0", "method": "subscription", "params": {"channel": "book.ETH-7MAR25.none.20.100ms", "data": {"timestamp": 1741243322542, "change_id": 61090422351, "instrument_name": "ETH-7MAR25", "bids": [[2294.0, 2069.0], [2293.75, 6137.0], [2293.5, 9296.0], [2293.25, 5146.0], [2293.0, 14541.0], [2292.75, 10227.0], [2292.5, 2210.0], [2292.25, 4277.0], [2292.0, 9433.0], [2291.75, 51515.0], [2291.5, 193192.0], [2291.25, 52372.0], [2291.0, 510.0], [2290.75, 2210.0], [2290.5, 2210.0], [2290.25, 17166.0], [2290.0, 51552.0], [2289.25, 2.0], [2287.75, 1700.0], [2287.5, 18296.0]], "asks": [[2294.25, 10001.0], [2294.5, 27681.0], [2294.75, 39718.0], [2295.0, 2700.0], [2295.25, 2210.0], [2295.5, 2296.0], [2295.75, 2210.0], [2296.0, 10281.0], [2296.25, 2210.0], [2296.5, 16309.0], [2296.75, 49205.0], [2297.0, 2210.0], [2297.25, 2210.0], [2297.5, 1700.0], [2297.75, 510.0], [2298.0, 16756.0], [2298.25, 50697.0], [2298.5, 1700.0], [2298.75, 1701.0], [2299.0, 1700.0]]}}}
{"jsonrpc": "2.0", "method": "subscription", "params": {"channel": "book.ETH-14MAR25.none.20.100ms", "data": {"timestamp": 1741243322836, "change_id": 61090422944, "instrument_name": "ETH-14MAR25", "bids": [[2297.25, 22650.0], [2297.0, 21097.0], [2296.75, 452.0], [2296.5, 1587.0], [2296.25, 1582.0], [2296.0, 4029.0], [2295.75, 9735.0], [2295.5, 1582.0], [2295.25, 1525.0], [2295.0, 28252.0], [2294.75, 112523.0], [2294.5, 1582.0], [2294.25, 1582.0], [2294.0, 1582.0], [2293.75, 8431.0], [2293.5, 37430.0], [2293.25, 45192.0], [2293.0, 332.0], [2292.75, 6229.0], [2292.5, 16596.0]], "asks": [[2297.5, 200.0], [2297.75, 893.0], [2298.0, 6449.0], [2298.25, 11702.0], [2298.5, 1582.0], [2298.75, 1582.0], [2299.0, 1582.0], [2299.25, 1884.0], [2299.5, 10528.0], [2299.75, 1582.0], [2300.0, 1582.0], [2300.25, 1582.0], [2300.5, 1582.0], [2300.75, 6205.0], [2301.0, 16850.0], [2301.25, 1582.0], [2301.5, 1582.0], [2301.75, 1582.0], [2302.0, 8145.0], [2302.25, 23455.0]]}}}
{"jsonrpc": "2.0", "method": "subscription", "params": {"channel": "book.ETH-7MAR25.none.20.100ms", "data": {"timestamp": 1741243322919, "change_id": 61090423121, "instrument_name": "ETH-7MAR25", "bids": [[2294.0, 11932.0], [2293.75, 4183.0], [2293.5, 9296.0], [2293.25, 5146.0], [2293.0, 14541.0], [2292.75, 10227.0], [2292.5, 2210.0], [2292.25, 4277.0], [2292.0, 9433.0], [2291.75, 51515.0], [2291.5, 193192.0], [2291.25, 52372.0], [2291.0, 510.0], [2290.75, 2210.0], [2290.5, 2210.0], [2290.25, 17166.0], [2290.0, 51552.0], [2289.25, 2.0], [2287.75, 1700.0], [2287.5, 18296.0]], "asks": [[2294.25, 10000.0], [2294.5, 24027.0], [2294.75, 41672.0], [2295.0, 2700.0], [2295.25, 2210.0], [2295.5, 2296.0], [2295.75, 2210.0], [2296.0, 2210.0], [2296.25, 10199.0], [2296.5, 16309.0], [2296.75, 50905.0], [2297.0, 2210.0], [2297.25, 2210.0], [2297.5, 1700.0], [2297.75, 510.0], [2298.0, 16756.0], [2298.25, 50697.0], [2298.5, 1700.0], [2298.75, 1701.0], [2299.0, 1700.0]]}}}
{"jsonrpc": "2.0", "method": "subscription", "params": {"channel": "book.ETH-14MAR25.none.20.100ms", "data": {"timestamp": 1741243323104, "change_id": 61090423297, "instrument_name": "ETH-14MAR25", "bids": [[2297.25, 21400.0], [2297.0, 21097.0], [2296.75, 452.0], [2296.5, 1587.0], [2296.25, 1582.0], [2296.0, 4029.0], [2295.75, 9735.0], [2295.5, 1582.0], [2295.25, 1525.0], [2295.0, 28252.0], [2294.75, 112523.0], [2294.5, 1582.0], [2294.25, 1582.0], [2294.0, 1582.0], [2293.75, 8431.0], [2293.5, 37430.0], [2293.25, 45192.0], [2293.0, 332.0], [2292.75, 6229.0], [2292.5, 16596.0]], "asks": [[2297.5, 200.0], [2297.75, 893.0], [2298.0, 6569.0], [2298.25, 11582.0], [2298.5, 1582.0], [2298.75, 1582.0], [2299.0, 1582.0], [2299.25, 1884.0], [2299.5, 10528.0], [2299.75, 1582.0], [2300.0, 1582.0], [2300.25, 1582.0], [2300.5, 1582.0], [2300.75, 6205.0], [2301.0, 16850.0], [2301.25, 1582.0], [2301.5, 1582.0], [2301.75, 1582.0], [2302.0, 8145.0], [2302.25, 23455.0]]}}}
{"jsonrpc": "2.0", "method": "subscription", "params": {"channel": "book.ETH-7MAR25.none.20.100ms", "data": {"timestamp": 1741243323180, "change_id": 61090423334, "instrument_name": "ETH-7MAR25", "bids": [[2294.0, 5723.0], [2293.75, 4183.0], [2293.5, 9296.0], [2293.25, 5146.0], [2293.0, 14541.0], [2292.75, 10227.0], [2292.5, 2210.0], [2292.25, 4277.0], [2292.0, 9433.0], [2291.75, 51515.0], [2291.5, 193192.0], [2291.25, 52372.0], [2291.0, 510.0], [2290.75, 2210.0], [2290.5, 2210.0], [2290.25, 17166.0], [2290.0, 51552.0], [2289.25, 2.0], [2287.75, 1700.0], [2287.5, 18296.0]], "asks": [[2294.25, 10000.0], [2294.5, 24027.0], [2294.75, 41672.0], [2295.0, 2700.0], [2295.25, 2210.0], [2295.5, 2296.0], [2295.75, 2210.0], [2296.0, 2210.0], [2296.25, 10199.0], [2296.5, 16309.0], [2296.75, 50905.0], [2297.0, 2210.0], [2297.25, 2210.0], [2297.5, 1700.0], [2297.75, 510.0], [2298.0, 16756.0], [2298.25, 50697.0], [2298.5, 1700.0], [2298.75, 1701.0], [2299.0, 1700.0]]}}}
{"jsonrpc": "2.0", "method": "subscription", "params": {"channel": "book.ETH-14MAR25.none.20.100ms", "data": {"timestamp": 1741243323336, "change_id": 61090423381, "instrument_name": "ETH-14MAR25", "bids": [[2297.25, 6400.0], [2297.0, 19847.0], [2296.75, 452.0], [2296.5, 1587.0], [2296.25, 1582.0], [2296.0, 4029.0], [2295.75, 9735.0], [2295.5, 1582.0], [2295.25, 1525.0], [2295.0, 28252.0], [2294.75, 112523.0], [2294.5, 1582.0], [2294.25, 1582.0], [2294.0, 1582.0], [2293.75, 8431.0], [2293.5, 37430.0], [2293.25, 45192.0], [2293.0, 332.0], [2292.75, 6229.0], [2292.5, 16596.0]], "asks": [[2297.5, 200.0], [2297.75, 893.0], [2298.0, 6569.0], [2298.25, 11582.0], [2298.5, 1582.0], [2298.75, 1582.0], [2299.0, 1582.0], [2299.25, 1884.0], [2299.5, 10528.0], [2299.75, 1582.0], [2300.0, 1582.0], [2300.25, 1582.0], [2300.5, 1582.0], [2300.75, 6205.0], [2301.0, 16850.0], [2301.25, 1582.0], [2301.5, 1582.0], [2301.75, 1582.0], [2302.0, 8145.0], [2302.25, 23455.0]]}}}
{"jsonrpc": "2.0", "method": "subscription", "params": {"channel": "book.ETH-7MAR25.none.20.100ms", "data": {"timestamp": 1741243323544, "change_id": 61090423569, "instrument_name": "ETH-7MAR25", "bids": [[2294.0, 4023.0], [2293.75, 4183.0], [2293.5, 9296.0], [2293.25, 5146.0], [2293.0, 14541.0], [2292.75, 10227.0], [2292.5, 2210.0], [2292.25, 4277.0], [2292.0, 9433.0], [2291.75, 51515.0], [2291.5, 193192.0], [2291.25, 52372.0], [2291.0, 510.0], [2290.75, 2210.0], [2290.5, 2210.0], [2290.25, 17166.0], [2290.0, 51552.0], [2289.25, 2.0], [2287.75, 1700.0], [2287.5, 18296.0]], "asks": [[2294.25, 10000.0], [2294.5, 24027.0], [2294.75, 41672.0], [2295.0, 2700.0], [2295.25, 2210.0], [2295.5, 2296.0], [2295.75, 2210.0], [2296.0, 2210.0], [2296.25, 10199.0], [2296.5, 16309.0], [2296.75, 50905.0], [2297.0, 2210.0], [2297.25, 2210.0], [2297.5, 1700.0], [2297.75, 510.0], [2298.0, 16756.0], [2298.25, 50697.0], [2298.5, 1700.0], [2298.75, 1701.0], [2299.0, 1700.0]]}}}
{"jsonrpc": "2.0", "method": "subscription", "params": {"channel": "book.ETH-14MAR25.none.20.100ms", "data": {"timestamp": 1741243323716, "change_id": 61090423862, "instrument_name": "ETH-14MAR25", "bids": [[2297.25, 21400.0], [2297.0, 19847.0], [2296.75, 452.0], [2296.5, 1587.0], [2296.25, 1582.0], [2296.0, 4029.0], [2295.75, 9735.0], [2295.5, 1582.0], [2295.25, 1525.0], [2295.0, 28252.0], [2294.75, 112523.0], [2294.5, 1582.0], [2294.25, 1582.0], [2294.0, 1582.0], [2293.75, 8431.0], [2293.5, 37430.0], [2293.25, 45192.0], [2293.0, 332.0], [2292.75, 6229.0], [2292.5, 16596.0]], "asks": [[2297.5, 200.0], [2297.75, 893.0], [2298.0, 6569.0], [2298.25, 11582.0], [2298.5, 1582.0], [2298.75, 1582.0], [2299.0, 1582.0], [2299.25, 4230.0], [2299.5, 10528.0], [2299.75, 1582.0], [2300.0, 1582.0], [2300.25, 1582.0], [2300.5, 1582.0], [2300.75, 6205.0], [2301.0, 16850.0], [2301.25, 1582.0], [2301.5, 1582.0], [2301.75, 1582.0], [2302.0, 8145.0], [2302.25, 23455.0]]}}}
{"jsonrpc": "2.0", "method": "subscription", "params": {"channel": "book.ETH-7MAR25.none.20.100ms", "data": {"timestamp": 1741243323804, "change_id": 61090423895, "instrument_name": "ETH-7MAR25", "bids": [[2294.0, 7423.0], [2293.75, 4183.0], [2293.5, 9296.0], [2293.25, 5146.0], [2293.0, 14541.0], [2292.75, 10227.0], [2292.5, 2210.0], [2292.25, 4277.0], [2292.0, 9433.0], [2291.75, 51515.0], [2291.5, 193192.0], [2291.25, 52372.0], [2291.0, 510.0], [2290.75, 2210.0], [2290.5, 2210.0], [2290.25, 17166.0], [2290.0, 51552.0], [2289.25, 2.0], [2287.75, 1700.0], [2287.5, 18296.0]], "asks": [[2294.25, 10000.0], [2294.5, 24027.0], [2294.75, 41672.0], [2295.0, 3210.0], [2295.25, 2210.0], [2295.5, 2296.0], [2295.75, 2210.0], [2296.0, 2210.0], [2296.25, 10199.0], [2296.5, 16309.0], [2296.75, 50905.0], [2297.0, 2210.0], [2297.25, 2210.0], [2297.5, 1700.0], [2297.75, 510.0], [2298.0, 16756.0], [2298.25, 50697.0], [2298.5, 1700.0], [2298.75, 1701.0], [2299.0, 1700.0]]}}}
{"jsonrpc": "2.0", "method": "subscription", "params": {"channel": "book.ETH-14MAR25.none.20.100ms", "data": {"timestamp": 1741243324239, "change_id": 61090424991, "instrument_name": "ETH-14MAR25", "bids": [[2297.25, 34515.0], [2297.0, 11244.0], [2296.75, 8283.0], [2296.5, 1587.0], [2296.25, 1582.0], [2296.0, 1582.0], [2295.75, 1582.0], [2295.5, 1582.0], [2295.25, 5983.0], [2295.0, 49193.0], [2294.75, 91582.0], [2294.5, 1582.0], [2294.25, 1582.0], [2294.0, 1582.0], [2293.75, 8431.0], [2293.5, 37430.0], [2293.25, 45192.0], [2293.0, 332.0], [2292.75, 6229.0], [2292.5, 16596.0]], "asks": [[2297.5, 200.0], [2298.25, 332.0], [2298.5, 1582.0], [2298.75, 11582.0], [2299.0, 1582.0], [2299.25, 1884.0], [2299.5, 2582.0], [2299.75, 1582.0], [2300.0, 1582.0], [2300.25, 1582.0], [2300.5, 1582.0], [2300.75, 6205.0], [2301.0, 16850.0], [2301.25, 1582.0], [2301.5, 1582.0], [2301.75, 1582.0], [2302.0, 8145.0], [2302.25, 23455.0], [2302.5, 46806.0], [2303.0, 1750.0]]}}}
{"jsonrpc": "2.0", "method": "subscription", "params": {"channel": "book.ETH-7MAR25.none.20.100ms", "data": {"timestamp": 1741243324253, "change_id": 61090425050, "instrument_name": "ETH-7MAR25", "bids": [[2294.5, 5300.0], [2294.25, 11251.0], [2294.0, 2211.0], [2293.75, 3800.0], [2293.5, 10436.0], [2293.25, 12210.0], [2293.0, 4541.0], [2292.75, 10227.0], [2292.5, 2210.0], [2292.25, 4277.0], [2292.0, 9433.0], [2291.75, 51515.0], [2291.5, 193192.0], [2291.25, 52372.0], [2291.0, 510.0], [2290.75, 2210.0], [2290.5, 2210.0], [2290.25, 17166.0], [2290.0, 51552.0], [2289.25, 2.0]], "asks": [[2294.75, 10596.0], [2295.0, 24548.0], [2295.25, 39632.0], [2295.5, 2296.0], [2295.75, 2210.0], [2296.0, 3210.0], [2296.25, 2210.0], [2296.5, 16309.0], [2296.75, 50905.0], [2297.0, 2210.0], [2297.25, 2210.0], [2297.5, 1700.0], [2297.75, 510.0], [2298.0, 16756.0], [2298.25, 50697.0], [2298.5, 1700.0], [2298.75, 1701.0], [2299.0, 1700.0], [2299.25, 68715.0], [2299.75, 1700.0]]}}}
{"jsonrpc": "2.0", "method": "subscription", "params": {"channel": "book.ETH-14MAR25.none.20.100ms", "data": {"timestamp": 1741243324408, "change_id": 61090425512, "instrument_name": "ETH-14MAR25", "bids": [[2297.25, 34515.0], [2297.0, 11364.0], [2296.75, 8163.0], [2296.5, 1587.0], [2296.25, 1582.0], [2296.0, 1582.0], [2295.75, 1582.0], [2295.5, 1582.0], [2295.25, 5983.0], [2295.0, 49193.0], [2294.75, 91582.0], [2294.5, 1582.0], [2294.25, 1582.0], [2294.0, 1582.0], [2293.75, 8431.0], [2293.5, 37430.0], [2293.25, 45192.0], [2293.0, 332.0], [2292.75, 6229.0], [2292.5, 16596.0]], "asks": [[2297.5, 200.0], [2298.0, 560.0], [2298.25, 2197.0], [2298.5, 1702.0], [2298.75, 11582.0], [2299.0, 1582.0], [2299.25, 10066.0], [2299.5, 2582.0], [2299.75, 1582.0], [2300.0, 1582.0], [2300.25, 1582.0], [2300.5, 1582.0], [2300.75, 6205.0], [2301.0, 16850.0], [2301.25, 1582.0], [2301.5, 1582.0], [2301.75, 1582.0], [2302.0, 8145.0], [2302.25, 23455.0], [2302.5, 46806.0]]}}}
{"jsonrpc": "2.0", "method": "subscription", "params": {"channel": "book.ETH-7MAR25.none.20.100ms", "data": {"timestamp": 1741243324585, "change_id": 61090425732, "instrument_name": "ETH-7MAR25", "bids": [[2294.5, 2433.0], [2294.25, 11164.0], [2294.0, 3934.0], [2293.75, 10052.0], [2293.5, 4983.0], [2293.25, 12210.0], [2293.0, 2296.0], [2292.75, 2059.0], [2292.5, 2210.0], [2292.25, 4277.0], [2292.0, 9433.0], [2291.75, 51515.0], [2291.5, 193192.0], [2291.25, 52372.0], [2291.0, 510.0], [2290.75, 2210.0], [2290.5, 2210.0], [2290.25, 17166.0], [2290.0, 51552.0], [2289.25, 2.0]], "asks": [[2294.75, 10597.0], [2295.0, 24548.0], [2295.25, 41586.0], [2295.5, 2210.0], [2295.75, 4948.0], [2296.0, 11336.0], [2296.25, 2210.0], [2296.5, 16309.0], [2296.75, 50905.0], [2297.0, 2210.0], [2297.25, 2210.0], [2297.5, 1700.0], [2297.75, 510.0], [2298.0, 16756.0], [2298.25, 50697.0], [2298.5, 1700.0], [2298.75, 1701.0], [2299.0, 1700.0], [2299.25, 68715.0], [2299.75, 1700.0]]}}}
{"jsonrpc": "2.0", "method": "subscription", "params": {"channel": "book.ETH-14MAR25.none.20.100ms", "data": {"timestamp": 1741243324665, "change_id": 61090425870, "instrument_name": "ETH-14MAR25", "bids": [[2297.25, 34515.0], [2297.0, 4964.0], [2296.75, 8163.0], [2296.5, 1587.0], [2296.25, 1582.0], [2296.0, 1582.0], [2295.75, 1582.0], [2295.5, 1582.0], [2295.25, 5983.0], [2295.0, 49193.0], [2294.75, 91582.0], [2294.5, 1582.0], [2294.25, 1582.0], [2294.0, 1582.0], [2293.75, 8431.0], [2293.5, 37430.0], [2293.25, 45192.0], [2293.0, 332.0], [2292.75, 6229.0], [2292.5, 16596.0]], "asks": [[2297.5, 200.0], [2297.75, 1920.0], [2298.0, 6960.0], [2298.25, 2197.0], [2298.5, 4704.0], [2298.75, 11582.0], [2299.0, 1582.0], [2299.25, 10066.0], [2299.5, 2582.0], [2299.75, 1582.0], [2300.0, 1582.0], [2300.25, 1582.0], [2300.5, 1582.0], [2300.75, 6205.0], [2301.0, 16850.0], [2301.25, 1582.0], [2301.5, 1582.0], [2301.75, 1582.0], [2302.0, 8145.0], [2302.25, 23455.0]]}}}
{"jsonrpc": "2.0", "method": "subscription", "params": {"channel": "book.ETH-7MAR25.none.20.100ms", "data": {"timestamp": 1741243324827, "change_id": 61090426241, "instrument_name": "ETH-7MAR25", "bids": [[2294.5, 4896.0], [2294.25, 10227.0], [2294.0, 11665.0], [2293.75, 12478.0], [2293.5, 12296.0], [2293.25, 2210.0], [2293.0, 2104.0], [2292.75, 2059.0], [2292.5, 1700.0], [2292.25, 4277.0], [2292.0, 8837.0], [2291.75, 51515.0], [2291.5, 193192.0], [2291.25, 52372.0], [2291.0, 510.0], [2290.75, 2210.0], [2290.5, 2210.0], [2290.25, 17166.0], [2290.0, 51552.0], [2289.25, 2.0]], "asks": [[2294.75, 10597.0], [2295.0, 26502.0], [2295.25, 39632.0], [2295.5, 2210.0], [2295.75, 4948.0], [2296.0, 11336.0], [2296.25, 2210.0], [2296.5, 16309.0], [2296.75, 50752.0], [2297.0, 2057.0], [2297.25, 2210.0], [2297.5, 1700.0], [2298.0, 16603.0], [2298.25, 50697.0], [2298.5, 2210.0], [2298.75, 1701.0], [2299.0, 1700.0], [2299.25, 68715.0], [2299.75, 1700.0], [2301.0, 10.0]]}}}
{"jsonrpc": "2.0", "method": "subscription", "params": {"channel": "book.ETH-14MAR25.none.20.100ms", "data": {"timestamp": 1741243325209, "change_id": 61090426829, "instrument_name": "ETH-14MAR25", "bids": [[2297.25, 34635.0], [2297.0, 4844.0], [2296.75, 8163.0], [2296.5, 1587.0], [2296.25, 1582.0], [2296.0, 1582.0], [2295.75, 1582.0], [2295.5, 1582.0], [2295.25, 5983.0], [2295.0, 49193.0], [2294.75, 91582.0], [2294.5, 1582.0], [2294.25, 1582.0], [2294.0, 1582.0], [2293.75, 8431.0], [2293.5, 37430.0], [2293.25, 45192.0], [2293.0, 332.0], [2292.75, 6229.0], [2292.5, 16596.0]], "asks": [[2297.5, 200.0], [2297.75, 1920.0], [2298.0, 6960.0], [2298.25, 2197.0], [2298.5, 3454.0], [2298.75, 11582.0], [2299.0, 1582.0], [2299.25, 1884.0], [2299.5, 10851.0], [2299.75, 1582.0], [2300.0, 1582.0], [2300.25, 1582.0], [2300.5, 1582.0], [2300.75, 6205.0], [2301.0, 16850.0], [2301.25, 1582.0], [2301.5, 1582.0], [2301.75, 1582.0], [2302.0, 8145.0], [2302.25, 23455.0]]}}}
{"jsonrpc": "2.0", "method": "subscription", "params": {"channel": "book.ETH-7MAR25.none.20.100ms", "data": {"timestamp": 1741243325244, "change_id": 61090426856, "instrument_name": "ETH-7MAR25", "bids": [[2294.5, 8700.0], [2294.25, 24743.0], [2294.0, 5769.0], [2293.75, 12478.0], [2293.5, 12296.0], [2293.25, 2057.0], [2293.0, 2211.0], [2292.75, 2059.0], [2292.5, 2210.0], [2292.25, 4123.0], [2292.0, 9350.0], [2291.75, 51515.0], [2291.5, 193192.0], [2291.25, 52372.0], [2291.0, 510.0], [2290.75, 2210.0], [2290.5, 2210.0], [2290.25, 17166.0], [2290.0, 51552.0], [2289.25, 2.0]], "asks": [[2294.75, 10596.0], [2295.0, 24548.0], [2295.25, 37932.0], [2295.5, 2210.0], [2295.75, 4948.0], [2296.0, 11336.0], [2296.25, 2210.0], [2296.5, 16309.0], [2296.75, 50752.0], [2297.0, 2057.0], [2297.25, 2210.0], [2297.5, 1700.0], [2297.75, 510.0], [2298.0, 16603.0], [2298.25, 50544.0], [2298.5, 1700.0], [2298.75, 1701.0], [2299.0, 1700.0], [2299.25, 68715.0], [2299.75, 1700.0]]}}}
{"jsonrpc": "2.0", "method": "subscription", "params": {"channel": "book.ETH-14MAR25.none.20.100ms", "data": {"timestamp": 1741243325510, "change_id": 61090427224, "instrument_name": "ETH-14MAR25", "bids": [[2297.25, 34635.0], [2297.0, 10069.0], [2296.75, 26537.0], [2296.5, 1587.0], [2296.25, 1582.0], [2296.0, 1582.0], [2295.75, 1582.0], [2295.5, 1250.0], [2295.25, 5983.0], [2295.0, 49193.0], [2294.75, 91582.0], [2294.5, 1582.0], [2294.25, 1250.0], [2294.0, 1582.0], [2293.75, 8431.0], [2293.5, 37430.0], [2293.25, 45192.0], [2292.75, 1250.0], [2292.5, 16596.0], [2292.0, 1250.0]], "asks": [[2297.5, 200.0], [2297.75, 1920.0], [2298.0, 6960.0], [2298.25, 2197.0], [2298.5, 1582.0], [2298.75, 1702.0], [2299.0, 11582.0], [2299.25, 1884.0], [2299.5, 10851.0], [2299.75, 1582.0], [2300.0, 1582.0], [2300.25, 1582.0], [2300.5, 1582.0], [2300.75, 6205.0], [2301.0, 16850.0], [2301.25, 1582.0], [2301.5, 1582.0], [2301.75, 1582.0], [2302.0, 8145.0], [2302.25, 23455.0]]}}}
{"jsonrpc": "2.0", "method": "subscription", "params": {"channel": "book.ETH-7MAR25.none.20.100ms", "data": {"timestamp": 1741243325528, "change_id": 61090427236, "instrument_name": "ETH-7MAR25", "bids": [[2294.5, 7000.0], [2294.25, 9743.0], [2294.0, 5769.0], [2293.75, 12478.0], [2293.5, 12296.0], [2293.25, 2057.0], [2293.0, 2211.0], [2292.75, 2059.0], [2292.5, 2210.0], [2292.25, 4123.0], [2292.0, 9350.0], [2291.75, 51515.0], [2291.5, 193192.0], [2291.25, 52372.0], [2291.0, 510.0], [2290.75, 2210.0], [2290.5, 2210.0], [2290.25, 17166.0], [2290.0, 51552.0], [2289.25, 2.0]], "asks": [[2294.75, 1934.0], [2295.0, 26502.0], [2295.25, 47932.0], [2295.5, 2210.0], [2295.75, 4948.0], [2296.0, 11336.0], [2296.25, 2210.0], [2296.5, 16309.0], [2296.75, 50752.0], [2297.0, 2057.0], [2297.25, 2210.0], [2297.5, 1700.0], [2297.75, 510.0], [2298.0, 16603.0], [2298.25, 50544.0], [2298.5, 1700.0], [2298.75, 1701.0], [2299.0, 1700.0], [2299.25, 68715.0], [2299.75, 1700.0]]}}}
{"jsonrpc": "2.0", "method": "subscription", "params": {"channel": "book.ETH-14MAR25.none.20.100ms", "data": {"timestamp": 1741243325709, "change_id": 61090427538, "instrument_name": "ETH-14MAR25", "bids": [[2297.25, 34635.0], [2297.0, 4844.0], [2296.75, 8163.0], [2296.5, 1587.0], [2296.25, 1582.0], [2296.0, 1582.0], [2295.75, 1582.0], [2295.5, 1582.0], [2295.25, 5983.0], [2295.0, 49193.0], [2294.75, 91582.0], [2294.5, 1582.0], [2294.25, 1582.0], [2294.0, 1582.0], [2293.75, 8431.0], [2293.5, 37430.0], [2293.25, 45192.0], [2292.75, 1250.0], [2292.5, 16596.0], [2292.0, 1250.0]], "asks": [[2297.5, 200.0], [2297.75, 1920.0], [2298.0, 6960.0], [2298.25, 2197.0], [2298.5, 452.0], [2298.75, 4584.0], [2299.0, 11582.0], [2299.25, 1884.0], [2299.5, 10851.0], [2299.75, 1582.0], [2300.0, 1582.0], [2300.25, 1582.0], [2300.5, 1582.0], [2300.75, 6205.0], [2301.0, 16850.0], [2301.25, 1582.0], [2301.5, 1582.0], [2301.75, 1582.0], [2302.0, 8145.0], [2302.25, 23455.0]]}}}
{"jsonrpc": "2.0", "method": "subscription", "params": {"channel": "book.ETH-7MAR25.none.20.100ms", "data": {"timestamp": 1741243325874, "change_id": 61090427885, "instrument_name": "ETH-7MAR25", "bids": [[2294.5, 8701.0], [2294.25, 11256.0], [2294.0, 11068.0], [2293.75, 12478.0], [2293.5, 12296.0], [2293.25, 2057.0], [2293.0, 2211.0], [2292.75, 2059.0], [2292.5, 2210.0], [2292.25, 4123.0], [2292.0, 9350.0], [2291.75, 51515.0], [2291.5, 193192.0], [2291.25, 52372.0], [2291.0, 510.0], [2290.75, 2210.0], [2290.5, 2210.0], [2290.25, 17166.0], [2290.0, 51552.0], [2289.25, 2.0]], "asks": [[2294.75, 3189.0], [2295.0, 36502.0], [2295.25, 37932.0], [2295.5, 2210.0], [2295.75, 4948.0], [2296.0, 11336.0], [2296.25, 2210.0], [2296.5, 16309.0], [2296.75, 50752.0], [2297.0, 2057.0], [2297.25, 2210.0], [2297.5, 1700.0], [2297.75, 510.0], [2298.0, 16603.0], [2298.25, 50544.0], [2298.5, 1700.0], [2298.75, 1701.0], [2299.0, 1700.0], [2299.25, 68715.0], [2299.75, 1700.0]]}}}
{"jsonrpc": "2.0", "method": "subscription", "params": {"channel": "book.ETH-14MAR25.none.20.100ms", "data": {"timestamp": 1741243326238, "change_id": 61090428734, "instrument_name": "ETH-14MAR25", "bids": [[2297.75, 26273.0], [2297.5, 22389.0], [2297.25, 17186.0], [2297.0, 3500.0], [2296.75, 22471.0], [2296.5, 1587.0], [2296.25, 1582.0], [2296.0, 1582.0], [2295.75, 1582.0], [2295.5, 1250.0], [2295.25, 1525.0], [2295.0, 28252.0], [2294.75, 91582.0], [2294.5, 1250.0], [2294.25, 1250.0], [2294.0, 1250.0], [2293.75, 8431.0], [2293.5, 37430.0], [2293.25, 45192.0], [2292.75, 1250.0]], "asks": [[2298.25, 1250.0], [2298.5, 3567.0], [2298.75, 4584.0], [2299.0, 11582.0], [2299.25, 1884.0], [2299.5, 2582.0], [2299.75, 1582.0], [2300.0, 1582.0], [2300.25, 1582.0], [2300.5, 1582.0], [2300.75, 6205.0], [2301.0, 16850.0], [2301.25, 1250.0], [2301.5, 1582.0], [2301.75, 1582.0], [2302.0, 8145.0], [2302.25, 23455.0], [2302.5, 46806.0], [2303.0, 1750.0], [2303.75, 1250.0]]}}}
{"jsonrpc": "2.0", "method": "subscription", "params": {"channel": "book.ETH-7MAR25.none.20.100ms", "data": {"timestamp": 1741243326238, "change_id": 61090428736, "instrument_name": "ETH-7MAR25", "bids": [[2294.5, 5898.0], [2294.25, 8513.0], [2294.0, 7000.0], [2293.75, 9542.0], [2293.5, 11700.0], [2293.25, 1700.0], [2293.0, 1700.0], [2292.75, 1702.0], [2292.5, 1700.0], [2292.25, 1700.0], [2292.0, 23368.0], [2291.75, 87490.0], [2291.5, 91700.0], [2291.25, 52372.0], [2290.75, 1700.0], [2290.5, 1700.0], [2290.25, 1700.0], [2290.0, 51552.0], [2289.25, 2.0], [2287.75, 1700.0]], "asks": [[2295.0, 12547.0], [2295.25, 13990.0], [2295.5, 39122.0], [2295.75, 1700.0], [2296.0, 2700.0], [2296.25, 1700.0], [2296.5, 1700.0], [2296.75, 50395.0], [2297.0, 1700.0], [2297.25, 1700.0], [2297.5, 1700.0], [2298.0, 1700.0], [2298.25, 50187.0], [2298.5, 1700.0], [2298.75, 1701.0], [2299.0, 1700.0], [2299.25, 68715.0], [2299.75, 1700.0], [2301.0, 10.0], [2302.0, 41700.0]]}}}
{"jsonrpc": "2.0", "method": "subscription", "params": {"channel": "book.ETH-14MAR25.none.20.100ms", "data": {"timestamp": 1741243326496, "change_id": 61090429063, "instrument_name": "ETH-14MAR25", "bids": [[2297.75, 21732.0], [2297.5, 22389.0], [2297.25, 17518.0], [2297.0, 12696.0], [2296.75, 41177.0], [2296.5, 1587.0], [2296.25, 1582.0], [2296.0, 1582.0], [2295.75, 1582.0], [2295.5, 1582.0], [2295.25, 1525.0], [2295.0, 28252.0], [2294.75, 91582.0], [2294.5, 1582.0], [2294.25, 1582.0], [2294.0, 2053.0], [2293.75, 9858.0], [2293.5, 37430.0], [2293.25, 45192.0], [2292.75, 1250.0]], "asks": [[2298.0, 6600.0], [2298.25, 2179.0], [2298.5, 3567.0], [2298.75, 4584.0], [2299.0, 11582.0], [2299.25, 1884.0], [2299.5, 5092.0], [2299.75, 9943.0], [2300.0, 1582.0], [2300.25, 1582.0], [2300.5, 1582.0], [2300.75, 6205.0], [2301.0, 16850.0], [2301.25, 1582.0], [2301.5, 1582.0], [2301.75, 1582.0], [2302.0, 8145.0], [2302.25, 23455.0], [2302.5, 46806.0], [2303.0, 1750.0]]}}}
{"jsonrpc": "2.0", "method": "subscription", "params": {"channel": "book.ETH-7MAR25.none.20.100ms", "data": {"timestamp": 1741243326472, "change_id": 61090429042, "instrument_name": "ETH-7MAR25", "bids": [[2294.5, 7255.0], [2294.25, 7000.0], [2294.0, 44130.0], [2293.75, 9542.0], [2293.5, 11700.0], [2293.25, 1700.0], [2293.0, 1700.0], [2292.75, 1702.0], [2292.5, 50350.0], [2292.25, 1700.0], [2292.0, 8837.0], [2291.75, 1710.0], [2291.5, 91700.0], [2291.25, 52372.0], [2290.75, 1700.0], [2290.5, 1700.0], [2290.25, 1700.0], [2290.0, 51552.0], [2289.25, 2.0], [2287.75, 1700.0]], "asks": [[2295.0, 11700.0], [2295.25, 13990.0], [2295.5, 41076.0], [2295.75, 1700.0], [2296.0, 2700.0], [2296.25, 1700.0], [2296.5, 10032.0], [2296.75, 50395.0], [2297.0, 1700.0], [2297.25, 1700.0], [2297.5, 1700.0], [2298.0, 1700.0], [2298.25, 50187.0], [2298.5, 1700.0], [2298.75, 1701.0], [2299.0, 1700.0], [2299.25, 68715.0], [2299.75, 1700.0], [2301.0, 10.0], [2302.0, 41700.0]]}}}
{"jsonrpc": "2.0", "method": "subscription", "params": {"channel": "book.ETH-14MAR25.none.20.100ms", "data": {"timestamp": 1741243326839, "change_id": 61090429527, "instrument_name": "ETH-14MAR25", "bids": [[2297.5, 29444.0], [2297.25, 11118.0], [2297.0, 12696.0], [2296.75, 41177.0], [2296.5, 1587.0], [2296.25, 1582.0], [2296.0, 1582.0], [2295.75, 1582.0], [2295.5, 1582.0], [2295.25, 1525.0], [2295.0, 28252.0], [2294.75, 91582.0], [2294.5, 1582.0], [2294.25, 1582.0], [2294.0, 2053.0], [2293.75, 9858.0], [2293.5, 37430.0], [2293.25, 45192.0], [2292.75, 1250.0], [2292.5, 16596.0]], "asks": [[2298.0, 6932.0], [2298.25, 2179.0], [2298.5, 3567.0], [2298.75, 4584.0], [2299.0, 11582.0], [2299.25, 1884.0], [2299.5, 5092.0], [2299.75, 9943.0], [2300.0, 1582.0], [2300.25, 1582.0], [2300.5, 1582.0], [2300.75, 6205.0], [2301.0, 16850.0], [2301.25, 1582.0], [2301.5, 1582.0], [2301.75, 1582.0], [2302.0, 8145.0], [2302.25, 23455.0], [2302.5, 46806.0], [2303.0, 1750.0]]}}}
{"jsonrpc": "2.0", "method": "subscription", "params": {"channel": "book.ETH-7MAR25.none.20.100ms", "data": {"timestamp": 1741243326892, "change_id": 61090429730, "instrument_name": "ETH-7MAR25", "bids": [[2294.5, 5301.0], [2294.25, 22193.0], [2294.0, 41693.0], [2293.75, 12978.0], [2293.5, 12210.0], [2293.25, 2210.0], [2293.0, 2211.0], [2292.75, 16733.0], [2292.5, 50860.0], [2292.25, 4277.0], [2292.0, 9350.0], [2291.75, 29146.0], [2291.5, 107412.0], [2291.25, 52372.0], [2291.0, 510.0], [2290.75, 2210.0], [2290.5, 1700.0], [2290.25, 1700.0], [2290.0, 51552.0], [2289.25, 2.0]], "asks": [[2294.75, 1401.0], [2295.0, 16483.0], [2295.25, 27681.0], [2295.5, 39632.0], [2295.75, 2296.0], [2296.0, 3210.0], [2296.25, 4710.0], [2296.5, 25151.0], [2296.75, 50905.0], [2297.0, 1700.0], [2297.25, 1700.0], [2297.5, 1700.0], [2298.0, 1700.0], [2298.25, 50187.0], [2298.5, 1700.0], [2298.75, 1701.0], [2299.0, 1700.0], [2299.25, 68715.0], [2299.75, 1700.0], [2301.0, 10.0]]}}}
{"jsonrpc": "2.0", "method": "subscription", "params": {"channel": "book.ETH-7MAR25.none.20.100ms", "data": {"timestamp": 1741243327210, "change_id": 61090429985, "instrument_name": "ETH-7MAR25", "bids": [[2294.5, 597.0], [2294.25, 22193.0], [2294.0, 41693.0], [2293.75, 12978.0], [2293.5, 12210.0], [2293.25, 2210.0], [2293.0, 2211.0], [2292.75, 16733.0], [2292.5, 50860.0], [2292.25, 4277.0], [2292.0, 9350.0], [2291.75, 29146.0], [2291.5, 107412.0], [2291.25, 52372.0], [2291.0, 510.0], [2290.75, 2210.0], [2290.5, 1700.0], [2290.25, 1700.0], [2290.0, 51552.0], [2289.25, 2.0]], "asks": [[2294.75, 4196.0], [2295.0, 16483.0], [2295.25, 27681.0], [2295.5, 57994.0], [2295.75, 2296.0], [2296.0, 3210.0], [2296.25, 4710.0], [2296.5, 25151.0], [2296.75, 50905.0], [2297.0, 2210.0], [2297.25, 2210.0], [2297.5, 1700.0], [2297.75, 510.0], [2298.0, 16682.0], [2298.25, 50697.0], [2298.5, 1700.0], [2298.75, 1701.0], [2299.0, 1700.0], [2299.25, 68715.0], [2299.75, 1700.0]]}}}
{"jsonrpc": "2.0", "method": "subscription", "params": {"channel": "book.ETH-7MAR25.none.20.100ms", "data": {"timestamp": 1741243327376, "change_id": 61090430114, "instrument_name": "ETH-7MAR25", "bids": [[2294.5, 1.0], [2294.25, 22193.0], [2294.0, 41618.0], [2293.75, 12978.0], [2293.5, 12210.0], [2293.25, 2210.0], [2293.0, 2211.0], [2292.75, 16733.0], [2292.5, 50350.0], [2292.25, 3681.0], [2292.0, 8837.0], [2291.75, 29146.0], [2291.5, 106816.0], [2291.25, 52372.0], [2291.0, 510.0], [2290.75, 2210.0], [2290.5, 1700.0], [2290.25, 1700.0], [2290.0, 51552.0], [2289.25, 2.0]], "asks": [[2294.75, 1.0], [2295.0, 16483.0], [2295.25, 27681.0], [2295.5, 57994.0], [2295.75, 2296.0], [2296.0, 3210.0], [2296.25, 4710.0], [2296.5, 25151.0], [2296.75, 50395.0], [2297.0, 1700.0], [2297.25, 2210.0], [2297.5, 1700.0], [2297.75, 510.0], [2298.0, 16682.0], [2298.25, 50697.0], [2298.5, 1700.0], [2298.75, 1701.0], [2299.0, 1700.0], [2299.25, 68715.0], [2299.75, 1700.0]]}}}
{"jsonrpc": "2.0", "method": "subscription", "params": {"channel": "book.ETH-14MAR25.none.20.100ms", "data": {"timestamp": 1741243327630, "change_id": 61090430346, "instrument_name": "ETH-14MAR25", "bids": [[2297.5, 35844.0], [2297.25, 11118.0], [2297.0, 12696.0], [2296.75, 41177.0], [2296.5, 1587.0], [2296.25, 1582.0], [2296.0, 1582.0], [2295.75, 1582.0], [2295.5, 1582.0], [2295.25, 1525.0], [2295.0, 28252.0], [2294.75, 91582.0], [2294.5, 1582.0], [2294.25, 1582.0], [2294.0, 2053.0], [2293.75, 9858.0], [2293.5, 37430.0], [2293.25, 45192.0], [2292.75, 1250.0], [2292.5, 16596.0]], "asks": [[2298.0, 6932.0], [2298.25, 2179.0], [2298.5, 3567.0], [2298.75, 4584.0], [2299.0, 11582.0], [2299.25, 1884.0], [2299.5, 5092.0], [2299.75, 9943.0], [2300.0, 1582.0], [2300.25, 1582.0], [2300.5, 1582.0], [2300.75, 6205.0], [2301.0, 16850.0], [2301.25, 1582.0], [2301.5, 1582.0], [2301.75, 1582.0], [2302.0, 8145.0], [2302.25, 23455.0], [2302.5, 46806.0], [2303.0, 1750.0]]}}}
{"jsonrpc": "2.0", "method": "subscription", "params": {"channel": "book.ETH-7MAR25.none.20.100ms", "data": {"timestamp": 1741243327886, "change_id": 61090430740, "instrument_name": "ETH-7MAR25", "bids": [[2294.5, 597.0], [2294.25, 22193.0], [2294.0, 41618.0], [2293.75, 12978.0], [2293.5, 12210.0], [2293.25, 2210.0], [2293.0, 2211.0], [2292.75, 16733.0], [2292.5, 50350.0], [2292.25, 3681.0], [2292.0, 9350.0], [2291.75, 29146.0], [2291.5, 106816.0], [2291.25, 52372.0], [2291.0, 510.0], [2290.75, 2210.0], [2290.5, 1700.0], [2290.25, 1700.0], [2290.0, 51552.0], [2289.25, 2.0]], "asks": [[2294.75, 4000.0], [2295.0, 16483.0], [2295.25, 27681.0], [2295.5, 57994.0], [2295.75, 2296.0], [2296.0, 3210.0], [2296.25, 4710.0], [2296.5, 25151.0], [2296.75, 50905.0], [2297.0, 1700.0], [2297.25, 2210.0], [2297.5, 1700.0], [2297.75, 510.0], [2298.0, 16682.0], [2298.25, 50697.0], [2298.5, 2210.0], [2298.75, 1701.0], [2299.0, 1700.0], [2299.25, 68715.0], [2299.75, 1700.0]]}}}
{"jsonrpc": "2.0", "method": "subscription", "params": {"channel": "book.ETH-14MAR25.none.20.100ms", "data": {"timestamp": 1741243328211, "change_id": 61090431018, "instrument_name": "ETH-14MAR25", "bids": [[2297.5, 35844.0], [2297.25, 11118.0], [2297.0, 12696.0], [2296.75, 41177.0], [2296.5, 1587.0], [2296.25, 1582.0], [2296.0, 1582.0], [2295.75, 1582.0], [2295.5, 1582.0], [2295.25, 1525.0], [2295.0, 28252.0], [2294.75, 91582.0], [2294.5, 1582.0], [2294.25, 1582.0], [2294.0, 2053.0], [2293.75, 9858.0], [2293.5, 37430.0], [2293.25, 45192.0], [2292.75, 1250.0], [2292.5, 16596.0]], "asks": [[2298.0, 7493.0], [2298.25, 3447.0], [2298.5, 1702.0], [2298.75, 4584.0], [2299.0, 11582.0], [2299.25, 1884.0], [2299.5, 5092.0], [2299.75, 9943.0], [2300.0, 1582.0], [2300.25, 1582.0], [2300.5, 1582.0], [2300.75, 6205.0], [2301.0, 16850.0], [2301.25, 1582.0], [2301.5, 1582.0], [2301.75, 1582.0], [2302.0, 8145.0], [2302.25, 23455.0], [2302.5, 46806.0], [2303.0, 1750.0]]}}}
{"jsonrpc": "2.0", "method": "subscription", "params": {"channel": "book.ETH-7MAR25.none.20.100ms", "data": {"timestamp": 1741243328215, "change_id": 61090431023, "instrument_name": "ETH-7MAR25", "bids": [[2294.5, 597.0], [2294.25, 22193.0], [2294.0, 41618.0], [2293.75, 12978.0], [2293.5, 12210.0], [2293.25, 2210.0], [2293.0, 2211.0], [2292.75, 16733.0], [2292.5, 50350.0], [2292.25, 3681.0], [2292.0, 9350.0], [2291.75, 29146.0], [2291.5, 106816.0], [2291.25, 52372.0], [2291.0, 510.0], [2290.75, 1700.0], [2290.25, 1700.0], [2290.0, 51552.0], [2289.25, 2.0], [2287.75, 1700.0]], "asks": [[2294.75, 3001.0], [2295.0, 16483.0], [2295.25, 27681.0], [2295.5, 57994.0], [2295.75, 2296.0], [2296.0, 3210.0], [2296.25, 4710.0], [2296.5, 25151.0], [2296.75, 50905.0], [2297.0, 1700.0], [2297.25, 2210.0], [2297.5, 1700.0], [2297.75, 510.0], [2298.0, 16682.0], [2298.25, 50697.0], [2298.5, 2210.0], [2298.75, 1701.0], [2299.0, 1700.0], [2299.25, 68715.0], [2299.75, 1700.0]]}}}
{"jsonrpc": "2.0", "method": "subscription", "params": {"channel": "book.ETH-14MAR25.none.20.100ms", "data": {"timestamp": 1741243328314, "change_id": 61090431075, "instrument_name": "ETH-14MAR25", "bids": [[2297.5, 35844.0], [2297.25, 11118.0], [2297.0, 12696.0], [2296.75, 41177.0], [2296.5, 1587.0], [2296.25, 1582.0], [2296.0, 1582.0], [2295.75, 1582.0], [2295.5, 1582.0], [2295.25, 1525.0], [2295.0, 28252.0], [2294.75, 91582.0], [2294.5, 1582.0], [2294.25, 1582.0], [2294.0, 2053.0], [2293.75, 9858.0], [2293.5, 37430.0], [2293.25, 45192.0], [2292.75, 1250.0], [2292.5, 16596.0]], "asks": [[2298.0, 6932.0], [2298.25, 2197.0], [2298.5, 1702.0], [2298.75, 4584.0], [2299.0, 11582.0], [2299.25, 1884.0], [2299.5, 5092.0], [2299.75, 9943.0], [2300.0, 1582.0], [2300.25, 1582.0], [2300.5, 1582.0], [2300.75, 6205.0], [2301.0, 16850.0], [2301.25, 1582.0], [2301.5, 1582.0], [2301.75, 1582.0], [2302.0, 8145.0], [2302.25, 23455.0], [2302.5, 46806.0], [2303.0, 1750.0]]}}}
{"jsonrpc": "2.0", "method": "subscription", "params": {"channel": "book.ETH-7MAR25.none.20.100ms", "data": {"timestamp": 1741243328507, "change_id": 61090431262, "instrument_name": "ETH-7MAR25", "bids": [[2294.5, 4387.0], [2294.25, 22193.0], [2294.0, 41618.0], [2293.75, 12978.0], [2293.5, 12210.0], [2293.25, 2210.0], [2293.0, 2211.0], [2292.75, 16733.0], [2292.5, 50350.0], [2292.25, 3681.0], [2292.0, 9350.0], [2291.75, 29146.0], [2291.5, 106816.0], [2291.25, 52372.0], [2291.0, 510.0], [2290.75, 1700.0], [2290.25, 1700.0], [2290.0, 51552.0], [2289.25, 2.0], [2287.75, 1700.0]], "asks": [[2295.0, 16483.0], [2295.25, 27681.0], [2295.5, 57994.0], [2295.75, 2296.0], [2296.0, 3210.0], [2296.25, 4710.0], [2296.5, 25151.0], [2296.75, 50905.0], [2297.0, 1700.0], [2297.25, 2210.0], [2297.5, 1700.0], [2297.75, 510.0], [2298.0, 16682.0], [2298.25, 50697.0], [2298.5, 2210.0], [2298.75, 1701.0], [2299.0, 1700.0], [2299.25, 68715.0], [2299.75, 1700.0], [2301.0, 10.0]]}}}
{"jsonrpc": "2.0", "method": "subscription", "params": {"channel": "book.ETH-14MAR25.none.20.100ms", "data": {"timestamp": 1741243328777, "change_id": 61090431602, "instrument_name": "ETH-14MAR25", "bids": [[2297.75, 21850.0], [2297.5, 22094.0], [2297.25, 9868.0], [2297.0, 12696.0], [2296.75, 41177.0], [2296.5, 1587.0], [2296.25, 1582.0], [2296.0, 1582.0], [2295.75, 1582.0], [2295.5, 1582.0], [2295.25, 1525.0], [2295.0, 28252.0], [2294.75, 91582.0], [2294.5, 1582.0], [2294.25, 1582.0], [2294.0, 2053.0], [2293.75, 9858.0], [2293.5, 37430.0], [2293.25, 45192.0], [2292.75, 1250.0]], "asks": [[2298.0, 200.0], [2298.25, 1865.0], [2298.5, 452.0], [2298.75, 4584.0], [2299.0, 11582.0], [2299.25, 1884.0], [2299.5, 5092.0], [2299.75, 9943.0], [2300.0, 1582.0], [2300.25, 1582.0], [2300.5, 1582.0], [2300.75, 6205.0], [2301.0, 16850.0], [2301.25, 1582.0], [2301.5, 1582.0], [2301.75, 1582.0], [2302.0, 8145.0], [2302.25, 23455.0], [2302.5, 46806.0], [2303.0, 1750.0]]}}}
{"jsonrpc": "2.0", "method": "subscription", "params": {"channel": "book.ETH-7MAR25.none.20.100ms", "data": {"timestamp": 1741243328877, "change_id": 61090431883, "instrument_name": "ETH-7MAR25", "bids": [[2294.5, 3401.0], [2294.25, 22193.0], [2294.0, 41618.0], [2293.75, 12978.0], [2293.5, 12210.0], [2293.25, 2210.0], [2293.0, 2211.0], [2292.75, 16733.0], [2292.5, 50860.0], [2292.25, 3681.0], [2292.0, 9350.0], [2291.75, 29146.0], [2291.5, 106816.0], [2291.25, 52372.0], [2291.0, 510.0], [2290.75, 1700.0], [2290.25, 1700.0], [2290.0, 51552.0], [2289.25, 2.0], [2287.75, 1700.0]], "asks": [[2294.75, 1.0], [2295.0, 14783.0], [2295.25, 25981.0], [2295.5, 57994.0], [2295.75, 2296.0], [2296.0, 3210.0], [2296.25, 4710.0], [2296.5, 25151.0], [2296.75, 50905.0], [2297.0, 2210.0], [2297.25, 2210.0], [2297.5, 1700.0], [2297.75, 510.0], [2298.0, 16682.0], [2298.25, 50697.0], [2298.5, 2210.0], [2298.75, 1701.0], [2299.0, 1700.0], [2299.25, 68715.0], [2299.75, 1700.0]]}}}
{"jsonrpc": "2.0", "method": "subscription", "params": {"channel": "book.ETH-14MAR25.none.20.100ms", "data": {"timestamp": 1741243329147, "change_id": 61090432081, "instrument_name": "ETH-14MAR25", "bids": [[2297.75, 20600.0], [2297.5, 22094.0], [2297.25, 9868.0], [2297.0, 12696.0], [2296.75, 41177.0], [2296.5, 1587.0], [2296.25, 1582.0], [2296.0, 1582.0], [2295.75, 1582.0], [2295.5, 1582.0], [2295.25, 1525.0], [2295.0, 28252.0], [2294.75, 91582.0], [2294.5, 1582.0], [2294.25, 1582.0], [2294.0, 2053.0], [2293.75, 9858.0], [2293.5, 37430.0], [2293.25, 45192.0], [2292.75, 1250.0]], "asks": [[2298.0, 200.0], [2298.25, 2197.0], [2298.5, 1702.0], [2298.75, 4584.0], [2299.0, 11582.0], [2299.25, 1884.0], [2299.5, 5092.0], [2299.75, 9943.0], [2300.0, 1582.0], [2300.25, 1582.0], [2300.5, 1582.0], [2300.75, 6205.0], [2301.0, 16850.0], [2301.25, 1582.0], [2301.5, 1582.0], [2301.75, 1582.0], [2302.0, 8145.0], [2302.25, 23455.0], [2302.5, 46806.0], [2303.0, 1750.0]]}}}
{"jsonrpc": "2.0", "method": "subscription", "params": {"channel": "book.ETH-7MAR25.none.20.100ms", "data": {"timestamp": 1741243329214, "change_id": 61090432116, "instrument_name": "ETH-7MAR25", "bids": [[2294.5, 2318.0], [2294.25, 22193.0], [2294.0, 41618.0], [2293.75, 12978.0], [2293.5, 12210.0], [2293.25, 2210.0], [2293.0, 2211.0], [2292.75, 16733.0], [2292.5, 50860.0], [2292.25, 3681.0], [2292.0, 9350.0], [2291.75, 29146.0], [2291.5, 106816.0], [2291.25, 52372.0], [2291.0, 510.0], [2290.75, 1700.0], [2290.25, 1700.0], [2290.0, 51552.0], [2289.25, 2.0], [2287.75, 1700.0]], "asks": [[2294.75, 369.0], [2295.0, 16483.0], [2295.25, 25981.0], [2295.5, 57994.0], [2295.75, 2296.0], [2296.0, 3210.0], [2296.25, 4710.0], [2296.5, 25151.0], [2296.75, 50905.0], [2297.0, 2210.0], [2297.25, 2210.0], [2297.5, 1700.0], [2297.75, 510.0], [2298.0, 16682.0], [2298.25, 50697.0], [2298.5, 2210.0], [2298.75, 1701.0], [2299.0, 1700.0], [2299.25, 68715.0], [2299.75, 1700.0]]}}}
{"jsonrpc": "2.0", "method": "subscription", "params": {"channel": "book.ETH-14MAR25.none.20.100ms", "data": {"timestamp": 1741243329249, "change_id": 61090432168, "instrument_name": "ETH-14MAR25", "bids": [[2297.5, 35844.0], [2297.25, 9868.0], [2297.0, 12696.0], [2296.75, 41177.0], [2296.5, 1587.0], [2296.25, 1582.0], [2296.0, 1582.0], [2295.75, 1582.0], [2295.5, 1582.0], [2295.25, 1525.0], [2295.0, 28252.0], [2294.75, 91582.0], [2294.5, 1582.0], [2294.25, 1582.0], [2294.0, 2053.0], [2293.75, 9858.0], [2293.5, 37430.0], [2293.25, 45192.0], [2292.75, 1250.0], [2292.5, 16596.0]], "asks": [[2298.0, 760.0], [2298.25, 2197.0], [2298.5, 1702.0], [2298.75, 4584.0], [2299.0, 11582.0], [2299.25, 1884.0], [2299.5, 5092.0], [2299.75, 9943.0], [2300.0, 1582.0], [2300.25, 1582.0], [2300.5, 1582.0], [2300.75, 6205.0], [2301.0, 16850.0], [2301.25, 1582.0], [2301.5, 1582.0], [2301.75, 1582.0], [2302.0, 8145.0], [2302.25, 23455.0], [2302.5, 46806.0], [2303.0, 1750.0]]}}}
{"jsonrpc": "2.0", "method": "subscription", "params": {"channel": "book.ETH-7MAR25.none.20.100ms", "data": {"timestamp": 1741243329409, "change_id": 61090432359, "instrument_name": "ETH-7MAR25", "bids": [[2294.5, 730.0], [2294.25, 22193.0], [2294.0, 41618.0], [2293.75, 12978.0], [2293.5, 12210.0], [2293.25, 2210.0], [2293.0, 2211.0], [2292.75, 16733.0], [2292.5, 50350.0], [2292.25, 3681.0], [2292.0, 9350.0], [2291.75, 29146.0], [2291.5, 106816.0], [2291.25, 52372.0], [2291.0, 510.0], [2290.75, 1700.0], [2290.25, 1700.0], [2290.0, 51552.0], [2289.25, 2.0], [2287.75, 1700.0]], "asks": [[2294.75, 4116.0], [2295.0, 16483.0], [2295.25, 27681.0], [2295.5, 57994.0], [2295.75, 2296.0], [2296.0, 3210.0], [2296.25, 4710.0], [2296.5, 25151.0], [2296.75, 50905.0], [2297.0, 2210.0], [2297.25, 2210.0], [2297.5, 1700.0], [2297.75, 510.0], [2298.0, 16682.0], [2298.25, 50697.0], [2298.5, 2210.0], [2298.75, 1701.0], [2299.0, 1700.0], [2299.25, 68715.0], [2299.75, 1700.0]]}}}
{"jsonrpc": "2.0", "method": "subscription", "params": {"channel": "book.ETH-14MAR25.none.20.100ms", "data": {"timestamp": 1741243329608, "change_id": 61090432487, "instrument_name": "ETH-14MAR25", "bids": [[2297.75, 6400.0], [2297.5, 35844.0], [2297.25, 9868.0], [2297.0, 12696.0], [2296.75, 41177.0], [2296.5, 1587.0], [2296.25, 1582.0], [2296.0, 1582.0], [2295.75, 1582.0], [2295.5, 1582.0], [2295.25, 1525.0], [2295.0, 28252.0], [2294.75, 91582.0], [2294.5, 1582.0], [2294.25, 1582.0], [2294.0, 2053.0], [2293.75, 9858.0], [2293.5, 37430.0], [2293.25, 45192.0], [2292.75, 1250.0]], "asks": [[2298.0, 6760.0], [2298.25, 2197.0], [2298.5, 1702.0], [2298.75, 4584.0], [2299.0, 11582.0], [2299.25, 1884.0], [2299.5, 5092.0], [2299.75, 9943.0], [2300.0, 1582.0], [2300.25, 1582.0], [2300.5, 1582.0], [2300.75, 6205.0], [2301.0, 16850.0], [2301.25, 1582.0], [2301.5, 1582.0], [2301.75, 1582.0], [2302.0, 8145.0], [2302.25, 23455.0], [2302.5, 46806.0], [2303.0, 1750.0]]}}}
{"jsonrpc": "2.0", "method": "subscription", "params": {"channel": "book.ETH-7MAR25.none.20.100ms", "data": {"timestamp": 1741243329866, "change_id": 61090432830, "instrument_name": "ETH-7MAR25", "bids": [[2294.5, 730.0], [2294.25, 22193.0], [2294.0, 41618.0], [2293.75, 12978.0], [2293.5, 12210.0], [2293.25, 2210.0], [2293.0, 2211.0], [2292.75, 16733.0], [2292.5, 50860.0], [2292.25, 3681.0], [2292.0, 9350.0], [2291.75, 29146.0], [2291.5, 106816.0], [2291.25, 52372.0], [2291.0, 510.0], [2290.75, 1700.0], [2290.25, 1700.0], [2290.0, 51552.0], [2289.25, 2.0], [2287.75, 1700.0]], "asks": [[2294.75, 4115.0], [2295.0, 16483.0], [2295.25, 27681.0], [2295.5, 57994.0], [2295.75, 2296.0], [2296.0, 3210.0], [2296.25, 4710.0], [2296.5, 25151.0], [2296.75, 50905.0], [2297.0, 2210.0], [2297.25, 2210.0], [2297.5, 1700.0], [2297.75, 510.0], [2298.0, 16682.0], [2298.25, 50697.0], [2298.5, 2210.0], [2298.75, 1701.0], [2299.0, 1700.0], [2299.25, 68715.0], [2299.75, 1700.0]]}}}
{"jsonrpc": "2.0", "method": "subscription", "params": {"channel": "book.ETH-14MAR25.none.20.100ms", "data": {"timestamp": 1741243329966, "change_id": 61090432974, "instrument_name": "ETH-14MAR25", "bids": [[2297.75, 6400.0], [2297.5, 33579.0], [2297.25, 3567.0], [2297.0, 7710.0], [2296.75, 26537.0], [2296.5, 1587.0], [2296.25, 1582.0], [2296.0, 1582.0], [2295.75, 1582.0], [2295.5, 1582.0], [2295.25, 5983.0], [2295.0, 49193.0], [2294.75, 91582.0], [2294.5, 1582.0], [2294.25, 1582.0], [2294.0, 2053.0], [2293.75, 9858.0], [2293.5, 37430.0], [2293.25, 45192.0], [2292.75, 1250.0]], "asks": [[2298.0, 6760.0], [2298.25, 2197.0], [2298.5, 1702.0], [2298.75, 4584.0], [2299.0, 11582.0], [2299.25, 1884.0], [2299.5, 5092.0], [2299.75, 9943.0], [2300.0, 1582.0], [2300.25, 1582.0], [2300.5, 1582.0], [2300.75, 6205.0], [2301.0, 16850.0], [2301.25, 1582.0], [2301.5, 1582.0], [2301.75, 1582.0], [2302.0, 8145.0], [2302.25, 23455.0], [2302.5, 46806.0], [2303.0, 1750.0]]}}}
{"jsonrpc": "2.0", "method": "subscription", "params": {"channel": "book.ETH-7MAR25.none.20.100ms", "data": {"timestamp": 1741243330158, "change_id": 61090433108, "instrument_name": "ETH-7MAR25", "bids": [[2294.5, 2302.0], [2294.25, 22193.0], [2294.0, 41618.0], [2293.75, 12978.0], [2293.5, 12210.0], [2293.25, 2210.0], [2293.0, 2211.0], [2292.75, 16733.0], [2292.5, 50860.0], [2292.25, 3681.0], [2292.0, 9350.0], [2291.75, 29146.0], [2291.5, 106816.0], [2291.25, 52372.0], [2291.0, 510.0], [2290.75, 1700.0], [2290.25, 1700.0], [2290.0, 51552.0], [2289.25, 2.0], [2287.75, 1700.0]], "asks": [[2295.0, 16483.0], [2295.25, 27681.0], [2295.5, 57994.0], [2295.75, 2296.0], [2296.0, 3210.0], [2296.25, 4710.0], [2296.5, 25151.0], [2296.75, 50905.0], [2297.0, 2210.0], [2297.25, 2210.0], [2297.5, 1700.0], [2297.75, 510.0], [2298.0, 16682.0], [2298.25, 50697.0], [2298.5, 2210.0], [2298.75, 1701.0], [2299.0, 1700.0], [2299.25, 68715.0], [2299.75, 1700.0], [2301.0, 10.0]]}}}
