{"jsonrpc": "2.0", "method": "subscription", "params": {"channel": "book.ETH-6FEB26.none.20.100ms", "data": {"timestamp": 1770238069515, "change_id": 107698342952, "instrument_name": "ETH-6FEB26", "bids": [[2170.0, 80.0], [2169.75, 625.0], [2169.25, 4728.0], [2168.0, 16985.0], [2167.75, 1178.0], [2166.5, 20292.0], [2166.25, 21420.0], [2164.75, 4714.0], [2164.5, 19976.0], [2164.25, 79474.0], [2163.5, 40264.0], [2160.0, 18857.0], [2159.75, 40000.0], [2159.5, 45.0], [2157.75, 58766.0], [2156.0, 2.0], [2154.25, 40000.0], [2154.0, 58366.0], [2153.0, 11.0], [2152.0, 40808.0]], "asks": [[2170.75, 1825.0], [2171.0, 3728.0], [2174.25, 2094.0], [2174.5, 7373.0], [2174.75, 6030.0], [2175.0, 20202.0], [2177.5, 400.0], [2177.75, 40000.0], [2178.75, 20368.0], [2179.0, 19645.0], [2179.25, 40444.0], [2180.0, 40308.0], [2181.0, 40000.0], [2181.25, 59126.0], [2185.0, 1178.0], [2185.25, 2.0], [2186.0, 59706.0], [2186.25, 4713.0], [2186.5, 40000.0], [2189.0, 39841.0]]}}}
{"jsonrpc": "2.0", "method": "subscription", "params": {"channel": "book.ETH-13FEB26.none.20.100ms", "data": {"timestamp": 1770238070413, "change_id": 107698344944, "instrument_name": "ETH-13FEB26", "bids": [[2172.5, 800.0], [2172.25, 800.0], [2172.0, 1762.0], [2171.75, 4416.0], [2170.5, 239.0], [2170.25, 800.0], [2170.0, 2094.0], [2169.75, 7016.0], [2168.75, 1499.0], [2168.5, 5021.0], [2168.25, 1362.0], [2168.0, 5892.0], [2167.75, 1453.0], [2167.5, 4869.0], [2167.25, 6394.0], [2167.0, 21420.0], [2166.75, 15426.0], [2166.0, 40400.0], [2165.75, 30588.0], [2164.5, 30740.0]], "asks": [[2172.75, 800.0], [2173.0, 1039.0], [2173.25, 2116.0], [2173.5, 3711.0], [2174.25, 625.0], [2175.5, 239.0], [2175.75, 2262.0], [2176.0, 7026.0], [2176.25, 7125.0], [2177.5, 150.0], [2178.75, 6017.0], [2179.0, 20152.0], [2179.25, 15001.0], [2180.0, 40000.0], [2180.5, 400.0], [2181.75, 30292.0], [2182.0, 29587.0], [2182.75, 30070.0], [2183.0, 41178.0], [2184.0, 41.0]]}}}
{"jsonrpc": "2.0", "method": "subscription", "params": {"channel": "book.ETH-6FEB26.none.20.100ms", "data": {"timestamp": 1770238070504, "change_id": 107698345012, "instrument_name": "ETH-6FEB26", "bids": [[2170.0, 80.0], [2169.75, 625.0], [2169.25, 4728.0], [2168.0, 16985.0], [2167.75, 1178.0], [2166.5, 20292.0], [2166.25, 21420.0], [2164.75, 4714.0], [2164.5, 19976.0], [2164.25, 79474.0], [2163.5, 40264.0], [2160.0, 18857.0], [2159.75, 40000.0], [2159.5, 45.0], [2157.75, 58766.0], [2156.0, 2.0], [2154.25, 40000.0], [2154.0, 58366.0], [2153.0, 11.0], [2152.0, 40808.0]], "asks": [[2170.75, 1200.0], [2171.0, 3728.0], [2171.75, 358.0], [2172.0, 1200.0], [2172.25, 625.0], [2174.25, 2094.0], [2174.5, 7373.0], [2174.75, 6030.0], [2175.0, 20202.0], [2177.75, 40000.0], [2178.75, 20768.0], [2179.0, 19645.0], [2179.25, 40444.0], [2180.0, 40308.0], [2181.0, 40000.0], [2181.25, 59126.0], [2185.0, 1178.0], [2185.25, 2.0], [2186.0, 59706.0], [2186.25, 4713.0]]}}}
{"jsonrpc": "2.0", "method": "subscription", "params": {"channel": "book.ETH-13FEB26.none.20.100ms", "data": {"timestamp": 1770238070708, "change_id": 107698345413, "instrument_name": "ETH-13FEB26", "bids": [[2172.5, 800.0], [2172.25, 800.0], [2172.0, 1762.0], [2171.75, 4416.0], [2170.5, 239.0], [2170.25, 800.0], [2170.0, 2094.0], [2169.75, 7016.0], [2168.75, 1499.0], [2168.5, 5021.0], [2168.25, 1362.0], [2168.0, 5892.0], [2167.75, 1453.0], [2167.5, 4869.0], [2167.25, 6394.0], [2167.0, 21420.0], [2166.75, 15426.0], [2166.0, 40400.0], [2165.75, 30588.0], [2164.5, 30740.0]], "asks": [[2172.75, 1425.0], [2173.0, 1039.0], [2173.25, 2116.0], [2173.5, 3711.0], [2175.5, 239.0], [2175.75, 2262.0], [2176.0, 7026.0], [2176.25, 7125.0], [2177.5, 150.0], [2178.75, 6017.0], [2179.0, 20152.0], [2179.25, 15001.0], [2180.0, 40000.0], [2180.5, 400.0], [2181.75, 30292.0], [2182.0, 29587.0], [2182.75, 30070.0], [2183.0, 41178.0], [2184.0, 41.0], [2186.0, 30647.0]]}}}
{"jsonrpc": "2.0", "method": "subscription", "params": {"channel": "book.ETH-6FEB26.none.20.100ms", "data": {"timestamp": 1770238070603, "change_id": 107698345324, "instrument_name": "ETH-6FEB26", "bids": [[2170.0, 80.0], [2169.75, 625.0], [2169.25, 4728.0], [2168.0, 16985.0], [2167.75, 1178.0], [2166.5, 20292.0], [2166.25, 21420.0], [2164.75, 4714.0], [2164.5, 19976.0], [2164.25, 79474.0], [2163.5, 40264.0], [2160.0, 18857.0], [2159.75, 40000.0], [2159.5, 45.0], [2157.75, 58766.0], [2156.0, 2.0], [2154.25, 40000.0], [2154.0, 58366.0], [2153.0, 11.0], [2152.0, 40808.0]], "asks": [[2170.75, 1200.0], [2171.0, 4353.0], [2171.75, 358.0], [2172.0, 1200.0], [2174.25, 2094.0], [2174.5, 7373.0], [2174.75, 6030.0], [2175.0, 20202.0], [2177.75, 40000.0], [2178.75, 20768.0], [2179.0, 19645.0], [2179.25, 40444.0], [2180.0, 40308.0], [2181.0, 40000.0], [2181.25, 59126.0], [2185.0, 1178.0], [2185.25, 2.0], [2186.0, 59706.0], [2186.25, 4713.0], [2186.5, 40000.0]]}}}
{"jsonrpc": "2.0", "method": "subscription", "params": {"channel": "book.ETH-6FEB26.none.20.100ms", "data": {"timestamp": 1770238070948, "change_id": 107698345682, "instrument_name": "ETH-6FEB26", "bids": [[2170.0, 80.0], [2169.75, 625.0], [2169.25, 4728.0], [2168.0, 16985.0], [2167.75, 1178.0], [2166.5, 20292.0], [2166.25, 21420.0], [2164.75, 4714.0], [2164.5, 19976.0], [2164.25, 79474.0], [2163.5, 40264.0], [2160.0, 18857.0], [2159.75, 40000.0], [2159.5, 45.0], [2157.75, 58766.0], [2156.0, 2.0], [2154.25, 40000.0], [2154.0, 58366.0], [2153.0, 11.0], [2152.0, 40808.0]], "asks": [[2170.75, 1825.0], [2171.0, 3728.0], [2171.75, 358.0], [2172.0, 1200.0], [2174.25, 2094.0], [2174.5, 7373.0], [2174.75, 6030.0], [2175.0, 20202.0], [2177.75, 40000.0], [2178.75, 20768.0], [2179.0, 19645.0], [2179.25, 40444.0], [2180.0, 40308.0], [2181.0, 40000.0], [2181.25, 59126.0], [2185.0, 1178.0], [2185.25, 2.0], [2186.0, 59706.0], [2186.25, 4713.0], [2186.5, 40000.0]]}}}
{"jsonrpc": "2.0", "method": "subscription", "params": {"channel": "book.ETH-13FEB26.none.20.100ms", "data": {"timestamp": 1770238071454, "change_id": 107698346511, "instrument_name": "ETH-13FEB26", "bids": [[2172.25, 800.0], [2172.0, 1762.0], [2171.75, 4416.0], [2170.75, 800.0], [2170.5, 239.0], [2170.25, 800.0], [2170.0, 2094.0], [2169.75, 7016.0], [2168.75, 1499.0], [2168.5, 5021.0], [2168.25, 1362.0], [2168.0, 5892.0], [2167.75, 1453.0], [2167.5, 4869.0], [2167.25, 6394.0], [2167.0, 21420.0], [2166.75, 15426.0], [2166.0, 40400.0], [2165.75, 30588.0], [2164.5, 30740.0]], "asks": [[2172.75, 1664.0], [2173.0, 1039.0], [2173.25, 2116.0], [2173.5, 3711.0], [2175.5, 239.0], [2175.75, 2262.0], [2176.0, 7026.0], [2176.25, 7125.0], [2178.75, 6017.0], [2179.0, 20552.0], [2179.25, 15001.0], [2180.0, 40000.0], [2181.75, 30292.0], [2182.0, 29587.0], [2182.75, 30070.0], [2183.0, 41178.0], [2184.0, 41.0], [2186.0, 30647.0], [2186.75, 45.0], [2187.0, 5213.0]]}}}
{"jsonrpc": "2.0", "method": "subscription", "params": {"channel": "book.ETH-6FEB26.none.20.100ms", "data": {"timestamp": 1770238071493, "change_id": 107698346592, "instrument_name": "ETH-6FEB26", "bids": [[2170.0, 80.0], [2169.75, 625.0], [2169.25, 4728.0], [2168.0, 16985.0], [2167.75, 1178.0], [2166.5, 20292.0], [2166.25, 21420.0], [2164.75, 4714.0], [2164.5, 19976.0], [2164.25, 79474.0], [2163.5, 40264.0], [2160.0, 18857.0], [2159.75, 40000.0], [2159.5, 45.0], [2157.75, 58766.0], [2156.0, 2.0], [2154.25, 40000.0], [2154.0, 58366.0], [2153.0, 11.0], [2152.0, 40808.0]], "asks": [[2170.75, 1825.0], [2171.0, 3728.0], [2171.25, 358.0], [2171.5, 1200.0], [2174.25, 2094.0], [2174.5, 7373.0], [2174.75, 6030.0], [2175.0, 20202.0], [2177.0, 400.0], [2177.75, 40000.0], [2178.75, 20368.0], [2179.0, 19645.0], [2179.25, 40444.0], [2180.0, 40308.0], [2181.0, 40000.0], [2181.25, 59126.0], [2185.0, 1178.0], [2185.25, 2.0], [2186.0, 59706.0], [2186.25, 4713.0]]}}}
{"jsonrpc": "2.0", "method": "subscription", "params": {"channel": "book.ETH-13FEB26.none.20.100ms", "data": {"timestamp": 1770238072072, "change_id": 107698347692, "instrument_name": "ETH-13FEB26", "bids": [[2172.25, 800.0], [2172.0, 800.0], [2171.75, 4336.0], [2171.25, 80.0], [2170.75, 800.0], [2170.5, 239.0], [2170.25, 800.0], [2170.0, 2094.0], [2169.75, 7016.0], [2169.25, 1499.0], [2169.0, 5021.0], [2168.25, 1362.0], [2168.0, 5892.0], [2167.75, 1453.0], [2167.5, 4869.0], [2167.25, 6394.0], [2167.0, 21420.0], [2166.75, 15426.0], [2166.0, 40400.0], [2165.75, 30588.0]], "asks": [[2172.5, 1425.0], [2172.75, 1039.0], [2173.0, 1039.0], [2173.25, 2116.0], [2173.5, 3711.0], [2175.5, 239.0], [2175.75, 2262.0], [2176.0, 7026.0], [2176.25, 7125.0], [2178.75, 6167.0], [2179.0, 20552.0], [2179.25, 15001.0], [2180.0, 40000.0], [2181.75, 30292.0], [2182.0, 29587.0], [2182.75, 30070.0], [2183.0, 41178.0], [2184.0, 41.0], [2186.0, 30647.0], [2186.75, 45.0]]}}}
{"jsonrpc": "2.0", "method": "subscription", "params": {"channel": "book.ETH-6FEB26.none.20.100ms", "data": {"timestamp": 1770238072051, "change_id": 107698347550, "instrument_name": "ETH-6FEB26", "bids": [[2169.75, 625.0], [2169.5, 80.0], [2169.25, 4728.0], [2168.0, 16985.0], [2167.75, 1178.0], [2166.5, 20292.0], [2166.25, 21420.0], [2164.75, 4714.0], [2164.5, 19976.0], [2164.25, 79474.0], [2163.5, 40264.0], [2160.0, 18857.0], [2159.75, 40000.0], [2159.5, 45.0], [2157.75, 58766.0], [2156.0, 2.0], [2154.25, 40000.0], [2154.0, 58366.0], [2153.0, 11.0], [2152.0, 40808.0]], "asks": [[2170.75, 2938.0], [2171.0, 3728.0], [2171.25, 358.0], [2171.5, 1200.0], [2174.25, 2094.0], [2174.5, 7373.0], [2174.75, 6030.0], [2175.0, 20202.0], [2177.0, 400.0], [2177.75, 40000.0], [2178.75, 20368.0], [2179.0, 19645.0], [2179.25, 40444.0], [2180.0, 40308.0], [2181.0, 40000.0], [2181.25, 59126.0], [2185.0, 1178.0], [2185.25, 2.0], [2186.0, 59706.0], [2186.25, 4713.0]]}}}
{"jsonrpc": "2.0", "method": "subscription", "params": {"channel": "book.ETH-13FEB26.none.20.100ms", "data": {"timestamp": 1770238072304, "change_id": 107698348211, "instrument_name": "ETH-13FEB26", "bids": [[2172.0, 800.0], [2171.75, 3711.0], [2171.5, 210.0], [2171.25, 705.0], [2171.0, 239.0], [2170.75, 800.0], [2170.5, 239.0], [2170.25, 1039.0], [2170.0, 2894.0], [2169.75, 7016.0], [2168.75, 1499.0], [2168.5, 5021.0], [2168.25, 1362.0], [2168.0, 5892.0], [2167.75, 1453.0], [2167.5, 4869.0], [2167.25, 6394.0], [2167.0, 21420.0], [2166.75, 15426.0], [2166.0, 40400.0]], "asks": [[2172.5, 1664.0], [2172.75, 2116.0], [2173.0, 3711.0], [2175.5, 239.0], [2175.75, 2262.0], [2176.0, 7026.0], [2176.25, 7125.0], [2178.75, 6167.0], [2179.0, 20552.0], [2179.25, 15001.0], [2180.0, 40000.0], [2181.75, 30292.0], [2182.0, 29587.0], [2182.75, 30070.0], [2183.0, 41178.0], [2184.0, 41.0], [2186.0, 30647.0], [2186.75, 45.0], [2187.0, 5213.0], [2189.5, 60151.0]]}}}
{"jsonrpc": "2.0", "method": "subscription", "params": {"channel": "book.ETH-6FEB26.none.20.100ms", "data": {"timestamp": 1770238072481, "change_id": 107698348480, "instrument_name": "ETH-6FEB26", "bids": [[2169.75, 625.0], [2169.5, 80.0], [2169.25, 4728.0], [2168.25, 9804.0], [2168.0, 7181.0], [2166.75, 1178.0], [2166.5, 20292.0], [2166.25, 21420.0], [2164.75, 4714.0], [2164.25, 40400.0], [2163.5, 60240.0], [2163.0, 39074.0], [2160.0, 18857.0], [2159.75, 40000.0], [2159.5, 45.0], [2157.75, 58766.0], [2156.0, 2.0], [2154.25, 40000.0], [2154.0, 58366.0], [2153.0, 11.0]], "asks": [[2170.5, 2183.0], [2170.75, 2313.0], [2171.0, 4928.0], [2174.25, 2094.0], [2174.5, 7373.0], [2174.75, 6030.0], [2175.0, 20202.0], [2176.75, 20368.0], [2177.0, 400.0], [2177.75, 40000.0], [2179.0, 19645.0], [2179.25, 40444.0], [2180.0, 40308.0], [2181.0, 40000.0], [2181.25, 59126.0], [2185.0, 1178.0], [2185.25, 2.0], [2186.0, 59706.0], [2186.25, 4713.0], [2186.5, 40000.0]]}}}
{"jsonrpc": "2.0", "method": "subscription", "params": {"channel": "book.ETH-13FEB26.none.20.100ms", "data": {"timestamp": 1770238072759, "change_id": 107698348891, "instrument_name": "ETH-13FEB26", "bids": [[2172.0, 800.0], [2171.75, 3711.0], [2171.5, 625.0], [2171.25, 80.0], [2171.0, 239.0], [2170.75, 800.0], [2170.5, 239.0], [2170.25, 1039.0], [2170.0, 2894.0], [2169.75, 7016.0], [2168.75, 1499.0], [2168.5, 5021.0], [2168.25, 1362.0], [2168.0, 5892.0], [2167.75, 1453.0], [2167.5, 4869.0], [2167.25, 6394.0], [2167.0, 21420.0], [2166.75, 15426.0], [2166.0, 40400.0]], "asks": [[2172.5, 1664.0], [2172.75, 2116.0], [2173.0, 3711.0], [2175.5, 239.0], [2175.75, 2262.0], [2176.0, 7026.0], [2176.25, 7125.0], [2178.75, 6167.0], [2179.0, 20552.0], [2179.25, 15001.0], [2180.0, 40000.0], [2181.75, 30292.0], [2182.0, 29587.0], [2182.75, 30070.0], [2183.0, 41178.0], [2184.0, 41.0], [2186.0, 30647.0], [2186.75, 45.0], [2187.0, 5213.0], [2189.5, 60151.0]]}}}
{"jsonrpc": "2.0", "method": "subscription", "params": {"channel": "book.ETH-13FEB26.none.20.100ms", "data": {"timestamp": 1770238073091, "change_id": 107698349396, "instrument_name": "ETH-13FEB26", "bids": [[2172.0, 800.0], [2171.75, 3711.0], [2171.5, 625.0], [2171.25, 80.0], [2171.0, 239.0], [2170.75, 800.0], [2170.5, 239.0], [2170.25, 1039.0], [2170.0, 2894.0], [2169.75, 7016.0], [2168.75, 1499.0], [2168.5, 5021.0], [2168.25, 352.0], [2168.0, 1178.0], [2167.75, 1453.0], [2167.5, 6276.0], [2167.25, 11108.0], [2167.0, 21420.0], [2166.75, 15426.0], [2166.0, 40400.0]], "asks": [[2172.5, 1425.0], [2172.75, 2116.0], [2173.0, 3711.0], [2175.5, 239.0], [2175.75, 2262.0], [2176.0, 7026.0], [2176.25, 7125.0], [2178.75, 6167.0], [2179.0, 20552.0], [2179.25, 15001.0], [2180.0, 40000.0], [2181.75, 30292.0], [2182.0, 29587.0], [2182.75, 30070.0], [2183.0, 41178.0], [2184.0, 41.0], [2186.0, 30647.0], [2186.75, 45.0], [2187.0, 5213.0], [2189.5, 60151.0]]}}}
{"jsonrpc": "2.0", "method": "subscription", "params": {"channel": "book.ETH-6FEB26.none.20.100ms", "data": {"timestamp": 1770238073154, "change_id": 107698349444, "instrument_name": "ETH-6FEB26", "bids": [[2169.75, 705.0], [2169.25, 4728.0], [2168.25, 9804.0], [2168.0, 7181.0], [2166.75, 1178.0], [2166.5, 20292.0], [2166.25, 21420.0], [2164.75, 4714.0], [2164.25, 40400.0], [2163.5, 60240.0], [2163.0, 39074.0], [2160.0, 18857.0], [2159.75, 40000.0], [2159.5, 45.0], [2157.75, 58766.0], [2156.0, 2.0], [2154.25, 40000.0], [2154.0, 58366.0], [2153.0, 11.0], [2152.0, 40808.0]], "asks": [[2170.5, 1825.0], [2170.75, 2313.0], [2171.0, 4928.0], [2174.25, 2094.0], [2174.5, 7373.0], [2174.75, 6030.0], [2175.0, 20202.0], [2176.75, 20368.0], [2177.0, 400.0], [2177.75, 40000.0], [2179.0, 19645.0], [2179.25, 40444.0], [2180.0, 40308.0], [2181.0, 40000.0], [2181.25, 59126.0], [2185.0, 1178.0], [2185.25, 2.0], [2186.0, 59706.0], [2186.25, 4713.0], [2186.5, 40000.0]]}}}
{"jsonrpc": "2.0", "method": "subscription", "params": {"channel": "book.ETH-13FEB26.none.20.100ms", "data": {"timestamp": 1770238073193, "change_id": 107698349606, "instrument_name": "ETH-13FEB26", "bids": [[2172.0, 800.0], [2171.75, 3921.0], [2171.5, 705.0], [2171.0, 239.0], [2170.75, 1039.0], [2170.5, 1039.0], [2170.25, 1039.0], [2170.0, 2894.0], [2169.75, 7016.0], [2168.75, 1499.0], [2168.5, 5021.0], [2168.25, 352.0], [2168.0, 1178.0], [2167.75, 1453.0], [2167.5, 6276.0], [2167.25, 11108.0], [2167.0, 21420.0], [2166.75, 15426.0], [2166.0, 40400.0], [2165.75, 30588.0]], "asks": [[2172.5, 1664.0], [2172.75, 2116.0], [2173.0, 3711.0], [2175.5, 239.0], [2175.75, 2262.0], [2176.0, 7026.0], [2176.25, 7125.0], [2178.75, 6167.0], [2179.0, 20552.0], [2179.25, 15001.0], [2180.0, 40000.0], [2181.75, 30292.0], [2182.0, 29587.0], [2182.75, 30070.0], [2183.0, 41178.0], [2184.0, 41.0], [2186.0, 30647.0], [2186.75, 45.0], [2187.0, 5213.0], [2189.5, 60151.0]]}}}
{"jsonrpc": "2.0", "method": "subscription", "params": {"channel": "book.ETH-6FEB26.none.20.100ms", "data": {"timestamp": 1770238073469, "change_id": 107698349874, "instrument_name": "ETH-6FEB26", "bids": [[2169.75, 705.0], [2169.25, 4728.0], [2168.25, 9804.0], [2168.0, 7181.0], [2166.75, 1178.0], [2166.5, 20292.0], [2166.25, 21420.0], [2164.75, 4714.0], [2164.25, 40400.0], [2163.5, 60240.0], [2163.0, 39074.0], [2160.0, 18857.0], [2159.75, 40000.0], [2159.5, 45.0], [2157.75, 58766.0], [2156.0, 2.0], [2154.25, 40000.0], [2154.0, 58366.0], [2153.0, 11.0], [2152.0, 40808.0]], "asks": [[2170.5, 1825.0], [2170.75, 2313.0], [2171.0, 3728.0], [2174.25, 2094.0], [2174.5, 7373.0], [2174.75, 6030.0], [2175.0, 20202.0], [2176.75, 20368.0], [2177.0, 400.0], [2177.75, 40000.0], [2179.0, 19645.0], [2179.25, 40444.0], [2180.0, 40308.0], [2181.0, 40000.0], [2181.25, 59126.0], [2185.0, 1178.0], [2185.25, 2.0], [2186.0, 59706.0], [2186.25, 4713.0], [2186.5, 40000.0]]}}}
{"jsonrpc": "2.0", "method": "subscription", "params": {"channel": "book.ETH-13FEB26.none.20.100ms", "data": {"timestamp": 1770238073810, "change_id": 107698350290, "instrument_name": "ETH-13FEB26", "bids": [[2172.0, 800.0], [2171.75, 3921.0], [2171.5, 705.0], [2171.0, 239.0], [2170.75, 1039.0], [2170.5, 1039.0], [2170.25, 1039.0], [2170.0, 800.0], [2168.75, 1499.0], [2168.5, 5021.0], [2168.25, 2501.0], [2168.0, 8528.0], [2167.75, 1453.0], [2167.5, 6276.0], [2167.25, 11108.0], [2167.0, 21420.0], [2166.75, 15426.0], [2166.0, 40400.0], [2165.75, 30588.0], [2164.5, 30740.0]], "asks": [[2172.5, 1664.0], [2172.75, 2116.0], [2173.0, 3711.0], [2175.5, 239.0], [2175.75, 2262.0], [2176.0, 7026.0], [2176.25, 7125.0], [2178.75, 6167.0], [2179.0, 20552.0], [2179.25, 15001.0], [2180.0, 40000.0], [2181.75, 30292.0], [2182.0, 29587.0], [2182.75, 30070.0], [2183.0, 41178.0], [2184.0, 41.0], [2186.0, 30647.0], [2186.75, 45.0], [2187.0, 5213.0], [2189.5, 60151.0]]}}}
{"jsonrpc": "2.0", "method": "subscription", "params": {"channel": "book.ETH-6FEB26.none.20.100ms", "data": {"timestamp": 1770238073819, "change_id": 107698350299, "instrument_name": "ETH-6FEB26", "bids": [[2169.75, 705.0], [2169.25, 4728.0], [2168.25, 9804.0], [2166.75, 1178.0], [2166.5, 20292.0], [2166.25, 28725.0], [2164.75, 4714.0], [2164.25, 40400.0], [2163.5, 60240.0], [2163.0, 39074.0], [2160.0, 18857.0], [2159.75, 40000.0], [2159.5, 45.0], [2157.75, 58766.0], [2156.0, 2.0], [2154.25, 40000.0], [2154.0, 58366.0], [2153.0, 11.0], [2152.0, 40808.0], [2144.25, 38942.0]], "asks": [[2170.5, 1825.0], [2170.75, 2313.0], [2171.0, 3728.0], [2174.25, 2094.0], [2174.5, 7373.0], [2174.75, 6030.0], [2175.0, 20202.0], [2176.75, 20368.0], [2177.0, 400.0], [2177.75, 40000.0], [2179.0, 19645.0], [2179.25, 40444.0], [2180.0, 40308.0], [2181.0, 40000.0], [2181.25, 59126.0], [2185.0, 1178.0], [2185.25, 2.0], [2186.0, 59706.0], [2186.25, 4713.0], [2186.5, 40000.0]]}}}
{"jsonrpc": "2.0", "method": "subscription", "params": {"channel": "book.ETH-13FEB26.none.20.100ms", "data": {"timestamp": 1770238074142, "change_id": 107698350892, "instrument_name": "ETH-13FEB26", "bids": [[2172.0, 800.0], [2171.75, 3921.0], [2171.5, 705.0], [2171.0, 239.0], [2170.75, 1039.0], [2170.5, 1039.0], [2170.25, 1039.0], [2170.0, 800.0], [2169.75, 2136.0], [2169.5, 7155.0], [2169.0, 1499.0], [2168.75, 5021.0], [2168.25, 352.0], [2168.0, 1178.0], [2167.5, 2681.0], [2167.25, 15977.0], [2167.0, 21420.0], [2166.75, 15426.0], [2166.0, 40400.0], [2165.75, 30588.0]], "asks": [[2172.5, 1664.0], [2172.75, 2116.0], [2173.0, 3711.0], [2175.5, 239.0], [2175.75, 2262.0], [2176.0, 7026.0], [2176.25, 7125.0], [2178.75, 6167.0], [2179.0, 20552.0], [2179.25, 15001.0], [2180.0, 40000.0], [2181.75, 30292.0], [2182.0, 29587.0], [2182.75, 30070.0], [2183.0, 41178.0], [2184.0, 41.0], [2186.0, 30647.0], [2186.75, 45.0], [2187.0, 5213.0], [2189.5, 60151.0]]}}}
{"jsonrpc": "2.0", "method": "subscription", "params": {"channel": "book.ETH-6FEB26.none.20.100ms", "data": {"timestamp": 1770238074138, "change_id": 107698350888, "instrument_name": "ETH-6FEB26", "bids": [[2169.75, 705.0], [2169.25, 4728.0], [2168.25, 9804.0], [2167.75, 7259.0], [2166.75, 1178.0], [2166.25, 41712.0], [2164.75, 4714.0], [2164.25, 40400.0], [2163.5, 60240.0], [2163.0, 39074.0], [2160.0, 18857.0], [2159.75, 40000.0], [2159.5, 45.0], [2157.75, 58766.0], [2156.0, 2.0], [2154.25, 40000.0], [2154.0, 58366.0], [2153.0, 11.0], [2152.0, 40808.0], [2144.25, 38942.0]], "asks": [[2170.5, 1825.0], [2170.75, 2313.0], [2171.0, 3728.0], [2174.25, 2094.0], [2174.5, 7373.0], [2174.75, 6030.0], [2175.0, 20202.0], [2176.75, 20368.0], [2177.0, 400.0], [2177.75, 40000.0], [2179.0, 19645.0], [2179.25, 40444.0], [2180.0, 40308.0], [2181.0, 40000.0], [2181.25, 59126.0], [2185.0, 1178.0], [2185.25, 2.0], [2186.0, 59706.0], [2186.25, 4713.0], [2186.5, 40000.0]]}}}
{"jsonrpc": "2.0", "method": "subscription", "params": {"channel": "book.ETH-13FEB26.none.20.100ms", "data": {"timestamp": 1770238074329, "change_id": 107698351028, "instrument_name": "ETH-13FEB26", "bids": [[2172.0, 800.0], [2171.75, 3921.0], [2171.5, 705.0], [2171.0, 239.0], [2170.75, 1039.0], [2170.5, 800.0], [2170.25, 239.0], [2170.0, 1039.0], [2169.75, 2936.0], [2169.5, 7155.0], [2169.0, 1499.0], [2168.75, 5021.0], [2168.25, 352.0], [2168.0, 1178.0], [2167.5, 2681.0], [2167.25, 15977.0], [2167.0, 21420.0], [2166.75, 15426.0], [2166.0, 40400.0], [2165.75, 30588.0]], "asks": [[2172.5, 1664.0], [2172.75, 2116.0], [2173.0, 3711.0], [2175.5, 239.0], [2175.75, 2262.0], [2176.0, 7026.0], [2176.25, 7125.0], [2178.75, 6167.0], [2179.0, 20552.0], [2179.25, 15001.0], [2180.0, 40000.0], [2181.75, 30292.0], [2182.0, 29587.0], [2182.75, 30070.0], [2183.0, 41178.0], [2184.0, 41.0], [2186.0, 30647.0], [2186.75, 45.0], [2187.0, 5213.0], [2189.5, 60151.0]]}}}
{"jsonrpc": "2.0", "method": "subscription", "params": {"channel": "book.ETH-13FEB26.none.20.100ms", "data": {"timestamp": 1770238074969, "change_id": 107698351933, "instrument_name": "ETH-13FEB26", "bids": [[2172.0, 800.0], [2171.75, 3921.0], [2171.5, 705.0], [2171.0, 239.0], [2170.75, 1039.0], [2170.5, 1039.0], [2170.25, 1039.0], [2170.0, 1039.0], [2169.75, 2936.0], [2169.5, 7155.0], [2169.0, 1499.0], [2168.75, 5021.0], [2168.25, 352.0], [2168.0, 1178.0], [2167.5, 2681.0], [2167.25, 15977.0], [2167.0, 21420.0], [2166.75, 15426.0], [2166.0, 40400.0], [2165.75, 30588.0]], "asks": [[2172.5, 1664.0], [2172.75, 2116.0], [2173.0, 3711.0], [2175.5, 239.0], [2175.75, 2262.0], [2176.0, 7026.0], [2176.25, 7125.0], [2178.75, 6167.0], [2179.0, 20552.0], [2179.25, 15001.0], [2180.0, 40000.0], [2181.75, 30292.0], [2182.0, 29587.0], [2182.75, 30070.0], [2183.0, 41178.0], [2184.0, 41.0], [2186.0, 30647.0], [2186.75, 45.0], [2187.0, 5213.0], [2189.5, 60151.0]]}}}
{"jsonrpc": "2.0", "method": "subscription", "params": {"channel": "book.ETH-13FEB26.none.20.100ms", "data": {"timestamp": 1770238075932, "change_id": 107698353157, "instrument_name": "ETH-13FEB26", "bids": [[2172.0, 800.0], [2171.75, 3921.0], [2171.5, 705.0], [2171.0, 239.0], [2170.75, 1039.0], [2170.5, 1039.0], [2170.25, 1039.0], [2170.0, 1039.0], [2169.75, 2936.0], [2169.5, 7155.0], [2169.0, 1499.0], [2168.75, 5021.0], [2168.25, 352.0], [2168.0, 1178.0], [2167.5, 2681.0], [2167.25, 15977.0], [2167.0, 21420.0], [2166.75, 15426.0], [2166.0, 40400.0], [2165.75, 30588.0]], "asks": [[2172.5, 1664.0], [2172.75, 800.0], [2173.25, 1108.0], [2173.5, 3711.0], [2175.5, 239.0], [2175.75, 2262.0], [2176.0, 7026.0], [2176.25, 7125.0], [2178.75, 6167.0], [2179.0, 20552.0], [2179.25, 15001.0], [2180.0, 40000.0], [2181.75, 30292.0], [2182.0, 29587.0], [2182.75, 30070.0], [2183.0, 41178.0], [2184.0, 41.0], [2186.0, 30647.0], [2186.75, 45.0], [2187.0, 5213.0]]}}}
{"jsonrpc": "2.0", "method": "subscription", "params": {"channel": "book.ETH-13FEB26.none.20.100ms", "data": {"timestamp": 1770238076305, "change_id": 107698353575, "instrument_name": "ETH-13FEB26", "bids": [[2172.0, 800.0], [2171.75, 3921.0], [2171.5, 705.0], [2171.0, 239.0], [2170.75, 1039.0], [2170.5, 1039.0], [2170.25, 1039.0], [2170.0, 1039.0], [2169.75, 2936.0], [2169.5, 7155.0], [2169.0, 1499.0], [2168.75, 5021.0], [2168.25, 352.0], [2168.0, 1178.0], [2167.5, 2681.0], [2167.25, 15977.0], [2167.0, 21420.0], [2166.75, 15426.0], [2166.0, 40400.0], [2165.75, 30588.0]], "asks": [[2172.5, 1425.0], [2172.75, 239.0], [2173.0, 1039.0], [2173.25, 1908.0], [2173.5, 3711.0], [2175.5, 239.0], [2175.75, 2262.0], [2176.0, 7026.0], [2176.25, 7125.0], [2178.75, 6167.0], [2179.0, 20552.0], [2179.25, 15001.0], [2180.0, 40000.0], [2181.75, 30292.0], [2182.0, 29587.0], [2182.75, 30070.0], [2183.0, 41178.0], [2184.0, 41.0], [2186.0, 30647.0], [2186.75, 45.0]]}}}
{"jsonrpc": "2.0", "method": "subscription", "params": {"channel": "book.ETH-13FEB26.none.20.100ms", "data": {"timestamp": 1770238076970, "change_id": 107698354504, "instrument_name": "ETH-13FEB26", "bids": [[2172.0, 800.0], [2171.75, 3921.0], [2171.5, 705.0], [2171.0, 239.0], [2170.75, 1039.0], [2170.5, 1039.0], [2170.25, 1039.0], [2170.0, 1039.0], [2169.75, 2936.0], [2169.5, 7155.0], [2168.75, 1499.0], [2168.5, 5021.0], [2168.25, 352.0], [2168.0, 1178.0], [2167.5, 2681.0], [2167.25, 15977.0], [2167.0, 21420.0], [2166.75, 15426.0], [2166.0, 40400.0], [2165.75, 30588.0]], "asks": [[2172.5, 1425.0], [2172.75, 239.0], [2173.0, 1039.0], [2173.25, 1908.0], [2173.5, 3711.0], [2175.5, 239.0], [2175.75, 2262.0], [2176.0, 7026.0], [2176.25, 7125.0], [2178.75, 6167.0], [2179.0, 20552.0], [2179.25, 15001.0], [2180.0, 40000.0], [2181.75, 30292.0], [2182.0, 29587.0], [2182.75, 30070.0], [2183.0, 41178.0], [2184.0, 41.0], [2186.0, 30647.0], [2186.75, 45.0]]}}}
{"jsonrpc": "2.0", "method": "subscription", "params": {"channel": "book.ETH-6FEB26.none.20.100ms", "data": {"timestamp": 1770238077218, "change_id": 107698354784, "instrument_name": "ETH-6FEB26", "bids": [[2169.75, 705.0], [2169.25, 4728.0], [2168.25, 9804.0], [2167.75, 7259.0], [2166.75, 1178.0], [2166.5, 20292.0], [2166.25, 21420.0], [2164.75, 4714.0], [2164.25, 40400.0], [2163.5, 60240.0], [2163.0, 39074.0], [2160.0, 18857.0], [2159.75, 40000.0], [2159.5, 45.0], [2157.75, 58766.0], [2156.0, 2.0], [2154.25, 40000.0], [2154.0, 58366.0], [2153.0, 11.0], [2152.0, 40808.0]], "asks": [[2170.5, 1825.0], [2170.75, 2313.0], [2171.0, 3728.0], [2174.25, 2094.0], [2174.5, 7373.0], [2174.75, 6030.0], [2175.0, 20202.0], [2176.75, 20368.0], [2177.0, 400.0], [2177.75, 40000.0], [2179.0, 19645.0], [2179.25, 40444.0], [2180.0, 40308.0], [2181.0, 40000.0], [2181.25, 59126.0], [2185.0, 1178.0], [2185.25, 2.0], [2186.0, 59706.0], [2186.25, 4713.0], [2186.5, 40000.0]]}}}
{"jsonrpc": "2.0", "method": "subscription", "params": {"channel": "book.ETH-13FEB26.none.20.100ms", "data": {"timestamp": 1770238078061, "change_id": 107698355843, "instrument_name": "ETH-13FEB26", "bids": [[2172.0, 800.0], [2171.75, 3921.0], [2171.5, 705.0], [2171.0, 239.0], [2170.75, 1039.0], [2170.5, 1039.0], [2170.25, 1039.0], [2170.0, 1039.0], [2169.75, 2936.0], [2169.5, 7155.0], [2168.75, 1499.0], [2168.5, 5021.0], [2168.25, 352.0], [2168.0, 1178.0], [2167.5, 2681.0], [2167.25, 15977.0], [2167.0, 21420.0], [2166.75, 15426.0], [2166.0, 40400.0], [2165.75, 30588.0]], "asks": [[2172.5, 1425.0], [2172.75, 239.0], [2173.0, 1039.0], [2173.25, 1908.0], [2173.5, 3711.0], [2175.0, 2121.0], [2175.25, 7104.0], [2175.5, 239.0], [2175.75, 2262.0], [2176.0, 4899.0], [2178.75, 6167.0], [2179.0, 20552.0], [2179.25, 15001.0], [2180.0, 40000.0], [2181.75, 30292.0], [2182.0, 29587.0], [2182.75, 30070.0], [2183.0, 41178.0], [2184.0, 41.0], [2186.0, 30647.0]]}}}
{"jsonrpc": "2.0", "method": "subscription", "params": {"channel": "book.ETH-6FEB26.none.20.100ms", "data": {"timestamp": 1770238078088, "change_id": 107698355878, "instrument_name": "ETH-6FEB26", "bids": [[2169.75, 705.0], [2169.25, 4728.0], [2168.25, 9804.0], [2167.75, 7259.0], [2166.75, 1178.0], [2166.5, 20292.0], [2166.25, 21420.0], [2164.75, 4714.0], [2164.25, 40400.0], [2163.5, 60240.0], [2163.0, 39074.0], [2160.0, 18857.0], [2159.75, 40000.0], [2159.5, 45.0], [2157.75, 58766.0], [2156.0, 2.0], [2154.25, 40000.0], [2154.0, 58366.0], [2153.0, 11.0], [2152.0, 40808.0]], "asks": [[2170.5, 1200.0], [2170.75, 2938.0], [2171.0, 3728.0], [2173.0, 2187.0], [2173.25, 7328.0], [2174.75, 6030.0], [2175.0, 20202.0], [2176.75, 20368.0], [2177.0, 400.0], [2177.75, 40000.0], [2179.0, 19645.0], [2179.25, 40444.0], [2180.0, 40308.0], [2181.0, 40000.0], [2181.25, 59126.0], [2185.0, 1178.0], [2185.25, 2.0], [2186.0, 59706.0], [2186.25, 4713.0], [2186.5, 40000.0]]}}}
{"jsonrpc": "2.0", "method": "subscription", "params": {"channel": "book.ETH-13FEB26.none.20.100ms", "data": {"timestamp": 1770238078282, "change_id": 107698356038, "instrument_name": "ETH-13FEB26", "bids": [[2172.0, 800.0], [2171.75, 3921.0], [2171.5, 705.0], [2171.0, 239.0], [2170.75, 1039.0], [2170.5, 1039.0], [2170.25, 1039.0], [2170.0, 1039.0], [2169.75, 2936.0], [2169.5, 7155.0], [2168.75, 1499.0], [2168.5, 5021.0], [2168.25, 352.0], [2168.0, 1178.0], [2167.5, 2681.0], [2167.25, 15977.0], [2167.0, 21420.0], [2166.75, 15426.0], [2166.0, 40400.0], [2165.75, 30588.0]], "asks": [[2172.5, 1425.0], [2172.75, 239.0], [2173.0, 1039.0], [2173.25, 1908.0], [2173.5, 3711.0], [2174.75, 800.0], [2175.0, 2121.0], [2175.25, 7104.0], [2175.5, 239.0], [2175.75, 2262.0], [2176.0, 4899.0], [2178.75, 6167.0], [2179.0, 20552.0], [2179.25, 15001.0], [2180.0, 40000.0], [2181.75, 30292.0], [2182.0, 29587.0], [2182.75, 30070.0], [2183.0, 41178.0], [2184.0, 41.0]]}}}
{"jsonrpc": "2.0", "method": "subscription", "params": {"channel": "book.ETH-6FEB26.none.20.100ms", "data": {"timestamp": 1770238078413, "change_id": 107698356307, "instrument_name": "ETH-6FEB26", "bids": [[2169.75, 705.0], [2169.25, 4728.0], [2168.25, 9804.0], [2167.75, 7259.0], [2166.75, 1178.0], [2166.5, 20292.0], [2166.25, 21420.0], [2164.75, 4714.0], [2164.25, 40400.0], [2163.5, 60240.0], [2163.0, 39074.0], [2160.0, 18857.0], [2159.75, 40000.0], [2159.5, 45.0], [2157.75, 58766.0], [2156.0, 2.0], [2154.25, 40000.0], [2154.0, 58366.0], [2153.0, 11.0], [2152.0, 40808.0]], "asks": [[2170.5, 1825.0], [2170.75, 2313.0], [2171.0, 3728.0], [2172.75, 1200.0], [2173.0, 2187.0], [2173.25, 7328.0], [2174.75, 6030.0], [2175.0, 20202.0], [2176.75, 20368.0], [2177.0, 400.0], [2177.75, 40000.0], [2179.0, 19645.0], [2179.25, 40444.0], [2180.0, 40308.0], [2181.0, 40000.0], [2181.25, 59126.0], [2185.0, 1178.0], [2185.25, 2.0], [2186.0, 59706.0], [2186.25, 4713.0]]}}}
{"jsonrpc": "2.0", "method": "subscription", "params": {"channel": "book.ETH-13FEB26.none.20.100ms", "data": {"timestamp": 1770238080118, "change_id": 107698358730, "instrument_name": "ETH-13FEB26", "bids": [[2171.5, 625.0], [2171.0, 239.0], [2170.75, 1039.0], [2170.5, 1039.0], [2170.25, 1039.0], [2170.0, 1039.0], [2169.75, 800.0], [2168.75, 1499.0], [2168.5, 5021.0], [2168.25, 352.0], [2168.0, 1178.0], [2167.5, 2681.0], [2167.25, 15977.0], [2167.0, 21420.0], [2166.75, 15426.0], [2166.0, 40400.0], [2164.5, 30740.0], [2160.0, 30.0], [2159.75, 29993.0], [2158.25, 2.0]], "asks": [[2172.0, 239.0], [2172.25, 1225.0], [2172.5, 1425.0], [2172.75, 239.0], [2173.0, 4750.0], [2173.25, 800.0], [2174.5, 239.0], [2174.75, 800.0], [2175.0, 2121.0], [2175.25, 7104.0], [2175.5, 239.0], [2175.75, 2262.0], [2176.0, 4899.0], [2178.75, 152.0], [2179.0, 20552.0], [2179.25, 15001.0], [2180.0, 40000.0], [2181.75, 30292.0], [2182.0, 29587.0], [2182.75, 30070.0]]}}}
{"jsonrpc": "2.0", "method": "subscription", "params": {"channel": "book.ETH-6FEB26.none.20.100ms", "data": {"timestamp": 1770238080115, "change_id": 107698358723, "instrument_name": "ETH-6FEB26", "bids": [[2169.75, 625.0], [2169.25, 1000.0], [2168.75, 80.0], [2168.25, 9804.0], [2166.75, 1178.0], [2166.5, 20292.0], [2166.25, 21420.0], [2164.75, 4714.0], [2164.25, 40400.0], [2163.5, 60240.0], [2163.0, 39074.0], [2160.0, 18857.0], [2159.75, 40000.0], [2159.5, 45.0], [2157.75, 58766.0], [2156.0, 2.0], [2154.25, 40000.0], [2154.0, 58366.0], [2153.0, 11.0], [2152.0, 40808.0]], "asks": [[2170.25, 1745.0], [2170.5, 2183.0], [2170.75, 2313.0], [2171.0, 3728.0], [2172.5, 358.0], [2172.75, 1200.0], [2173.0, 2187.0], [2173.25, 7328.0], [2174.75, 6030.0], [2175.0, 20202.0], [2176.75, 20368.0], [2177.0, 400.0], [2177.75, 40000.0], [2179.0, 19645.0], [2179.25, 40444.0], [2180.0, 40308.0], [2181.0, 40000.0], [2181.25, 59126.0], [2185.0, 1178.0], [2185.25, 2.0]]}}}
{"jsonrpc": "2.0", "method": "subscription", "params": {"channel": "book.ETH-13FEB26.none.20.100ms", "data": {"timestamp": 1770238080361, "change_id": 107698360255, "instrument_name": "ETH-13FEB26", "bids": [[2171.25, 1240.0], [2171.0, 5136.0], [2170.75, 319.0], [2170.5, 800.0], [2168.25, 352.0], [2168.0, 1178.0], [2167.5, 1407.0], [2167.25, 11108.0], [2167.0, 21420.0], [2166.75, 4869.0], [2166.0, 55826.0], [2164.5, 30740.0], [2164.25, 30588.0], [2160.75, 40000.0], [2160.0, 30.0], [2159.75, 29993.0], [2158.25, 2.0], [2157.5, 40000.0], [2155.25, 18857.0], [2155.0, 45.0]], "asks": [[2172.0, 1664.0], [2172.25, 1039.0], [2172.5, 1908.0], [2172.75, 3950.0], [2174.0, 239.0], [2174.25, 800.0], [2174.5, 239.0], [2174.75, 800.0], [2175.0, 2121.0], [2175.25, 7104.0], [2176.0, 4899.0], [2177.75, 15001.0], [2178.5, 40000.0], [2178.75, 152.0], [2179.0, 50844.0], [2182.0, 29587.0], [2182.75, 30070.0], [2183.0, 41178.0], [2184.0, 41.0], [2186.0, 30647.0]]}}}
{"jsonrpc": "2.0", "method": "subscription", "params": {"channel": "book.ETH-6FEB26.none.20.100ms", "data": {"timestamp": 1770238080443, "change_id": 107698360245, "instrument_name": "ETH-6FEB26", "bids": [[2169.0, 705.0], [2168.5, 4728.0], [2167.0, 9804.0], [2166.75, 1178.0], [2166.25, 21420.0], [2165.0, 20292.0], [2164.75, 4714.0], [2164.25, 40400.0], [2163.5, 19976.0], [2163.0, 39074.0], [2162.0, 40264.0], [2160.0, 18857.0], [2159.75, 40000.0], [2159.5, 45.0], [2157.75, 58766.0], [2156.0, 2.0], [2154.25, 40000.0], [2154.0, 58366.0], [2153.0, 11.0], [2152.0, 40808.0]], "asks": [[2170.0, 1200.0], [2170.25, 5553.0], [2172.0, 358.0], [2172.25, 1200.0], [2172.5, 358.0], [2172.75, 1200.0], [2173.0, 2187.0], [2173.25, 7328.0], [2174.75, 6030.0], [2175.0, 20202.0], [2176.25, 40000.0], [2176.75, 60812.0], [2177.0, 400.0], [2179.0, 19645.0], [2180.0, 40308.0], [2181.0, 40000.0], [2181.25, 59126.0], [2185.0, 1178.0], [2185.25, 2.0], [2186.0, 59706.0]]}}}
{"jsonrpc": "2.0", "method": "subscription", "params": {"channel": "book.ETH-13FEB26.none.20.100ms", "data": {"timestamp": 1770238080486, "change_id": 107698360464, "instrument_name": "ETH-13FEB26", "bids": [[2171.25, 1240.0], [2171.0, 5136.0], [2170.75, 319.0], [2170.5, 800.0], [2169.5, 2097.0], [2169.25, 7026.0], [2168.25, 352.0], [2168.0, 1178.0], [2167.5, 1407.0], [2167.25, 11108.0], [2167.0, 21420.0], [2166.75, 4869.0], [2166.0, 55826.0], [2164.5, 30740.0], [2164.25, 30588.0], [2160.75, 40000.0], [2160.0, 30.0], [2159.75, 29993.0], [2158.25, 2.0], [2157.5, 40000.0]], "asks": [[2172.0, 1664.0], [2172.25, 1039.0], [2172.5, 1908.0], [2172.75, 3950.0], [2174.0, 239.0], [2174.25, 800.0], [2174.5, 239.0], [2174.75, 800.0], [2175.0, 2121.0], [2175.25, 7104.0], [2176.0, 4899.0], [2177.75, 15001.0], [2178.5, 40000.0], [2178.75, 152.0], [2179.0, 50844.0], [2182.0, 29587.0], [2182.75, 30070.0], [2183.0, 41178.0], [2184.0, 41.0], [2186.0, 30647.0]]}}}
{"jsonrpc": "2.0", "method": "subscription", "params": {"channel": "book.ETH-6FEB26.none.20.100ms", "data": {"timestamp": 1770238080473, "change_id": 107698360372, "instrument_name": "ETH-6FEB26", "bids": [[2169.0, 705.0], [2168.5, 4728.0], [2167.5, 7306.0], [2167.0, 9804.0], [2166.75, 1178.0], [2166.25, 21420.0], [2165.0, 20292.0], [2164.75, 4714.0], [2164.25, 40400.0], [2163.5, 19976.0], [2163.0, 39074.0], [2162.0, 40264.0], [2160.0, 18857.0], [2159.75, 40000.0], [2159.5, 45.0], [2157.75, 58766.0], [2156.0, 2.0], [2154.25, 40000.0], [2154.0, 58366.0], [2153.0, 11.0]], "asks": [[2170.0, 1825.0], [2170.25, 4928.0], [2172.0, 358.0], [2172.25, 1200.0], [2172.5, 358.0], [2172.75, 1200.0], [2173.0, 2187.0], [2173.25, 7328.0], [2174.75, 6030.0], [2175.0, 20202.0], [2176.25, 40000.0], [2176.75, 60812.0], [2177.0, 400.0], [2179.0, 19645.0], [2180.0, 40308.0], [2181.0, 40000.0], [2181.25, 59126.0], [2185.0, 1178.0], [2185.25, 2.0], [2186.0, 59706.0]]}}}
{"jsonrpc": "2.0", "method": "subscription", "params": {"channel": "book.ETH-13FEB26.none.20.100ms", "data": {"timestamp": 1770238081055, "change_id": 107698361673, "instrument_name": "ETH-13FEB26", "bids": [[2171.25, 800.0], [2171.0, 4511.0], [2170.75, 944.0], [2170.5, 800.0], [2169.5, 2097.0], [2169.25, 7026.0], [2168.5, 1499.0], [2168.25, 5373.0], [2168.0, 1178.0], [2167.5, 1407.0], [2167.25, 11108.0], [2167.0, 21420.0], [2166.25, 4869.0], [2166.0, 55826.0], [2164.5, 30740.0], [2164.25, 30588.0], [2160.75, 40000.0], [2160.0, 30.0], [2159.75, 29993.0], [2158.25, 2.0]], "asks": [[2171.75, 1664.0], [2172.0, 1039.0], [2172.25, 1039.0], [2172.5, 1908.0], [2172.75, 3950.0], [2174.0, 239.0], [2174.25, 800.0], [2174.5, 239.0], [2174.75, 800.0], [2175.0, 2121.0], [2175.25, 7104.0], [2176.0, 4899.0], [2177.75, 15001.0], [2178.5, 40000.0], [2178.75, 152.0], [2179.0, 50844.0], [2182.0, 29587.0], [2182.75, 30070.0], [2183.0, 41178.0], [2184.0, 41.0]]}}}
{"jsonrpc": "2.0", "method": "subscription", "params": {"channel": "book.ETH-6FEB26.none.20.100ms", "data": {"timestamp": 1770238081096, "change_id": 107698361840, "instrument_name": "ETH-6FEB26", "bids": [[2169.0, 705.0], [2168.5, 4728.0], [2167.75, 9804.0], [2167.5, 7306.0], [2166.75, 1178.0], [2166.25, 21420.0], [2165.5, 20292.0], [2164.75, 4714.0], [2164.25, 400.0], [2163.5, 19976.0], [2163.0, 39074.0], [2162.75, 40000.0], [2162.0, 40264.0], [2160.0, 18857.0], [2159.75, 40000.0], [2159.5, 45.0], [2157.75, 58766.0], [2156.0, 2.0], [2154.25, 40000.0], [2154.0, 58366.0]], "asks": [[2169.75, 1825.0], [2170.0, 2671.0], [2170.25, 3728.0], [2172.0, 358.0], [2172.25, 1200.0], [2172.5, 358.0], [2172.75, 1200.0], [2173.0, 2187.0], [2173.25, 7328.0], [2174.5, 20202.0], [2176.25, 40000.0], [2176.75, 60812.0], [2177.0, 40708.0], [2179.0, 19645.0], [2181.0, 40000.0], [2181.25, 59126.0], [2185.0, 1178.0], [2185.25, 2.0], [2186.0, 59706.0], [2186.25, 4713.0]]}}}
{"jsonrpc": "2.0", "method": "subscription", "params": {"channel": "book.ETH-13FEB26.none.20.100ms", "data": {"timestamp": 1770238081416, "change_id": 107698362408, "instrument_name": "ETH-13FEB26", "bids": [[2171.25, 800.0], [2171.0, 4721.0], [2170.75, 705.0], [2170.0, 239.0], [2169.75, 800.0], [2169.5, 2097.0], [2169.25, 7026.0], [2168.5, 1499.0], [2168.25, 5373.0], [2168.0, 1178.0], [2167.25, 6394.0], [2167.0, 21420.0], [2166.25, 4869.0], [2166.0, 55826.0], [2164.75, 4714.0], [2164.5, 30740.0], [2164.25, 30588.0], [2160.75, 40000.0], [2160.0, 30.0], [2159.75, 29993.0]], "asks": [[2171.75, 1664.0], [2172.0, 1039.0], [2172.25, 1039.0], [2172.5, 1908.0], [2172.75, 3950.0], [2173.5, 239.0], [2173.75, 800.0], [2174.0, 239.0], [2174.25, 800.0], [2174.5, 239.0], [2174.75, 800.0], [2175.0, 2121.0], [2175.25, 7104.0], [2176.0, 4899.0], [2177.75, 15001.0], [2178.5, 40000.0], [2178.75, 152.0], [2179.0, 50844.0], [2182.0, 29587.0], [2182.75, 30070.0]]}}}
{"jsonrpc": "2.0", "method": "subscription", "params": {"channel": "book.ETH-6FEB26.none.20.100ms", "data": {"timestamp": 1770238081382, "change_id": 107698362308, "instrument_name": "ETH-6FEB26", "bids": [[2169.0, 705.0], [2168.5, 4728.0], [2167.75, 9804.0], [2167.5, 7306.0], [2166.75, 1178.0], [2166.25, 21420.0], [2165.5, 20292.0], [2164.75, 4714.0], [2164.25, 400.0], [2163.5, 19976.0], [2163.0, 39074.0], [2162.75, 40000.0], [2162.0, 40264.0], [2160.0, 18857.0], [2159.75, 40000.0], [2159.5, 45.0], [2157.75, 58766.0], [2156.0, 2.0], [2154.25, 40000.0], [2154.0, 58366.0]], "asks": [[2169.75, 1825.0], [2170.0, 2671.0], [2170.25, 3728.0], [2171.5, 358.0], [2171.75, 1200.0], [2172.0, 358.0], [2172.25, 1200.0], [2172.5, 358.0], [2172.75, 1200.0], [2173.0, 2187.0], [2173.25, 7328.0], [2174.5, 20202.0], [2176.25, 40000.0], [2176.75, 60812.0], [2177.0, 40708.0], [2179.0, 19645.0], [2181.0, 40000.0], [2181.25, 59126.0], [2185.0, 1178.0], [2185.25, 2.0]]}}}
{"jsonrpc": "2.0", "method": "subscription", "params": {"channel": "book.ETH-13FEB26.none.20.100ms", "data": {"timestamp": 1770238081578, "change_id": 107698363316, "instrument_name": "ETH-13FEB26", "bids": [[2171.25, 800.0], [2170.75, 1142.0], [2170.5, 3711.0], [2170.25, 80.0], [2170.0, 239.0], [2169.75, 800.0], [2168.25, 1805.0], [2168.0, 5373.0], [2167.75, 3271.0], [2167.5, 7013.0], [2167.25, 6394.0], [2167.0, 21420.0], [2166.25, 4869.0], [2166.0, 15426.0], [2164.75, 4714.0], [2164.5, 71140.0], [2164.25, 30588.0], [2160.75, 40000.0], [2160.0, 30.0], [2159.75, 29993.0]], "asks": [[2171.5, 1425.0], [2171.75, 1039.0], [2172.0, 2116.0], [2172.25, 4750.0], [2172.5, 800.0], [2173.5, 239.0], [2173.75, 800.0], [2174.0, 239.0], [2174.25, 800.0], [2174.5, 239.0], [2174.75, 800.0], [2175.0, 2121.0], [2175.25, 7104.0], [2176.0, 4899.0], [2177.75, 15001.0], [2178.5, 40000.0], [2178.75, 152.0], [2179.0, 50844.0], [2182.0, 29587.0], [2182.75, 30070.0]]}}}
{"jsonrpc": "2.0", "method": "subscription", "params": {"channel": "book.ETH-6FEB26.none.20.100ms", "data": {"timestamp": 1770238081745, "change_id": 107698363328, "instrument_name": "ETH-6FEB26", "bids": [[2168.5, 5433.0], [2167.25, 9804.0], [2166.75, 1178.0], [2166.25, 21420.0], [2165.75, 7113.0], [2165.0, 20292.0], [2164.75, 4714.0], [2162.75, 40400.0], [2162.5, 19976.0], [2162.0, 79338.0], [2160.0, 18857.0], [2159.75, 40000.0], [2159.5, 45.0], [2157.75, 58766.0], [2156.0, 2.0], [2154.25, 40000.0], [2154.0, 58366.0], [2153.0, 11.0], [2152.0, 40808.0], [2144.25, 38942.0]], "asks": [[2169.5, 1825.0], [2169.75, 1558.0], [2170.0, 2671.0], [2170.25, 3728.0], [2171.5, 358.0], [2171.75, 1200.0], [2172.0, 358.0], [2172.25, 1200.0], [2172.5, 358.0], [2172.75, 1200.0], [2173.0, 2187.0], [2173.25, 7328.0], [2174.5, 20202.0], [2176.25, 40000.0], [2176.75, 60812.0], [2177.0, 40708.0], [2179.0, 19645.0], [2181.0, 40000.0], [2181.25, 59126.0], [2185.0, 1178.0]]}}}
{"jsonrpc": "2.0", "method": "subscription", "params": {"channel": "book.ETH-13FEB26.none.20.100ms", "data": {"timestamp": 1770238082094, "change_id": 107698364002, "instrument_name": "ETH-13FEB26", "bids": [[2171.25, 800.0], [2170.75, 1142.0], [2170.5, 3791.0], [2170.0, 239.0], [2169.75, 800.0], [2169.25, 2161.0], [2169.0, 7239.0], [2168.25, 1805.0], [2168.0, 5373.0], [2167.75, 1178.0], [2167.25, 6394.0], [2167.0, 21420.0], [2166.25, 4869.0], [2166.0, 15426.0], [2164.75, 4714.0], [2164.5, 71140.0], [2164.25, 30588.0], [2160.75, 40000.0], [2160.0, 30.0], [2159.75, 29993.0]], "asks": [[2171.5, 1425.0], [2171.75, 1039.0], [2172.0, 2116.0], [2172.25, 4750.0], [2172.5, 800.0], [2173.5, 239.0], [2173.75, 800.0], [2174.0, 239.0], [2174.25, 800.0], [2174.5, 239.0], [2174.75, 800.0], [2175.0, 2121.0], [2175.25, 7104.0], [2176.0, 4899.0], [2177.75, 15001.0], [2178.5, 40000.0], [2178.75, 152.0], [2179.0, 50844.0], [2182.0, 29587.0], [2182.75, 30070.0]]}}}
{"jsonrpc": "2.0", "method": "subscription", "params": {"channel": "book.ETH-6FEB26.none.20.100ms", "data": {"timestamp": 1770238082089, "change_id": 107698363996, "instrument_name": "ETH-6FEB26", "bids": [[2168.75, 705.0], [2168.5, 4728.0], [2167.25, 16891.0], [2166.75, 1178.0], [2166.25, 21420.0], [2165.0, 20292.0], [2164.75, 4714.0], [2162.75, 40400.0], [2162.5, 19976.0], [2162.0, 79338.0], [2160.0, 18857.0], [2159.75, 40000.0], [2159.5, 45.0], [2157.75, 58766.0], [2156.0, 2.0], [2154.25, 40000.0], [2154.0, 58366.0], [2153.0, 11.0], [2152.0, 40808.0], [2144.25, 38942.0]], "asks": [[2169.5, 1825.0], [2169.75, 1558.0], [2170.0, 2671.0], [2170.25, 3728.0], [2171.5, 358.0], [2171.75, 1200.0], [2172.0, 358.0], [2172.25, 1200.0], [2172.5, 358.0], [2172.75, 1200.0], [2173.0, 2187.0], [2173.25, 7328.0], [2174.5, 20202.0], [2176.25, 40000.0], [2176.75, 60812.0], [2177.0, 40708.0], [2179.0, 19645.0], [2181.0, 40000.0], [2181.25, 59126.0], [2185.0, 1178.0]]}}}
{"jsonrpc": "2.0", "method": "subscription", "params": {"channel": "book.ETH-13FEB26.none.20.100ms", "data": {"timestamp": 1770238082240, "change_id": 107698364144, "instrument_name": "ETH-13FEB26", "bids": [[2171.25, 800.0], [2171.0, 800.0], [2170.75, 1142.0], [2170.5, 3791.0], [2169.25, 2161.0], [2169.0, 7239.0], [2168.25, 1805.0], [2168.0, 5373.0], [2167.75, 1178.0], [2167.25, 6394.0], [2167.0, 21420.0], [2166.25, 4869.0], [2166.0, 15426.0], [2164.75, 4714.0], [2164.5, 71140.0], [2164.25, 30588.0], [2160.75, 40000.0], [2160.0, 30.0], [2159.75, 29993.0], [2158.25, 2.0]], "asks": [[2171.5, 1425.0], [2171.75, 1039.0], [2172.0, 2116.0], [2172.25, 3711.0], [2173.0, 239.0], [2173.25, 800.0], [2173.5, 239.0], [2173.75, 800.0], [2174.0, 239.0], [2174.25, 800.0], [2175.0, 2121.0], [2175.25, 7104.0], [2176.0, 4899.0], [2177.75, 15001.0], [2178.5, 40000.0], [2178.75, 152.0], [2179.0, 50844.0], [2182.0, 29587.0], [2182.75, 30070.0], [2183.0, 41178.0]]}}}
{"jsonrpc": "2.0", "method": "subscription", "params": {"channel": "book.ETH-6FEB26.none.20.100ms", "data": {"timestamp": 1770238082371, "change_id": 107698364332, "instrument_name": "ETH-6FEB26", "bids": [[2168.75, 705.0], [2168.5, 4728.0], [2167.25, 16891.0], [2166.75, 1178.0], [2166.25, 21420.0], [2165.0, 20292.0], [2164.75, 4714.0], [2162.75, 40400.0], [2162.5, 19976.0], [2162.0, 79338.0], [2160.0, 18857.0], [2159.75, 40000.0], [2159.5, 45.0], [2157.75, 58766.0], [2156.0, 2.0], [2154.25, 40000.0], [2154.0, 58366.0], [2153.0, 11.0], [2152.0, 40808.0], [2144.25, 38942.0]], "asks": [[2169.5, 1825.0], [2169.75, 1558.0], [2170.0, 2671.0], [2170.25, 3728.0], [2171.0, 358.0], [2171.25, 1200.0], [2171.5, 358.0], [2171.75, 1200.0], [2172.0, 358.0], [2172.25, 1200.0], [2172.5, 358.0], [2172.75, 1200.0], [2173.0, 2187.0], [2173.25, 7328.0], [2174.5, 20202.0], [2176.25, 40000.0], [2176.75, 60812.0], [2177.0, 40708.0], [2179.0, 19645.0], [2181.0, 40000.0]]}}}
{"jsonrpc": "2.0", "method": "subscription", "params": {"channel": "book.ETH-13FEB26.none.20.100ms", "data": {"timestamp": 1770238083410, "change_id": 107698366135, "instrument_name": "ETH-13FEB26", "bids": [[2171.25, 800.0], [2171.0, 4511.0], [2170.75, 625.0], [2170.5, 80.0], [2169.25, 2161.0], [2169.0, 7239.0], [2168.25, 1805.0], [2168.0, 5373.0], [2167.75, 1178.0], [2167.25, 6394.0], [2167.0, 21420.0], [2166.5, 4869.0], [2166.0, 15426.0], [2164.75, 4714.0], [2164.5, 71140.0], [2164.25, 30588.0], [2160.75, 40000.0], [2160.0, 30.0], [2159.75, 29993.0], [2158.25, 2.0]], "asks": [[2172.0, 800.0], [2172.5, 1316.0], [2172.75, 4511.0], [2173.0, 239.0], [2173.25, 800.0], [2173.5, 239.0], [2173.75, 800.0], [2175.0, 2121.0], [2175.25, 7104.0], [2176.0, 4899.0], [2177.75, 15001.0], [2178.5, 40000.0], [2178.75, 152.0], [2179.0, 50844.0], [2182.0, 29587.0], [2182.75, 30070.0], [2183.0, 41178.0], [2184.0, 41.0], [2186.0, 30647.0], [2186.75, 45.0]]}}}
{"jsonrpc": "2.0", "method": "subscription", "params": {"channel": "book.ETH-6FEB26.none.20.100ms", "data": {"timestamp": 1770238083431, "change_id": 107698366170, "instrument_name": "ETH-6FEB26", "bids": [[2169.0, 80.0], [2168.75, 625.0], [2168.5, 4728.0], [2167.25, 7087.0], [2166.75, 1178.0], [2166.25, 21420.0], [2165.0, 20292.0], [2164.75, 4714.0], [2162.75, 40400.0], [2162.5, 19976.0], [2162.0, 79338.0], [2160.0, 18857.0], [2159.75, 40000.0], [2159.5, 45.0], [2157.75, 58766.0], [2156.0, 2.0], [2154.25, 40000.0], [2154.0, 58366.0], [2153.0, 11.0], [2152.0, 40808.0]], "asks": [[2170.0, 1825.0], [2170.25, 3728.0], [2170.5, 358.0], [2170.75, 1200.0], [2171.0, 358.0], [2171.25, 1200.0], [2171.5, 358.0], [2171.75, 1200.0], [2172.0, 358.0], [2172.25, 1200.0], [2173.0, 2187.0], [2173.25, 7328.0], [2174.5, 20202.0], [2176.25, 40000.0], [2176.75, 60812.0], [2177.0, 40708.0], [2179.0, 19645.0], [2181.0, 40000.0], [2181.25, 59126.0], [2185.0, 1178.0]]}}}
{"jsonrpc": "2.0", "method": "subscription", "params": {"channel": "book.ETH-13FEB26.none.20.100ms", "data": {"timestamp": 1770238083655, "change_id": 107698367051, "instrument_name": "ETH-13FEB26", "bids": [[2171.25, 1275.0], [2171.0, 5216.0], [2169.25, 2161.0], [2169.0, 7239.0], [2168.25, 1805.0], [2168.0, 5373.0], [2167.75, 1178.0], [2167.25, 6394.0], [2167.0, 21420.0], [2166.5, 4869.0], [2166.0, 15426.0], [2164.75, 4714.0], [2164.5, 71140.0], [2164.25, 30588.0], [2160.75, 40000.0], [2160.0, 30.0], [2159.75, 29993.0], [2158.25, 2.0], [2157.5, 40000.0], [2155.25, 18857.0]], "asks": [[2172.0, 1425.0], [2172.5, 1316.0], [2172.75, 4511.0], [2173.0, 239.0], [2173.25, 800.0], [2173.5, 239.0], [2173.75, 800.0], [2175.0, 2121.0], [2175.25, 7104.0], [2176.0, 4899.0], [2177.75, 15001.0], [2178.5, 40000.0], [2178.75, 152.0], [2179.0, 50844.0], [2182.0, 29587.0], [2182.75, 30070.0], [2183.0, 41178.0], [2184.0, 41.0], [2186.0, 30647.0], [2186.75, 45.0]]}}}
{"jsonrpc": "2.0", "method": "subscription", "params": {"channel": "book.ETH-6FEB26.none.20.100ms", "data": {"timestamp": 1770238083610, "change_id": 107698366994, "instrument_name": "ETH-6FEB26", "bids": [[2169.25, 705.0], [2168.5, 4728.0], [2167.5, 9804.0], [2167.25, 7087.0], [2166.75, 1178.0], [2166.25, 21420.0], [2165.25, 20292.0], [2164.75, 4714.0], [2162.75, 40400.0], [2162.5, 19976.0], [2162.0, 79338.0], [2160.0, 18857.0], [2159.75, 40000.0], [2159.5, 45.0], [2157.75, 58766.0], [2156.0, 2.0], [2154.25, 40000.0], [2154.0, 58366.0], [2153.0, 11.0], [2152.0, 40808.0]], "asks": [[2170.0, 1825.0], [2170.25, 3728.0], [2170.5, 358.0], [2170.75, 1200.0], [2171.0, 358.0], [2171.25, 1200.0], [2171.5, 358.0], [2171.75, 1200.0], [2172.0, 358.0], [2172.25, 1200.0], [2173.0, 2187.0], [2173.25, 7328.0], [2174.5, 20202.0], [2176.25, 40000.0], [2176.75, 60812.0], [2177.0, 40708.0], [2179.0, 19645.0], [2181.0, 40000.0], [2181.25, 59126.0], [2185.0, 1178.0]]}}}
{"jsonrpc": "2.0", "method": "subscription", "params": {"channel": "book.ETH-13FEB26.none.20.100ms", "data": {"timestamp": 1770238084217, "change_id": 107698367769, "instrument_name": "ETH-13FEB26", "bids": [[2171.25, 1275.0], [2171.0, 4416.0], [2169.75, 239.0], [2169.5, 800.0], [2169.25, 2161.0], [2169.0, 7239.0], [2168.25, 1805.0], [2168.0, 5373.0], [2167.75, 1178.0], [2167.25, 6394.0], [2167.0, 21420.0], [2166.5, 4869.0], [2166.0, 15426.0], [2164.75, 4714.0], [2164.5, 71140.0], [2164.25, 30588.0], [2160.75, 40000.0], [2160.0, 30.0], [2159.75, 29993.0], [2158.25, 2.0]], "asks": [[2172.0, 1425.0], [2172.5, 1316.0], [2172.75, 4511.0], [2173.0, 239.0], [2173.25, 800.0], [2175.0, 2121.0], [2175.25, 7104.0], [2175.75, 1462.0], [2176.0, 4899.0], [2177.75, 15001.0], [2178.5, 40000.0], [2178.75, 152.0], [2179.0, 50844.0], [2182.0, 29587.0], [2182.75, 30070.0], [2183.0, 41178.0], [2184.0, 41.0], [2186.0, 30647.0], [2186.75, 45.0], [2187.0, 5213.0]]}}}
{"jsonrpc": "2.0", "method": "subscription", "params": {"channel": "book.ETH-6FEB26.none.20.100ms", "data": {"timestamp": 1770238084347, "change_id": 107698367905, "instrument_name": "ETH-6FEB26", "bids": [[2169.25, 705.0], [2168.5, 4728.0], [2167.5, 9804.0], [2167.25, 7087.0], [2166.75, 1178.0], [2166.25, 21420.0], [2165.25, 20292.0], [2164.75, 4714.0], [2162.75, 40400.0], [2162.5, 19976.0], [2162.0, 79338.0], [2160.0, 18857.0], [2159.75, 40000.0], [2159.5, 45.0], [2157.75, 58766.0], [2156.0, 2.0], [2154.25, 40000.0], [2154.0, 58366.0], [2153.0, 11.0], [2152.0, 40808.0]], "asks": [[2170.0, 1825.0], [2170.25, 3728.0], [2170.5, 358.0], [2170.75, 1200.0], [2171.0, 358.0], [2171.25, 1200.0], [2171.5, 358.0], [2171.75, 1200.0], [2173.0, 2187.0], [2173.25, 7328.0], [2174.5, 20202.0], [2176.25, 40000.0], [2176.75, 60812.0], [2177.0, 40708.0], [2179.0, 19645.0], [2181.0, 40000.0], [2181.25, 59126.0], [2185.0, 1178.0], [2185.25, 2.0], [2186.0, 59706.0]]}}}
{"jsonrpc": "2.0", "method": "subscription", "params": {"channel": "book.ETH-13FEB26.none.20.100ms", "data": {"timestamp": 1770238085203, "change_id": 107698369128, "instrument_name": "ETH-13FEB26", "bids": [[2171.25, 1275.0], [2171.0, 4416.0], [2169.75, 239.0], [2169.5, 800.0], [2169.25, 2161.0], [2169.0, 7239.0], [2168.25, 1805.0], [2168.0, 5373.0], [2167.75, 1178.0], [2167.25, 6394.0], [2167.0, 21420.0], [2166.5, 4869.0], [2166.0, 15426.0], [2164.75, 4714.0], [2164.5, 71140.0], [2164.25, 30588.0], [2160.75, 40000.0], [2160.0, 30.0], [2159.75, 29993.0], [2158.25, 2.0]], "asks": [[2172.0, 1425.0], [2172.5, 1316.0], [2172.75, 4511.0], [2173.0, 239.0], [2175.0, 2121.0], [2175.25, 7104.0], [2175.75, 1462.0], [2176.0, 4899.0], [2177.75, 15001.0], [2178.5, 40000.0], [2178.75, 152.0], [2179.0, 50844.0], [2182.0, 29587.0], [2182.75, 30070.0], [2183.0, 41178.0], [2184.0, 41.0], [2186.0, 30647.0], [2186.75, 45.0], [2187.0, 5213.0], [2189.5, 60151.0]]}}}
{"jsonrpc": "2.0", "method": "subscription", "params": {"channel": "book.ETH-13FEB26.none.20.100ms", "data": {"timestamp": 1770238085204, "change_id": 107698369130, "instrument_name": "ETH-13FEB26", "bids": [[2171.25, 1275.0], [2171.0, 4416.0], [2170.0, 800.0], [2169.75, 239.0], [2169.5, 800.0], [2169.25, 2161.0], [2169.0, 7239.0], [2168.25, 1805.0], [2168.0, 5373.0], [2167.75, 1178.0], [2167.25, 6394.0], [2167.0, 21420.0], [2166.5, 4869.0], [2166.0, 15426.0], [2164.75, 4714.0], [2164.5, 71140.0], [2164.25, 30588.0], [2160.75, 40000.0], [2160.0, 30.0], [2159.75, 29993.0]], "asks": [[2172.0, 1425.0], [2172.5, 1316.0], [2172.75, 4511.0], [2175.0, 2121.0], [2175.25, 7104.0], [2175.75, 1462.0], [2176.0, 4899.0], [2177.75, 15001.0], [2178.5, 40000.0], [2178.75, 152.0], [2179.0, 50844.0], [2182.0, 29587.0], [2182.75, 30070.0], [2183.0, 41178.0], [2184.0, 41.0], [2186.0, 30647.0], [2186.75, 45.0], [2187.0, 5213.0], [2189.5, 60151.0], [2192.0, 30.0]]}}}
{"jsonrpc": "2.0", "method": "subscription", "params": {"channel": "book.ETH-6FEB26.none.20.100ms", "data": {"timestamp": 1770238085337, "change_id": 107698369272, "instrument_name": "ETH-6FEB26", "bids": [[2169.25, 705.0], [2168.5, 4728.0], [2167.5, 9804.0], [2167.25, 7087.0], [2166.75, 1178.0], [2166.25, 21420.0], [2165.25, 20292.0], [2164.75, 4714.0], [2162.75, 40400.0], [2162.5, 19976.0], [2162.0, 79338.0], [2160.0, 18857.0], [2159.75, 40000.0], [2159.5, 45.0], [2157.75, 58766.0], [2156.0, 2.0], [2154.25, 40000.0], [2154.0, 58366.0], [2153.0, 11.0], [2152.0, 40808.0]], "asks": [[2170.0, 1825.0], [2170.25, 3728.0], [2170.5, 358.0], [2170.75, 1200.0], [2171.0, 358.0], [2171.25, 1200.0], [2173.0, 2187.0], [2173.25, 7328.0], [2174.5, 20202.0], [2176.25, 40000.0], [2176.75, 60812.0], [2177.0, 40708.0], [2179.0, 19645.0], [2181.0, 40000.0], [2181.25, 59126.0], [2185.0, 1178.0], [2185.25, 2.0], [2186.0, 59706.0], [2186.25, 4713.0], [2186.5, 40000.0]]}}}
{"jsonrpc": "2.0", "method": "subscription", "params": {"channel": "book.ETH-13FEB26.none.20.100ms", "data": {"timestamp": 1770238085854, "change_id": 107698370153, "instrument_name": "ETH-13FEB26", "bids": [[2171.25, 1275.0], [2171.0, 4416.0], [2170.25, 239.0], [2170.0, 800.0], [2169.75, 239.0], [2169.5, 800.0], [2169.25, 2961.0], [2169.0, 7239.0], [2168.25, 1805.0], [2168.0, 5373.0], [2167.75, 1178.0], [2167.25, 6394.0], [2167.0, 21420.0], [2166.5, 4869.0], [2166.0, 15426.0], [2164.75, 4714.0], [2164.5, 71140.0], [2164.25, 30588.0], [2160.75, 40000.0], [2160.0, 30.0]], "asks": [[2172.0, 1425.0], [2172.5, 1316.0], [2172.75, 4511.0], [2175.0, 2121.0], [2175.25, 7104.0], [2175.75, 1462.0], [2176.0, 4899.0], [2177.75, 15001.0], [2178.5, 40000.0], [2178.75, 152.0], [2179.0, 50844.0], [2182.0, 29587.0], [2182.75, 30070.0], [2183.0, 41178.0], [2184.0, 41.0], [2186.0, 30647.0], [2186.75, 45.0], [2187.0, 5213.0], [2189.5, 60151.0], [2192.0, 30.0]]}}}
{"jsonrpc": "2.0", "method": "subscription", "params": {"channel": "book.ETH-13FEB26.none.20.100ms", "data": {"timestamp": 1770238086193, "change_id": 107698370656, "instrument_name": "ETH-13FEB26", "bids": [[2171.25, 1275.0], [2171.0, 4416.0], [2170.5, 800.0], [2170.25, 239.0], [2170.0, 800.0], [2169.75, 239.0], [2169.5, 800.0], [2169.25, 2961.0], [2169.0, 7239.0], [2168.25, 1805.0], [2168.0, 5373.0], [2167.75, 1178.0], [2167.25, 6394.0], [2167.0, 21420.0], [2166.5, 4869.0], [2166.0, 15426.0], [2164.75, 4714.0], [2164.5, 71140.0], [2164.25, 30588.0], [2160.75, 40000.0]], "asks": [[2172.0, 1425.0], [2172.5, 1316.0], [2172.75, 3711.0], [2175.0, 2121.0], [2175.25, 7104.0], [2175.75, 1462.0], [2176.0, 4899.0], [2177.75, 15001.0], [2178.5, 40000.0], [2178.75, 152.0], [2179.0, 50844.0], [2182.0, 29587.0], [2182.75, 30070.0], [2183.0, 41178.0], [2184.0, 41.0], [2186.0, 30647.0], [2186.75, 45.0], [2187.0, 5213.0], [2189.5, 60151.0], [2192.0, 30.0]]}}}
{"jsonrpc": "2.0", "method": "subscription", "params": {"channel": "book.ETH-6FEB26.none.20.100ms", "data": {"timestamp": 1770238086038, "change_id": 107698370435, "instrument_name": "ETH-6FEB26", "bids": [[2169.25, 705.0], [2168.5, 4728.0], [2167.5, 9804.0], [2167.25, 7087.0], [2166.75, 1178.0], [2166.25, 21420.0], [2165.25, 20292.0], [2164.75, 4714.0], [2162.75, 40400.0], [2162.5, 19976.0], [2162.0, 79338.0], [2160.0, 18857.0], [2159.75, 40000.0], [2159.5, 45.0], [2157.75, 58766.0], [2156.0, 2.0], [2154.25, 40000.0], [2154.0, 58366.0], [2153.0, 11.0], [2152.0, 40808.0]], "asks": [[2170.0, 1825.0], [2170.25, 4928.0], [2170.5, 358.0], [2170.75, 1200.0], [2173.0, 2187.0], [2173.25, 7328.0], [2174.5, 20202.0], [2176.25, 40000.0], [2176.75, 60812.0], [2177.0, 40708.0], [2179.0, 19645.0], [2181.0, 40000.0], [2181.25, 59126.0], [2185.0, 1178.0], [2185.25, 2.0], [2186.0, 59706.0], [2186.25, 4713.0], [2186.5, 40000.0], [2189.0, 39841.0], [2200.0, 39986.0]]}}}
{"jsonrpc": "2.0", "method": "subscription", "params": {"channel": "book.ETH-13FEB26.none.20.100ms", "data": {"timestamp": 1770238086351, "change_id": 107698370850, "instrument_name": "ETH-13FEB26", "bids": [[2171.25, 1010.0], [2171.0, 4417.0], [2170.75, 239.0], [2170.5, 800.0], [2170.25, 239.0], [2170.0, 800.0], [2169.75, 239.0], [2169.5, 800.0], [2169.25, 2961.0], [2169.0, 7239.0], [2168.25, 1805.0], [2168.0, 5373.0], [2167.75, 1178.0], [2167.25, 6394.0], [2167.0, 21420.0], [2166.5, 4869.0], [2166.0, 15426.0], [2164.75, 4714.0], [2164.5, 71140.0], [2164.25, 30588.0]], "asks": [[2172.0, 1425.0], [2172.5, 1108.0], [2172.75, 3712.0], [2175.0, 2121.0], [2175.25, 7104.0], [2175.75, 1462.0], [2176.0, 4899.0], [2177.75, 15001.0], [2178.5, 40000.0], [2178.75, 152.0], [2179.0, 50844.0], [2182.0, 29587.0], [2182.75, 30070.0], [2183.0, 41178.0], [2184.0, 41.0], [2186.0, 30647.0], [2186.75, 45.0], [2187.0, 5213.0], [2189.5, 60151.0], [2192.0, 30.0]]}}}
{"jsonrpc": "2.0", "method": "subscription", "params": {"channel": "book.ETH-6FEB26.none.20.100ms", "data": {"timestamp": 1770238086341, "change_id": 107698370831, "instrument_name": "ETH-6FEB26", "bids": [[2169.25, 705.0], [2168.75, 3729.0], [2168.5, 1000.0], [2167.5, 9804.0], [2167.25, 7087.0], [2166.75, 1178.0], [2166.25, 21420.0], [2165.25, 20292.0], [2164.75, 4714.0], [2162.75, 40400.0], [2162.5, 19976.0], [2162.0, 79338.0], [2160.0, 18857.0], [2159.75, 40000.0], [2159.5, 45.0], [2157.75, 58766.0], [2156.0, 2.0], [2154.25, 40000.0], [2154.0, 58366.0], [2153.0, 11.0]], "asks": [[2170.0, 1825.0], [2170.25, 2313.0], [2170.5, 3729.0], [2173.0, 2187.0], [2173.25, 7328.0], [2174.25, 6030.0], [2174.5, 20202.0], [2176.25, 40000.0], [2176.75, 60812.0], [2177.0, 40708.0], [2179.0, 19645.0], [2181.0, 40000.0], [2181.25, 59126.0], [2185.0, 1178.0], [2185.25, 2.0], [2186.0, 59706.0], [2186.25, 4713.0], [2186.5, 40000.0], [2189.0, 39841.0], [2200.0, 39986.0]]}}}
{"jsonrpc": "2.0", "method": "subscription", "params": {"channel": "book.ETH-13FEB26.none.20.100ms", "data": {"timestamp": 1770238086844, "change_id": 107698371619, "instrument_name": "ETH-13FEB26", "bids": [[2171.25, 800.0], [2171.0, 4337.0], [2170.75, 239.0], [2170.5, 880.0], [2170.25, 239.0], [2170.0, 800.0], [2169.75, 239.0], [2169.5, 800.0], [2169.25, 2961.0], [2169.0, 7239.0], [2168.25, 1805.0], [2168.0, 5373.0], [2167.75, 1178.0], [2167.25, 6394.0], [2167.0, 21420.0], [2166.5, 4869.0], [2166.0, 15426.0], [2164.75, 4714.0], [2164.5, 71140.0], [2164.25, 30588.0]], "asks": [[2171.75, 425.0], [2172.0, 1425.0], [2172.5, 1108.0], [2172.75, 3712.0], [2175.0, 2121.0], [2175.25, 7104.0], [2175.75, 1462.0], [2176.0, 4899.0], [2177.75, 15001.0], [2178.5, 40000.0], [2178.75, 152.0], [2179.0, 50844.0], [2182.0, 29587.0], [2182.75, 30070.0], [2183.0, 41178.0], [2184.0, 41.0], [2186.0, 30647.0], [2186.75, 45.0], [2187.0, 5213.0], [2189.5, 60151.0]]}}}
{"jsonrpc": "2.0", "method": "subscription", "params": {"channel": "book.ETH-6FEB26.none.20.100ms", "data": {"timestamp": 1770238086843, "change_id": 107698371618, "instrument_name": "ETH-6FEB26", "bids": [[2168.75, 4434.0], [2168.5, 1000.0], [2167.5, 9804.0], [2167.25, 7087.0], [2166.75, 1178.0], [2166.25, 21420.0], [2165.25, 20292.0], [2164.75, 4714.0], [2162.75, 40400.0], [2162.5, 19976.0], [2162.0, 79338.0], [2160.0, 18857.0], [2159.75, 40000.0], [2159.5, 45.0], [2157.75, 58766.0], [2156.0, 2.0], [2154.25, 40000.0], [2154.0, 58366.0], [2153.0, 11.0], [2152.0, 40808.0]], "asks": [[2170.0, 2183.0], [2170.25, 2313.0], [2170.5, 3729.0], [2173.0, 2187.0], [2173.25, 7328.0], [2174.25, 6030.0], [2174.5, 20202.0], [2176.25, 40000.0], [2176.75, 60812.0], [2177.0, 40708.0], [2179.0, 19645.0], [2181.0, 40000.0], [2181.25, 59126.0], [2185.0, 1178.0], [2185.25, 2.0], [2186.0, 59706.0], [2186.25, 4713.0], [2186.5, 40000.0], [2189.0, 39841.0], [2200.0, 39986.0]]}}}
{"jsonrpc": "2.0", "method": "subscription", "params": {"channel": "book.ETH-13FEB26.none.20.100ms", "data": {"timestamp": 1770238087181, "change_id": 107698372324, "instrument_name": "ETH-13FEB26", "bids": [[2171.25, 800.0], [2171.0, 800.0], [2170.75, 1039.0], [2170.5, 5217.0], [2170.25, 239.0], [2170.0, 800.0], [2169.75, 239.0], [2169.5, 1039.0], [2169.25, 2961.0], [2169.0, 7239.0], [2168.25, 1805.0], [2168.0, 5373.0], [2167.75, 1178.0], [2167.25, 6394.0], [2167.0, 21420.0], [2166.5, 4869.0], [2166.0, 15426.0], [2164.75, 4714.0], [2164.5, 71140.0], [2164.25, 30588.0]], "asks": [[2171.75, 864.0], [2172.0, 1908.0], [2172.25, 3712.0], [2175.0, 2121.0], [2175.25, 7104.0], [2175.75, 1462.0], [2176.0, 4899.0], [2177.75, 15001.0], [2178.5, 40000.0], [2178.75, 152.0], [2179.0, 50844.0], [2182.0, 29587.0], [2182.75, 30070.0], [2183.0, 41178.0], [2184.0, 41.0], [2186.0, 30647.0], [2186.75, 45.0], [2187.0, 5213.0], [2189.5, 60151.0], [2192.0, 30.0]]}}}
{"jsonrpc": "2.0", "method": "subscription", "params": {"channel": "book.ETH-6FEB26.none.20.100ms", "data": {"timestamp": 1770238086967, "change_id": 107698372020, "instrument_name": "ETH-6FEB26", "bids": [[2168.75, 705.0], [2168.5, 1000.0], [2168.25, 3729.0], [2167.5, 9804.0], [2167.25, 7087.0], [2166.75, 1178.0], [2166.25, 21420.0], [2165.25, 20292.0], [2164.75, 4714.0], [2162.75, 40400.0], [2162.5, 19976.0], [2162.0, 79338.0], [2160.0, 18857.0], [2159.75, 40000.0], [2159.5, 45.0], [2157.75, 58766.0], [2156.0, 2.0], [2154.25, 40000.0], [2154.0, 58366.0], [2153.0, 11.0]], "asks": [[2169.75, 3394.0], [2170.0, 5287.0], [2170.25, 1200.0], [2173.0, 2187.0], [2173.25, 7328.0], [2174.25, 6030.0], [2174.5, 20202.0], [2176.25, 40000.0], [2176.75, 60812.0], [2177.0, 40708.0], [2179.0, 19645.0], [2181.0, 40000.0], [2181.25, 59126.0], [2185.0, 1178.0], [2185.25, 2.0], [2186.0, 59706.0], [2186.25, 4713.0], [2186.5, 40000.0], [2189.0, 39841.0], [2200.0, 39986.0]]}}}
{"jsonrpc": "2.0", "method": "subscription", "params": {"channel": "book.ETH-6FEB26.none.20.100ms", "data": {"timestamp": 1770238087320, "change_id": 107698372456, "instrument_name": "ETH-6FEB26", "bids": [[2168.75, 705.0], [2168.5, 1000.0], [2168.25, 3729.0], [2167.5, 9804.0], [2167.25, 7087.0], [2166.75, 1178.0], [2166.25, 21420.0], [2165.5, 20292.0], [2164.75, 4714.0], [2162.75, 40400.0], [2162.5, 19976.0], [2162.0, 79338.0], [2160.0, 18857.0], [2159.75, 40000.0], [2159.5, 45.0], [2157.75, 58766.0], [2156.0, 2.0], [2154.25, 40000.0], [2154.0, 58366.0], [2153.0, 11.0]], "asks": [[2169.5, 1200.0], [2169.75, 2938.0], [2170.0, 3729.0], [2173.0, 2187.0], [2173.25, 7328.0], [2174.25, 6030.0], [2174.5, 20202.0], [2176.25, 40000.0], [2176.75, 60812.0], [2177.0, 40708.0], [2179.0, 19645.0], [2181.0, 40000.0], [2181.25, 59126.0], [2185.0, 1178.0], [2185.25, 2.0], [2186.0, 59706.0], [2186.25, 4713.0], [2186.5, 40000.0], [2189.0, 39841.0], [2200.0, 39986.0]]}}}
{"jsonrpc": "2.0", "method": "subscription", "params": {"channel": "book.ETH-13FEB26.none.20.100ms", "data": {"timestamp": 1770238088170, "change_id": 107698373588, "instrument_name": "ETH-13FEB26", "bids": [[2171.25, 800.0], [2171.0, 800.0], [2170.75, 1839.0], [2170.5, 5217.0], [2170.25, 239.0], [2170.0, 800.0], [2169.75, 239.0], [2169.5, 1039.0], [2169.25, 2961.0], [2169.0, 7239.0], [2168.25, 1805.0], [2168.0, 5373.0], [2167.75, 1178.0], [2167.25, 6394.0], [2167.0, 21420.0], [2166.5, 4869.0], [2166.0, 15426.0], [2164.75, 4714.0], [2164.5, 71140.0], [2164.25, 30588.0]], "asks": [[2171.75, 864.0], [2172.0, 1908.0], [2172.25, 3712.0], [2175.0, 2121.0], [2175.25, 7104.0], [2175.75, 1462.0], [2176.0, 4899.0], [2177.75, 15001.0], [2178.5, 40000.0], [2178.75, 152.0], [2179.0, 50844.0], [2182.0, 29587.0], [2182.75, 30070.0], [2183.0, 41178.0], [2184.0, 41.0], [2186.0, 30647.0], [2186.75, 45.0], [2187.0, 5213.0], [2189.5, 60151.0], [2192.0, 30.0]]}}}
{"jsonrpc": "2.0", "method": "subscription", "params": {"channel": "book.ETH-13FEB26.none.20.100ms", "data": {"timestamp": 1770238088505, "change_id": 107698374635, "instrument_name": "ETH-13FEB26", "bids": [[2170.75, 800.0], [2170.5, 4512.0], [2170.25, 239.0], [2170.0, 880.0], [2169.75, 239.0], [2169.5, 1039.0], [2169.25, 800.0], [2168.25, 1805.0], [2168.0, 5373.0], [2167.75, 1178.0], [2167.5, 2076.0], [2167.25, 13350.0], [2167.0, 21420.0], [2166.5, 4869.0], [2166.0, 15426.0], [2164.75, 4714.0], [2164.5, 71140.0], [2164.25, 30588.0], [2160.75, 40000.0], [2160.0, 30.0]], "asks": [[2171.5, 625.0], [2171.75, 239.0], [2172.0, 4512.0], [2175.0, 2121.0], [2175.25, 7104.0], [2175.75, 1462.0], [2176.0, 4899.0], [2177.75, 15001.0], [2178.5, 40000.0], [2178.75, 152.0], [2179.0, 50844.0], [2182.0, 29587.0], [2182.75, 30070.0], [2183.0, 41178.0], [2184.0, 41.0], [2186.0, 30647.0], [2186.75, 45.0], [2187.0, 5213.0], [2189.5, 60151.0], [2192.0, 30.0]]}}}
{"jsonrpc": "2.0", "method": "subscription", "params": {"channel": "book.ETH-6FEB26.none.20.100ms", "data": {"timestamp": 1770238088507, "change_id": 107698374646, "instrument_name": "ETH-6FEB26", "bids": [[2168.25, 705.0], [2167.75, 3729.0], [2167.0, 9804.0], [2166.75, 1178.0], [2165.75, 20292.0], [2165.5, 7071.0], [2164.75, 4714.0], [2162.75, 40400.0], [2162.5, 19976.0], [2162.0, 79338.0], [2160.0, 18857.0], [2159.75, 40000.0], [2159.5, 45.0], [2157.75, 58766.0], [2156.0, 2.0], [2154.25, 40000.0], [2154.0, 58366.0], [2153.0, 11.0], [2152.0, 40808.0], [2144.25, 38942.0]], "asks": [[2169.25, 2788.0], [2169.5, 5912.0], [2169.75, 1200.0], [2173.0, 2187.0], [2173.25, 7328.0], [2174.25, 6030.0], [2174.5, 20202.0], [2175.5, 400.0], [2176.25, 40000.0], [2176.75, 60812.0], [2177.0, 40308.0], [2179.0, 19645.0], [2181.0, 40000.0], [2181.25, 59126.0], [2185.0, 1178.0], [2185.25, 2.0], [2186.0, 59706.0], [2186.25, 4713.0], [2186.5, 40000.0], [2189.0, 39841.0]]}}}
{"jsonrpc": "2.0", "method": "subscription", "params": {"channel": "book.ETH-13FEB26.none.20.100ms", "data": {"timestamp": 1770238088651, "change_id": 107698376549, "instrument_name": "ETH-13FEB26", "bids": [[2170.5, 800.0], [2170.0, 5137.0], [2169.75, 319.0], [2169.5, 1039.0], [2169.25, 800.0], [2168.0, 352.0], [2167.75, 1178.0], [2167.5, 2076.0], [2167.25, 13350.0], [2167.0, 21420.0], [2165.25, 15426.0], [2164.75, 4714.0], [2164.5, 71140.0], [2164.25, 30588.0], [2160.75, 40000.0], [2160.0, 30.0], [2159.75, 29993.0], [2158.25, 2.0], [2157.5, 40000.0], [2155.25, 18857.0]], "asks": [[2171.0, 625.0], [2171.25, 1108.0], [2171.5, 3712.0], [2171.75, 239.0], [2172.0, 800.0], [2173.5, 2211.0], [2173.75, 7406.0], [2174.5, 1453.0], [2174.75, 4869.0], [2176.0, 30.0], [2177.5, 400.0], [2177.75, 15001.0], [2178.5, 40000.0], [2178.75, 29739.0], [2179.0, 50444.0], [2183.0, 41178.0], [2184.0, 41.0], [2186.0, 30647.0], [2186.75, 45.0], [2187.0, 5213.0]]}}}
{"jsonrpc": "2.0", "method": "subscription", "params": {"channel": "book.ETH-6FEB26.none.20.100ms", "data": {"timestamp": 1770238088829, "change_id": 107698376506, "instrument_name": "ETH-6FEB26", "bids": [[2168.0, 1280.0], [2167.75, 4729.0], [2165.5, 7071.0], [2165.0, 20292.0], [2164.75, 5892.0], [2163.0, 21395.0], [2162.75, 40400.0], [2162.0, 39074.0], [2160.0, 18857.0], [2159.5, 45.0], [2157.75, 58766.0], [2157.5, 40000.0], [2156.0, 2.0], [2154.25, 40000.0], [2154.0, 58366.0], [2153.0, 11.0], [2152.0, 40808.0], [2144.25, 38942.0], [2136.25, 39700.0], [2121.5, 19464.0]], "asks": [[2169.0, 1745.0], [2169.25, 3413.0], [2169.5, 5287.0], [2169.75, 1200.0], [2171.75, 2128.0], [2172.0, 7128.0], [2172.75, 6030.0], [2173.0, 22389.0], [2175.5, 400.0], [2176.25, 40000.0], [2176.75, 60812.0], [2177.0, 40308.0], [2179.0, 19645.0], [2181.0, 40000.0], [2181.25, 59126.0], [2185.0, 1178.0], [2185.25, 2.0], [2186.0, 59706.0], [2186.25, 4713.0], [2186.5, 40000.0]]}}}
{"jsonrpc": "2.0", "method": "subscription", "params": {"channel": "book.ETH-13FEB26.none.20.100ms", "data": {"timestamp": 1770238089161, "change_id": 107698377675, "instrument_name": "ETH-13FEB26", "bids": [[2170.5, 800.0], [2170.0, 5137.0], [2169.75, 80.0], [2168.5, 239.0], [2168.25, 800.0], [2168.0, 352.0], [2167.75, 1178.0], [2167.5, 2076.0], [2167.25, 6956.0], [2165.5, 4605.0], [2165.25, 15426.0], [2164.75, 4714.0], [2164.5, 71140.0], [2164.25, 30588.0], [2162.75, 21391.0], [2160.75, 40000.0], [2160.0, 30.0], [2159.75, 29993.0], [2158.25, 2.0], [2157.5, 40000.0]], "asks": [[2171.0, 625.0], [2171.25, 1108.0], [2171.5, 3712.0], [2173.5, 2211.0], [2173.75, 7406.0], [2174.5, 1453.0], [2174.75, 4869.0], [2176.0, 30.0], [2177.5, 400.0], [2177.75, 15001.0], [2178.5, 40000.0], [2178.75, 29589.0], [2179.0, 50444.0], [2182.5, 30070.0], [2183.0, 41178.0], [2184.0, 41.0], [2186.0, 30647.0], [2186.25, 40000.0], [2186.75, 45.0], [2187.0, 5213.0]]}}}
{"jsonrpc": "2.0", "method": "subscription", "params": {"channel": "book.ETH-6FEB26.none.20.100ms", "data": {"timestamp": 1770238089011, "change_id": 107698377266, "instrument_name": "ETH-6FEB26", "bids": [[2168.0, 1905.0], [2167.75, 4729.0], [2165.75, 9804.0], [2165.5, 7071.0], [2165.0, 20292.0], [2164.75, 5892.0], [2163.0, 21395.0], [2162.75, 40400.0], [2162.0, 39074.0], [2161.75, 19976.0], [2160.5, 40264.0], [2160.0, 18857.0], [2159.5, 45.0], [2157.75, 58766.0], [2157.5, 40000.0], [2156.0, 2.0], [2154.25, 40000.0], [2154.0, 58366.0], [2153.0, 11.0], [2152.0, 40808.0]], "asks": [[2169.0, 1825.0], [2169.25, 2788.0], [2169.5, 5287.0], [2169.75, 1200.0], [2171.75, 2128.0], [2172.0, 7128.0], [2172.75, 6030.0], [2173.0, 22389.0], [2175.5, 400.0], [2176.25, 40000.0], [2176.75, 60812.0], [2177.0, 40308.0], [2179.0, 19645.0], [2181.0, 40000.0], [2181.25, 59126.0], [2185.0, 1178.0], [2185.25, 2.0], [2186.0, 59706.0], [2186.25, 4713.0], [2186.5, 40000.0]]}}}
{"jsonrpc": "2.0", "method": "subscription", "params": {"channel": "book.ETH-13FEB26.none.20.100ms", "data": {"timestamp": 1770238089418, "change_id": 107698378391, "instrument_name": "ETH-13FEB26", "bids": [[2170.5, 800.0], [2170.0, 5137.0], [2169.75, 80.0], [2168.5, 239.0], [2168.25, 800.0], [2167.5, 2076.0], [2167.25, 6956.0], [2165.5, 4605.0], [2165.25, 15426.0], [2164.75, 5892.0], [2164.5, 71140.0], [2164.25, 30588.0], [2162.75, 21391.0], [2160.75, 40000.0], [2160.0, 30.0], [2159.75, 29993.0], [2158.25, 2.0], [2157.5, 40000.0], [2155.25, 18857.0], [2155.0, 45.0]], "asks": [[2171.0, 625.0], [2171.25, 1108.0], [2171.5, 3712.0], [2173.5, 2211.0], [2173.75, 7406.0], [2174.5, 1453.0], [2174.75, 4869.0], [2176.0, 30.0], [2177.5, 400.0], [2177.75, 15001.0], [2178.5, 40000.0], [2178.75, 29589.0], [2179.0, 50444.0], [2182.5, 30070.0], [2183.0, 41178.0], [2184.0, 41.0], [2186.0, 30647.0], [2186.25, 40000.0], [2186.75, 45.0], [2187.0, 5213.0]]}}}
{"jsonrpc": "2.0", "method": "subscription", "params": {"channel": "book.ETH-6FEB26.none.20.100ms", "data": {"timestamp": 1770238089418, "change_id": 107698378390, "instrument_name": "ETH-6FEB26", "bids": [[2168.0, 1905.0], [2167.75, 4729.0], [2166.0, 1200.0], [2165.75, 9804.0], [2165.5, 7071.0], [2165.0, 20292.0], [2164.75, 1178.0], [2163.75, 4714.0], [2163.0, 21395.0], [2162.75, 40400.0], [2162.0, 39074.0], [2161.75, 19976.0], [2160.5, 40264.0], [2159.5, 45.0], [2158.0, 18857.0], [2157.75, 58766.0], [2157.5, 40000.0], [2156.0, 2.0], [2154.25, 40000.0], [2154.0, 58366.0]], "asks": [[2169.0, 2183.0], [2169.25, 2243.0], [2169.5, 3729.0], [2171.75, 2128.0], [2172.0, 7128.0], [2172.75, 6030.0], [2173.0, 22389.0], [2175.5, 400.0], [2176.25, 40000.0], [2176.75, 60812.0], [2177.0, 40308.0], [2179.0, 19645.0], [2181.0, 40000.0], [2181.25, 59126.0], [2185.0, 1178.0], [2185.25, 2.0], [2186.0, 59706.0], [2186.25, 4713.0], [2186.5, 40000.0], [2189.0, 39841.0]]}}}
{"jsonrpc": "2.0", "method": "subscription", "params": {"channel": "book.ETH-13FEB26.none.20.100ms", "data": {"timestamp": 1770238089606, "change_id": 107698379191, "instrument_name": "ETH-13FEB26", "bids": [[2170.5, 800.0], [2170.0, 5137.0], [2169.75, 80.0], [2168.5, 239.0], [2168.25, 800.0], [2167.5, 2076.0], [2167.25, 6956.0], [2165.5, 4605.0], [2165.25, 15426.0], [2164.5, 71140.0], [2164.25, 30588.0], [2162.75, 21391.0], [2160.75, 40000.0], [2160.0, 30.0], [2159.75, 29993.0], [2158.25, 2.0], [2157.5, 40000.0], [2155.0, 45.0], [2154.5, 11.0], [2154.0, 29960.0]], "asks": [[2171.0, 625.0], [2171.25, 1108.0], [2171.5, 3712.0], [2173.5, 2211.0], [2173.75, 7406.0], [2174.5, 1453.0], [2174.75, 4869.0], [2175.75, 150.0], [2176.0, 30.0], [2177.5, 400.0], [2177.75, 15001.0], [2178.5, 40000.0], [2178.75, 29589.0], [2179.0, 50444.0], [2182.5, 30070.0], [2183.0, 41178.0], [2184.0, 41.0], [2186.0, 30647.0], [2186.25, 40000.0], [2186.75, 45.0]]}}}
{"jsonrpc": "2.0", "method": "subscription", "params": {"channel": "book.ETH-6FEB26.none.20.100ms", "data": {"timestamp": 1770238089606, "change_id": 107698379195, "instrument_name": "ETH-6FEB26", "bids": [[2168.0, 1905.0], [2167.75, 4729.0], [2166.0, 1200.0], [2165.75, 9804.0], [2165.5, 7071.0], [2165.0, 20292.0], [2163.0, 21395.0], [2162.75, 40400.0], [2162.0, 39074.0], [2161.75, 19976.0], [2160.5, 40264.0], [2159.5, 45.0], [2157.75, 58766.0], [2157.5, 40000.0], [2156.0, 2.0], [2154.25, 40000.0], [2154.0, 58366.0], [2153.0, 11.0], [2152.0, 40808.0], [2144.25, 38942.0]], "asks": [[2169.0, 2183.0], [2169.25, 2243.0], [2169.5, 3729.0], [2171.75, 2128.0], [2172.0, 7128.0], [2172.75, 6030.0], [2173.0, 22389.0], [2175.5, 400.0], [2176.25, 40000.0], [2176.75, 60812.0], [2177.0, 40308.0], [2179.0, 19645.0], [2181.0, 40000.0], [2181.25, 59126.0], [2185.0, 1178.0], [2185.25, 2.0], [2186.0, 59706.0], [2186.25, 4713.0], [2186.5, 40000.0], [2189.0, 39841.0]]}}}
{"jsonrpc": "2.0", "method": "subscription", "params": {"channel": "book.ETH-13FEB26.none.20.100ms", "data": {"timestamp": 1770238090150, "change_id": 107698380094, "instrument_name": "ETH-13FEB26", "bids": [[2170.5, 800.0], [2170.0, 5137.0], [2169.75, 80.0], [2169.0, 239.0], [2168.75, 800.0], [2167.5, 2076.0], [2167.25, 6956.0], [2165.5, 4605.0], [2165.25, 15426.0], [2164.5, 71140.0], [2164.25, 30588.0], [2162.75, 21391.0], [2160.75, 40000.0], [2160.0, 30.0], [2159.75, 29993.0], [2158.25, 2.0], [2157.5, 40000.0], [2155.0, 45.0], [2154.5, 11.0], [2154.0, 29960.0]], "asks": [[2171.0, 625.0], [2171.25, 1108.0], [2171.5, 3712.0], [2173.5, 2211.0], [2173.75, 7406.0], [2174.5, 1453.0], [2174.75, 4869.0], [2175.75, 150.0], [2176.0, 30.0], [2177.5, 400.0], [2177.75, 15001.0], [2178.5, 40000.0], [2178.75, 29589.0], [2179.0, 50444.0], [2182.5, 30070.0], [2183.0, 41178.0], [2184.0, 41.0], [2186.0, 30647.0], [2186.25, 40000.0], [2186.75, 45.0]]}}}
{"jsonrpc": "2.0", "method": "subscription", "params": {"channel": "book.ETH-6FEB26.none.20.100ms", "data": {"timestamp": 1770238090112, "change_id": 107698380049, "instrument_name": "ETH-6FEB26", "bids": [[2168.0, 1905.0], [2167.75, 4729.0], [2166.0, 1200.0], [2165.75, 9804.0], [2165.5, 7071.0], [2165.0, 20292.0], [2163.0, 21395.0], [2162.75, 40400.0], [2162.0, 39074.0], [2161.75, 19976.0], [2160.5, 40264.0], [2159.5, 45.0], [2157.75, 58766.0], [2157.5, 40000.0], [2156.0, 2.0], [2154.25, 40000.0], [2154.0, 58366.0], [2153.0, 11.0], [2152.0, 40808.0], [2144.25, 38942.0]], "asks": [[2169.0, 2183.0], [2169.25, 2243.0], [2169.5, 3729.0], [2171.75, 2128.0], [2172.0, 7128.0], [2172.75, 6030.0], [2173.0, 22389.0], [2175.5, 400.0], [2176.25, 40000.0], [2176.75, 60812.0], [2177.0, 40308.0], [2179.0, 19645.0], [2181.0, 40000.0], [2181.25, 59126.0], [2185.0, 1178.0], [2185.25, 2.0], [2186.0, 59706.0], [2186.25, 4713.0], [2186.5, 40000.0], [2189.0, 39841.0]]}}}
{"jsonrpc": "2.0", "method": "subscription", "params": {"channel": "book.ETH-6FEB26.none.20.100ms", "data": {"timestamp": 1770238090496, "change_id": 107698380729, "instrument_name": "ETH-6FEB26", "bids": [[2168.0, 1905.0], [2167.75, 4729.0], [2166.0, 1200.0], [2165.75, 11004.0], [2165.5, 7071.0], [2165.0, 20292.0], [2163.0, 21395.0], [2162.75, 40400.0], [2162.25, 4714.0], [2162.0, 39074.0], [2161.75, 19976.0], [2160.5, 40264.0], [2159.5, 45.0], [2157.75, 58766.0], [2157.5, 40000.0], [2156.0, 2.0], [2154.5, 18857.0], [2154.25, 40000.0], [2154.0, 58366.0], [2153.0, 11.0]], "asks": [[2169.0, 1825.0], [2169.25, 2243.0], [2169.5, 3729.0], [2171.75, 2128.0], [2172.0, 7128.0], [2172.75, 6030.0], [2173.0, 22389.0], [2175.5, 400.0], [2176.25, 40000.0], [2176.75, 60812.0], [2177.0, 40308.0], [2179.0, 19645.0], [2181.0, 40000.0], [2181.25, 59126.0], [2185.0, 1178.0], [2185.25, 2.0], [2186.0, 59706.0], [2186.25, 4713.0], [2186.5, 40000.0], [2189.0, 39841.0]]}}}
{"jsonrpc": "2.0", "method": "subscription", "params": {"channel": "book.ETH-13FEB26.none.20.100ms", "data": {"timestamp": 1770238090714, "change_id": 107698381835, "instrument_name": "ETH-13FEB26", "bids": [[2170.5, 4512.0], [2170.25, 888.0], [2170.0, 880.0], [2169.0, 239.0], [2168.75, 800.0], [2167.5, 2076.0], [2167.25, 6956.0], [2165.5, 4605.0], [2165.25, 15426.0], [2164.5, 71140.0], [2164.25, 30588.0], [2162.75, 21391.0], [2160.75, 40000.0], [2160.0, 30.0], [2159.75, 29993.0], [2158.25, 2.0], [2157.5, 40000.0], [2155.0, 45.0], [2154.5, 11.0], [2154.0, 29960.0]], "asks": [[2171.25, 625.0], [2171.75, 1108.0], [2172.0, 3712.0], [2174.5, 1453.0], [2174.75, 4869.0], [2175.0, 2190.0], [2175.25, 7336.0], [2175.75, 150.0], [2176.0, 30.0], [2177.5, 400.0], [2177.75, 15001.0], [2178.5, 40000.0], [2178.75, 29589.0], [2179.0, 50444.0], [2182.5, 30070.0], [2183.0, 41178.0], [2184.0, 41.0], [2186.0, 30647.0], [2186.25, 40000.0], [2186.75, 45.0]]}}}
{"jsonrpc": "2.0", "method": "subscription", "params": {"channel": "book.ETH-6FEB26.none.20.100ms", "data": {"timestamp": 1770238090631, "change_id": 107698381583, "instrument_name": "ETH-6FEB26", "bids": [[2168.25, 1905.0], [2168.0, 1200.0], [2167.75, 4729.0], [2166.25, 9804.0], [2166.0, 1200.0], [2165.75, 1200.0], [2165.5, 7071.0], [2163.25, 20292.0], [2163.0, 21395.0], [2162.75, 40400.0], [2162.25, 4714.0], [2162.0, 39074.0], [2161.75, 19976.0], [2160.5, 40264.0], [2159.5, 45.0], [2157.75, 58766.0], [2157.5, 40000.0], [2156.0, 2.0], [2154.5, 18857.0], [2154.25, 40000.0]], "asks": [[2169.25, 1200.0], [2169.5, 4354.0], [2172.75, 6030.0], [2173.0, 22389.0], [2173.25, 2227.0], [2173.5, 7459.0], [2175.5, 400.0], [2176.25, 40000.0], [2176.75, 60812.0], [2177.0, 40308.0], [2179.0, 19645.0], [2181.0, 40000.0], [2181.25, 59126.0], [2185.0, 1178.0], [2185.25, 2.0], [2186.0, 59706.0], [2186.25, 4713.0], [2186.5, 40000.0], [2189.0, 39841.0], [2200.0, 39986.0]]}}}
{"jsonrpc": "2.0", "method": "subscription", "params": {"channel": "book.ETH-13FEB26.none.20.100ms", "data": {"timestamp": 1770238091138, "change_id": 107698382757, "instrument_name": "ETH-13FEB26", "bids": [[2170.5, 4512.0], [2170.25, 625.0], [2170.0, 80.0], [2169.5, 239.0], [2169.25, 800.0], [2167.5, 2076.0], [2167.25, 6956.0], [2165.5, 4605.0], [2165.25, 15426.0], [2164.5, 71140.0], [2164.25, 30588.0], [2162.75, 21391.0], [2160.75, 40000.0], [2160.0, 30.0], [2159.75, 29993.0], [2158.25, 2.0], [2157.5, 40000.0], [2155.0, 45.0], [2154.5, 11.0], [2154.0, 29960.0]], "asks": [[2171.25, 625.0], [2171.75, 1108.0], [2172.0, 3712.0], [2173.75, 2209.0], [2174.0, 7401.0], [2174.5, 1453.0], [2174.75, 4869.0], [2175.75, 150.0], [2176.0, 30.0], [2177.5, 400.0], [2177.75, 15001.0], [2178.5, 40000.0], [2178.75, 29589.0], [2179.0, 50444.0], [2182.5, 30070.0], [2183.0, 41178.0], [2184.0, 41.0], [2186.0, 30647.0], [2186.25, 40000.0], [2186.75, 45.0]]}}}
{"jsonrpc": "2.0", "method": "subscription", "params": {"channel": "book.ETH-6FEB26.none.20.100ms", "data": {"timestamp": 1770238090951, "change_id": 107698382260, "instrument_name": "ETH-6FEB26", "bids": [[2168.25, 1905.0], [2168.0, 1200.0], [2167.75, 4729.0], [2166.25, 9804.0], [2166.0, 1200.0], [2165.75, 1200.0], [2165.5, 7071.0], [2164.5, 1178.0], [2163.25, 20292.0], [2163.0, 21395.0], [2162.75, 40400.0], [2162.25, 4714.0], [2162.0, 39074.0], [2161.75, 19976.0], [2160.5, 40264.0], [2159.5, 45.0], [2157.75, 58766.0], [2157.5, 40000.0], [2156.0, 2.0], [2154.5, 18857.0]], "asks": [[2169.25, 1825.0], [2169.5, 3729.0], [2172.0, 2170.0], [2172.25, 7271.0], [2172.75, 6030.0], [2173.0, 22389.0], [2175.5, 400.0], [2176.25, 40000.0], [2176.75, 60812.0], [2177.0, 40308.0], [2179.0, 19645.0], [2181.0, 40000.0], [2181.25, 59126.0], [2185.0, 1178.0], [2185.25, 2.0], [2186.0, 59706.0], [2186.25, 4713.0], [2186.5, 40000.0], [2189.0, 39841.0], [2200.0, 39986.0]]}}}
{"jsonrpc": "2.0", "method": "subscription", "params": {"channel": "book.ETH-13FEB26.none.20.100ms", "data": {"timestamp": 1770238091475, "change_id": 107698383276, "instrument_name": "ETH-13FEB26", "bids": [[2170.5, 4512.0], [2170.25, 625.0], [2170.0, 80.0], [2169.5, 239.0], [2169.25, 800.0], [2167.5, 2076.0], [2167.25, 6956.0], [2165.5, 4605.0], [2165.25, 15426.0], [2164.5, 71140.0], [2164.25, 30588.0], [2162.75, 21391.0], [2161.0, 4714.0], [2160.75, 40000.0], [2160.0, 30.0], [2159.75, 29993.0], [2158.25, 2.0], [2157.5, 40000.0], [2155.0, 45.0], [2154.5, 11.0]], "asks": [[2171.25, 625.0], [2171.75, 1108.0], [2172.0, 3712.0], [2173.75, 2209.0], [2174.0, 7401.0], [2174.5, 1453.0], [2174.75, 4869.0], [2175.75, 150.0], [2176.0, 30.0], [2177.5, 400.0], [2177.75, 15001.0], [2178.5, 40000.0], [2178.75, 29589.0], [2179.0, 50444.0], [2182.5, 30070.0], [2183.0, 41178.0], [2184.0, 41.0], [2186.0, 30647.0], [2186.25, 40000.0], [2186.75, 45.0]]}}}
{"jsonrpc": "2.0", "method": "subscription", "params": {"channel": "book.ETH-6FEB26.none.20.100ms", "data": {"timestamp": 1770238091272, "change_id": 107698382935, "instrument_name": "ETH-6FEB26", "bids": [[2168.25, 1905.0], [2168.0, 1200.0], [2167.75, 4729.0], [2166.5, 1200.0], [2166.25, 9804.0], [2166.0, 1200.0], [2165.75, 1200.0], [2165.5, 7071.0], [2164.5, 1178.0], [2163.25, 20292.0], [2163.0, 21395.0], [2162.75, 40400.0], [2162.25, 4714.0], [2162.0, 39074.0], [2161.75, 19976.0], [2160.5, 40264.0], [2159.5, 45.0], [2157.75, 58766.0], [2157.5, 40000.0], [2156.0, 2.0]], "asks": [[2169.25, 2938.0], [2169.5, 3729.0], [2172.0, 2170.0], [2172.25, 7271.0], [2172.75, 6030.0], [2173.0, 22389.0], [2175.5, 400.0], [2176.25, 40000.0], [2176.75, 60812.0], [2177.0, 40308.0], [2179.0, 19645.0], [2181.0, 40000.0], [2181.25, 59126.0], [2185.0, 1178.0], [2185.25, 2.0], [2186.0, 59706.0], [2186.25, 4713.0], [2186.5, 40000.0], [2189.0, 39841.0], [2200.0, 39986.0]]}}}
{"jsonrpc": "2.0", "method": "subscription", "params": {"channel": "book.ETH-13FEB26.none.20.100ms", "data": {"timestamp": 1770238091818, "change_id": 107698383856, "instrument_name": "ETH-13FEB26", "bids": [[2170.5, 800.0], [2170.0, 80.0], [2169.75, 625.0], [2169.5, 239.0], [2169.25, 800.0], [2167.75, 1499.0], [2167.5, 7097.0], [2167.25, 6956.0], [2166.0, 1453.0], [2165.75, 4869.0], [2165.5, 4605.0], [2165.25, 15426.0], [2164.5, 71140.0], [2164.25, 30588.0], [2162.75, 21391.0], [2161.0, 4714.0], [2160.75, 40000.0], [2160.0, 30.0], [2159.75, 29993.0], [2158.25, 2.0]], "asks": [[2171.0, 625.0], [2171.75, 1108.0], [2172.0, 3712.0], [2173.75, 2209.0], [2174.0, 7401.0], [2174.5, 1453.0], [2174.75, 4869.0], [2175.75, 150.0], [2176.0, 30.0], [2177.5, 400.0], [2177.75, 15001.0], [2178.5, 40000.0], [2178.75, 29589.0], [2179.0, 50444.0], [2182.5, 30070.0], [2183.0, 41178.0], [2184.0, 41.0], [2186.0, 30647.0], [2186.25, 40000.0], [2186.75, 45.0]]}}}
{"jsonrpc": "2.0", "method": "subscription", "params": {"channel": "book.ETH-6FEB26.none.20.100ms", "data": {"timestamp": 1770238091761, "change_id": 107698383775, "instrument_name": "ETH-6FEB26", "bids": [[2168.25, 1905.0], [2168.0, 1200.0], [2167.75, 4729.0], [2166.5, 1200.0], [2166.25, 9804.0], [2166.0, 1200.0], [2165.75, 1200.0], [2165.5, 7071.0], [2164.5, 1178.0], [2163.75, 4714.0], [2163.25, 20292.0], [2163.0, 21395.0], [2162.75, 40400.0], [2162.0, 39074.0], [2161.75, 19976.0], [2160.5, 40264.0], [2159.5, 45.0], [2157.75, 58766.0], [2157.5, 40000.0], [2156.0, 2.0]], "asks": [[2169.25, 2938.0], [2169.5, 3729.0], [2172.0, 2170.0], [2172.25, 7271.0], [2172.75, 6030.0], [2173.0, 22389.0], [2175.5, 400.0], [2176.25, 40000.0], [2176.75, 60812.0], [2177.0, 40308.0], [2179.0, 19645.0], [2181.0, 40000.0], [2181.25, 59126.0], [2185.0, 1178.0], [2185.25, 2.0], [2186.0, 59706.0], [2186.25, 4713.0], [2186.5, 40000.0], [2189.0, 39841.0], [2200.0, 39986.0]]}}}
{"jsonrpc": "2.0", "method": "subscription", "params": {"channel": "book.ETH-13FEB26.none.20.100ms", "data": {"timestamp": 1770238092127, "change_id": 107698384425, "instrument_name": "ETH-13FEB26", "bids": [[2170.5, 800.0], [2170.25, 800.0], [2170.0, 4337.0], [2169.75, 80.0], [2167.75, 1499.0], [2167.5, 7097.0], [2167.25, 6956.0], [2166.0, 1453.0], [2165.75, 4869.0], [2165.5, 4605.0], [2165.25, 15426.0], [2164.75, 1178.0], [2164.5, 71140.0], [2164.25, 30588.0], [2162.75, 21391.0], [2161.0, 4714.0], [2160.75, 40000.0], [2160.0, 30.0], [2159.75, 29993.0], [2158.25, 2.0]], "asks": [[2171.0, 625.0], [2171.25, 1108.0], [2171.5, 3712.0], [2173.75, 2209.0], [2174.0, 7401.0], [2174.5, 1453.0], [2174.75, 4869.0], [2175.75, 150.0], [2176.0, 30.0], [2177.5, 400.0], [2177.75, 15001.0], [2178.5, 40000.0], [2178.75, 29589.0], [2179.0, 50444.0], [2182.5, 30070.0], [2183.0, 41178.0], [2184.0, 41.0], [2186.0, 30647.0], [2186.25, 40000.0], [2186.75, 45.0]]}}}
{"jsonrpc": "2.0", "method": "subscription", "params": {"channel": "book.ETH-6FEB26.none.20.100ms", "data": {"timestamp": 1770238091972, "change_id": 107698384156, "instrument_name": "ETH-6FEB26", "bids": [[2168.25, 1200.0], [2168.0, 1905.0], [2167.75, 4729.0], [2166.5, 1200.0], [2166.25, 9804.0], [2166.0, 1200.0], [2165.75, 1200.0], [2165.5, 7071.0], [2164.5, 1178.0], [2163.75, 4714.0], [2163.25, 20292.0], [2163.0, 21395.0], [2162.75, 40400.0], [2162.0, 39074.0], [2161.75, 19976.0], [2160.5, 40264.0], [2159.5, 45.0], [2157.75, 58766.0], [2157.5, 40000.0], [2156.0, 2.0]], "asks": [[2169.0, 1825.0], [2169.25, 2313.0], [2169.5, 3729.0], [2172.0, 2170.0], [2172.25, 7271.0], [2172.75, 6030.0], [2173.0, 22389.0], [2175.5, 400.0], [2176.25, 40000.0], [2176.75, 60812.0], [2177.0, 40308.0], [2179.0, 19645.0], [2181.0, 40000.0], [2181.25, 59126.0], [2185.0, 1178.0], [2185.25, 2.0], [2186.0, 59706.0], [2186.25, 4713.0], [2186.5, 40000.0], [2189.0, 39841.0]]}}}
{"jsonrpc": "2.0", "method": "subscription", "params": {"channel": "book.ETH-13FEB26.none.20.100ms", "data": {"timestamp": 1770238092447, "change_id": 107698384868, "instrument_name": "ETH-13FEB26", "bids": [[2170.5, 800.0], [2170.25, 1328.0], [2170.0, 4337.0], [2169.75, 80.0], [2167.75, 1499.0], [2167.5, 7097.0], [2167.25, 6956.0], [2166.0, 1453.0], [2165.75, 4869.0], [2165.5, 4605.0], [2165.25, 15426.0], [2164.75, 1178.0], [2164.5, 71140.0], [2164.25, 30588.0], [2162.75, 21391.0], [2161.0, 4714.0], [2160.75, 40000.0], [2160.0, 30.0], [2159.75, 29993.0], [2158.25, 2.0]], "asks": [[2171.0, 625.0], [2171.25, 1108.0], [2171.5, 3712.0], [2173.75, 2209.0], [2174.0, 7401.0], [2174.5, 1453.0], [2174.75, 4869.0], [2175.75, 150.0], [2176.0, 30.0], [2177.5, 400.0], [2177.75, 15001.0], [2178.5, 40000.0], [2178.75, 29589.0], [2179.0, 50444.0], [2182.5, 30070.0], [2183.0, 41178.0], [2184.0, 41.0], [2186.0, 30647.0], [2186.25, 40000.0], [2186.75, 45.0]]}}}
{"jsonrpc": "2.0", "method": "subscription", "params": {"channel": "book.ETH-6FEB26.none.20.100ms", "data": {"timestamp": 1770238092423, "change_id": 107698384859, "instrument_name": "ETH-6FEB26", "bids": [[2168.25, 1200.0], [2168.0, 1905.0], [2167.75, 4729.0], [2166.5, 1200.0], [2166.25, 9804.0], [2165.75, 1200.0], [2165.5, 7071.0], [2164.5, 1178.0], [2163.75, 4714.0], [2163.25, 20292.0], [2163.0, 21395.0], [2162.75, 40400.0], [2162.0, 39074.0], [2161.75, 19976.0], [2160.5, 40264.0], [2159.5, 45.0], [2157.75, 58766.0], [2157.5, 40000.0], [2156.0, 2.0], [2154.5, 18857.0]], "asks": [[2169.0, 1825.0], [2169.25, 2313.0], [2169.5, 3729.0], [2172.0, 2170.0], [2172.25, 7271.0], [2172.75, 6030.0], [2173.0, 22389.0], [2175.5, 400.0], [2176.25, 40000.0], [2176.75, 60812.0], [2177.0, 40308.0], [2179.0, 19645.0], [2181.0, 40000.0], [2181.25, 59126.0], [2185.0, 1178.0], [2185.25, 2.0], [2186.0, 59706.0], [2186.25, 4713.0], [2186.5, 40000.0], [2189.0, 39841.0]]}}}
{"jsonrpc": "2.0", "method": "subscription", "params": {"channel": "book.ETH-6FEB26.none.20.100ms", "data": {"timestamp": 1770238092694, "change_id": 107698385285, "instrument_name": "ETH-6FEB26", "bids": [[2168.25, 1280.0], [2168.0, 1825.0], [2167.75, 4729.0], [2166.5, 1200.0], [2166.25, 9804.0], [2165.75, 1200.0], [2165.5, 7071.0], [2164.5, 1178.0], [2163.75, 4714.0], [2163.25, 20292.0], [2163.0, 21395.0], [2162.75, 40400.0], [2162.0, 39074.0], [2161.75, 19976.0], [2160.5, 40264.0], [2159.5, 45.0], [2157.75, 58766.0], [2157.5, 40000.0], [2156.0, 2.0], [2154.5, 18857.0]], "asks": [[2169.0, 1825.0], [2169.25, 2313.0], [2169.5, 3729.0], [2172.0, 2170.0], [2172.25, 7271.0], [2172.75, 6030.0], [2173.0, 22389.0], [2175.5, 400.0], [2176.25, 40000.0], [2176.75, 60812.0], [2177.0, 40308.0], [2179.0, 19645.0], [2181.0, 40000.0], [2181.25, 59126.0], [2185.0, 1178.0], [2185.25, 2.0], [2186.0, 59706.0], [2186.25, 4713.0], [2186.5, 40000.0], [2189.0, 39841.0]]}}}
{"jsonrpc": "2.0", "method": "subscription", "params": {"channel": "book.ETH-13FEB26.none.20.100ms", "data": {"timestamp": 1770238093114, "change_id": 107698386712, "instrument_name": "ETH-13FEB26", "bids": [[2170.5, 800.0], [2170.25, 1328.0], [2170.0, 4417.0], [2167.75, 1499.0], [2167.5, 7097.0], [2167.25, 6956.0], [2166.0, 1453.0], [2165.75, 4869.0], [2165.5, 4605.0], [2165.25, 15426.0], [2164.75, 1178.0], [2164.5, 71140.0], [2164.25, 30588.0], [2162.75, 21391.0], [2161.0, 4714.0], [2160.75, 40000.0], [2160.0, 30.0], [2159.75, 29993.0], [2158.25, 2.0], [2157.5, 40000.0]], "asks": [[2171.0, 625.0], [2171.25, 1108.0], [2171.5, 3712.0], [2173.75, 2209.0], [2174.0, 7401.0], [2174.5, 1453.0], [2174.75, 4869.0], [2175.75, 150.0], [2176.0, 30.0], [2177.5, 400.0], [2177.75, 15001.0], [2178.5, 40000.0], [2178.75, 29589.0], [2179.0, 50444.0], [2182.5, 30070.0], [2183.0, 41178.0], [2184.0, 41.0], [2186.0, 30647.0], [2186.25, 40000.0], [2186.75, 45.0]]}}}
{"jsonrpc": "2.0", "method": "subscription", "params": {"channel": "book.ETH-6FEB26.none.20.100ms", "data": {"timestamp": 1770238093031, "change_id": 107698386405, "instrument_name": "ETH-6FEB26", "bids": [[2168.25, 1905.0], [2168.0, 1200.0], [2167.75, 4729.0], [2166.5, 1200.0], [2166.25, 9804.0], [2165.75, 1200.0], [2165.5, 7071.0], [2164.5, 1178.0], [2163.75, 4714.0], [2163.25, 20292.0], [2163.0, 21395.0], [2162.75, 40400.0], [2162.0, 39074.0], [2161.75, 19976.0], [2160.5, 40264.0], [2159.5, 45.0], [2157.75, 58766.0], [2157.5, 40000.0], [2156.0, 2.0], [2154.5, 18857.0]], "asks": [[2169.0, 1825.0], [2169.25, 2313.0], [2169.5, 3729.0], [2172.0, 2170.0], [2172.25, 7271.0], [2172.75, 6030.0], [2173.0, 22389.0], [2175.5, 400.0], [2176.25, 40000.0], [2176.75, 60812.0], [2177.0, 40308.0], [2179.0, 19645.0], [2181.0, 40000.0], [2181.25, 59126.0], [2185.0, 1178.0], [2185.25, 2.0], [2186.0, 59706.0], [2186.25, 4713.0], [2186.5, 40000.0], [2189.0, 39841.0]]}}}
{"jsonrpc": "2.0", "method": "subscription", "params": {"channel": "book.ETH-13FEB26.none.20.100ms", "data": {"timestamp": 1770238093238, "change_id": 107698387125, "instrument_name": "ETH-13FEB26", "bids": [[2170.5, 800.0], [2170.25, 1953.0], [2170.0, 3792.0], [2167.75, 1499.0], [2167.5, 7097.0], [2167.25, 6956.0], [2166.0, 1453.0], [2165.75, 4869.0], [2165.5, 4605.0], [2165.25, 15426.0], [2164.75, 1178.0], [2164.5, 71140.0], [2164.25, 30588.0], [2162.75, 21391.0], [2161.0, 4714.0], [2160.75, 40000.0], [2160.0, 30.0], [2159.75, 29993.0], [2158.25, 2.0], [2157.5, 40000.0]], "asks": [[2171.0, 625.0], [2171.25, 1108.0], [2171.5, 3712.0], [2173.75, 2209.0], [2174.0, 7401.0], [2174.5, 1453.0], [2174.75, 4869.0], [2175.75, 150.0], [2176.0, 30.0], [2177.5, 400.0], [2177.75, 15001.0], [2178.5, 40000.0], [2178.75, 29589.0], [2179.0, 50444.0], [2182.5, 30070.0], [2183.0, 41178.0], [2184.0, 41.0], [2186.0, 30647.0], [2186.25, 40000.0], [2186.75, 45.0]]}}}
{"jsonrpc": "2.0", "method": "subscription", "params": {"channel": "book.ETH-6FEB26.none.20.100ms", "data": {"timestamp": 1770238093246, "change_id": 107698387151, "instrument_name": "ETH-6FEB26", "bids": [[2168.5, 1200.0], [2168.25, 705.0], [2168.0, 1200.0], [2167.75, 4729.0], [2166.5, 1200.0], [2166.25, 9804.0], [2165.75, 1200.0], [2165.5, 7071.0], [2164.5, 1178.0], [2163.75, 4714.0], [2163.25, 20292.0], [2163.0, 21395.0], [2162.75, 40400.0], [2162.0, 39074.0], [2161.75, 19976.0], [2160.5, 40264.0], [2159.5, 45.0], [2157.75, 58766.0], [2157.5, 40000.0], [2156.0, 2.0]], "asks": [[2169.0, 1825.0], [2169.25, 2313.0], [2169.5, 3729.0], [2172.0, 2170.0], [2172.25, 7271.0], [2172.75, 6030.0], [2173.0, 22389.0], [2175.5, 400.0], [2176.25, 40000.0], [2176.75, 60812.0], [2177.0, 40308.0], [2179.0, 19645.0], [2181.0, 40000.0], [2181.25, 59126.0], [2185.0, 1178.0], [2185.25, 2.0], [2186.0, 59706.0], [2186.25, 4713.0], [2186.5, 40000.0], [2189.0, 39841.0]]}}}
{"jsonrpc": "2.0", "method": "subscription", "params": {"channel": "book.ETH-13FEB26.none.20.100ms", "data": {"timestamp": 1770238094265, "change_id": 107698388617, "instrument_name": "ETH-13FEB26", "bids": [[2170.5, 800.0], [2170.25, 1328.0], [2170.0, 4417.0], [2167.75, 1499.0], [2167.5, 7097.0], [2167.25, 6956.0], [2166.0, 1453.0], [2165.75, 4869.0], [2165.5, 4605.0], [2165.25, 15426.0], [2164.75, 1178.0], [2164.5, 71140.0], [2164.25, 30588.0], [2162.75, 21391.0], [2161.0, 4714.0], [2160.75, 40000.0], [2160.0, 30.0], [2159.75, 29993.0], [2158.25, 2.0], [2157.5, 40000.0]], "asks": [[2171.0, 625.0], [2171.25, 1108.0], [2171.5, 3712.0], [2173.75, 2209.0], [2174.0, 7401.0], [2174.5, 1453.0], [2174.75, 4869.0], [2175.75, 150.0], [2176.0, 30.0], [2177.5, 400.0], [2177.75, 15001.0], [2178.5, 40000.0], [2178.75, 29589.0], [2179.0, 50444.0], [2182.5, 30070.0], [2183.0, 41178.0], [2184.0, 41.0], [2186.0, 30647.0], [2186.25, 40000.0], [2186.75, 45.0]]}}}
{"jsonrpc": "2.0", "method": "subscription", "params": {"channel": "book.ETH-6FEB26.none.20.100ms", "data": {"timestamp": 1770238094238, "change_id": 107698388598, "instrument_name": "ETH-6FEB26", "bids": [[2168.5, 1200.0], [2168.25, 80.0], [2168.0, 1825.0], [2167.75, 4729.0], [2166.5, 1200.0], [2166.25, 9804.0], [2165.75, 1200.0], [2165.5, 7071.0], [2164.5, 1178.0], [2163.75, 4714.0], [2163.25, 20292.0], [2163.0, 21395.0], [2162.75, 40400.0], [2162.0, 39074.0], [2161.75, 19976.0], [2160.5, 40264.0], [2159.5, 45.0], [2157.75, 58766.0], [2157.5, 40000.0], [2156.0, 2.0]], "asks": [[2169.0, 1825.0], [2169.25, 2313.0], [2169.5, 3729.0], [2172.0, 2170.0], [2172.25, 7271.0], [2172.75, 6030.0], [2173.0, 22389.0], [2175.5, 400.0], [2176.25, 40000.0], [2176.75, 60812.0], [2177.0, 40308.0], [2179.0, 19645.0], [2181.0, 40000.0], [2181.25, 59126.0], [2185.0, 1178.0], [2185.25, 2.0], [2186.0, 59706.0], [2186.25, 4713.0], [2186.5, 40000.0], [2189.0, 39841.0]]}}}
{"jsonrpc": "2.0", "method": "subscription", "params": {"channel": "book.ETH-13FEB26.none.20.100ms", "data": {"timestamp": 1770238094798, "change_id": 107698389403, "instrument_name": "ETH-13FEB26", "bids": [[2170.5, 800.0], [2170.25, 800.0], [2170.0, 4337.0], [2167.75, 1499.0], [2167.5, 7097.0], [2167.25, 6956.0], [2166.0, 1453.0], [2165.75, 4869.0], [2165.5, 4605.0], [2165.25, 15426.0], [2164.75, 5892.0], [2164.5, 71140.0], [2164.25, 30588.0], [2162.75, 21391.0], [2160.75, 40000.0], [2160.0, 30.0], [2159.75, 29993.0], [2158.25, 2.0], [2157.5, 40000.0], [2155.0, 45.0]], "asks": [[2171.0, 625.0], [2171.25, 1108.0], [2171.5, 3712.0], [2173.75, 2209.0], [2174.0, 7401.0], [2174.5, 1453.0], [2174.75, 4869.0], [2175.75, 150.0], [2176.0, 30.0], [2177.5, 400.0], [2177.75, 15001.0], [2178.5, 40000.0], [2178.75, 29589.0], [2179.0, 50444.0], [2182.5, 30070.0], [2183.0, 41178.0], [2184.0, 41.0], [2186.0, 30647.0], [2186.25, 40000.0], [2186.75, 45.0]]}}}
{"jsonrpc": "2.0", "method": "subscription", "params": {"channel": "book.ETH-6FEB26.none.20.100ms", "data": {"timestamp": 1770238094679, "change_id": 107698389317, "instrument_name": "ETH-6FEB26", "bids": [[2168.5, 1200.0], [2168.25, 80.0], [2168.0, 1825.0], [2167.75, 4729.0], [2166.5, 1200.0], [2166.25, 9804.0], [2165.75, 1200.0], [2165.5, 7071.0], [2164.5, 1178.0], [2163.75, 4714.0], [2163.25, 20292.0], [2163.0, 21395.0], [2162.75, 40400.0], [2162.0, 39074.0], [2161.75, 19976.0], [2160.5, 40264.0], [2159.5, 45.0], [2157.75, 58766.0], [2157.5, 40000.0], [2156.0, 2.0]], "asks": [[2169.0, 1200.0], [2169.25, 2938.0], [2169.5, 3729.0], [2172.0, 2170.0], [2172.25, 7271.0], [2172.75, 6030.0], [2173.0, 22389.0], [2175.5, 400.0], [2176.25, 40000.0], [2176.75, 60812.0], [2177.0, 40308.0], [2179.0, 19645.0], [2181.0, 40000.0], [2181.25, 59126.0], [2185.0, 1178.0], [2185.25, 2.0], [2186.0, 59706.0], [2186.25, 4713.0], [2186.5, 40000.0], [2189.0, 39841.0]]}}}
{"jsonrpc": "2.0", "method": "subscription", "params": {"channel": "book.ETH-13FEB26.none.20.100ms", "data": {"timestamp": 1770238095098, "change_id": 107698389872, "instrument_name": "ETH-13FEB26", "bids": [[2170.25, 800.0], [2170.0, 5137.0], [2169.75, 80.0], [2167.75, 1499.0], [2167.5, 7097.0], [2167.25, 6956.0], [2166.0, 1453.0], [2165.75, 4869.0], [2165.5, 4605.0], [2165.25, 15426.0], [2164.75, 5892.0], [2164.5, 71140.0], [2164.25, 30588.0], [2162.75, 21391.0], [2160.75, 40000.0], [2160.0, 30.0], [2159.75, 29993.0], [2158.25, 2.0], [2157.5, 40000.0], [2155.0, 45.0]], "asks": [[2171.0, 625.0], [2171.25, 1108.0], [2171.5, 3712.0], [2173.75, 2209.0], [2174.0, 7401.0], [2174.5, 1453.0], [2174.75, 4869.0], [2175.75, 150.0], [2176.0, 30.0], [2177.0, 40000.0], [2177.5, 400.0], [2177.75, 15001.0], [2178.75, 29589.0], [2179.0, 50444.0], [2182.5, 30070.0], [2183.0, 41178.0], [2184.0, 41.0], [2186.0, 30647.0], [2186.25, 40000.0], [2186.75, 45.0]]}}}
{"jsonrpc": "2.0", "method": "subscription", "params": {"channel": "book.ETH-6FEB26.none.20.100ms", "data": {"timestamp": 1770238095041, "change_id": 107698389694, "instrument_name": "ETH-6FEB26", "bids": [[2168.5, 1200.0], [2168.25, 80.0], [2168.0, 1825.0], [2167.75, 4729.0], [2166.75, 9804.0], [2166.5, 1200.0], [2165.75, 1200.0], [2165.5, 7071.0], [2164.75, 20292.0], [2164.5, 1178.0], [2163.75, 4714.0], [2163.0, 21395.0], [2162.75, 40400.0], [2162.0, 39074.0], [2161.75, 19976.0], [2160.5, 40264.0], [2159.5, 45.0], [2157.75, 58766.0], [2157.5, 40000.0], [2156.0, 2.0]], "asks": [[2169.0, 2183.0], [2169.25, 2313.0], [2169.5, 3729.0], [2172.0, 2170.0], [2172.25, 7271.0], [2172.75, 6030.0], [2173.0, 22389.0], [2175.5, 400.0], [2176.25, 40000.0], [2176.75, 60812.0], [2177.0, 40308.0], [2179.0, 19645.0], [2181.0, 40000.0], [2181.25, 59126.0], [2185.0, 1178.0], [2185.25, 2.0], [2186.0, 59706.0], [2186.25, 4713.0], [2186.5, 40000.0], [2189.0, 39841.0]]}}}
