{"jsonrpc": "2.0", "method": "subscription", "params": {"channel": "book.ETH-13JUN25.none.20.100ms", "data": {"timestamp": 1749673876925, "change_id": 72257821402, "instrument_name": "ETH-13JUN25", "bids": [[2817.5, 8007.0], [2817.25, 5140.0], [2817.0, 11352.0], [2816.75, 2600.0], [2816.5, 3209.0], [2816.25, 5962.0], [2816.0, 16349.0], [2815.75, 31961.0], [2815.5, 5.0], [2815.0, 9000.0], [2814.75, 30000.0], [2814.5, 501.0], [2814.25, 1669.0], [2814.0, 7880.0], [2813.75, 26483.0], [2813.5, 511.0], [2813.25, 1977.0], [2813.0, 28160.0], [2812.75, 90000.0], [2812.5, 506.0]], "asks": [[2818.0, 4148.0], [2818.25, 6857.0], [2818.5, 9200.0], [2819.25, 771.0], [2819.5, 3286.0], [2819.75, 2510.0], [2820.0, 2201.0], [2820.25, 9319.0], [2820.5, 25500.0], [2821.0, 501.0], [2821.25, 1671.0], [2821.5, 509.0], [2821.75, 1697.0], [2822.0, 5839.0], [2822.25, 19671.0], [2822.5, 519.0], [2822.75, 5326.0], [2823.0, 17230.0], [2824.75, 1669.0], [2825.25, 1715.0]]}}}
{"jsonrpc": "2.0", "method": "subscription", "params": {"channel": "book.ETH-20JUN25.none.20.100ms", "data": {"timestamp": 1749673876997, "change_id": 72257821460, "instrument_name": "ETH-20JUN25", "bids": [[2820.5, 6048.0], [2820.25, 910.0], [2820.0, 3690.0], [2819.75, 10512.0], [2819.5, 910.0], [2819.25, 1121.0], [2819.0, 3304.0], [2818.75, 9814.0], [2818.5, 7713.0], [2818.25, 419.0], [2818.0, 1395.0], [2817.75, 421.0], [2817.5, 1403.0], [2817.25, 348.0], [2817.0, 1590.0], [2816.75, 2824.0], [2816.5, 4641.0], [2816.25, 1837.0], [2816.0, 6539.0], [2815.75, 1391.0]], "asks": [[2821.0, 1874.0], [2821.25, 4370.0], [2821.5, 3160.0], [2821.75, 8812.0], [2822.0, 2337.0], [2822.25, 1113.0], [2822.5, 2288.0], [2822.75, 910.0], [2823.0, 1415.0], [2823.25, 2382.0], [2823.75, 411.0], [2824.0, 1371.0], [2824.25, 2281.0], [2824.5, 7604.0], [2826.0, 1371.0], [2826.5, 18649.0], [2826.75, 5.0], [2829.0, 1795.0], [2830.0, 41395.0], [2830.75, 1401.0]]}}}
{"jsonrpc": "2.0", "method": "subscription", "params": {"channel": "book.ETH-13JUN25.none.20.100ms", "data": {"timestamp": 1749673877327, "change_id": 72257821861, "instrument_name": "ETH-13JUN25", "bids": [[2817.5, 8007.0], [2817.25, 5140.0], [2817.0, 11352.0], [2816.75, 2600.0], [2816.5, 3209.0], [2816.25, 5962.0], [2816.0, 16349.0], [2815.75, 31961.0], [2815.5, 5.0], [2815.0, 9000.0], [2814.75, 30000.0], [2814.5, 501.0], [2814.25, 1669.0], [2814.0, 7880.0], [2813.75, 26483.0], [2813.5, 511.0], [2813.25, 1977.0], [2813.0, 28160.0], [2812.75, 90000.0], [2812.5, 506.0]], "asks": [[2818.0, 5184.0], [2818.25, 6857.0], [2818.5, 9200.0], [2819.0, 1692.0], [2819.25, 771.0], [2819.5, 3286.0], [2819.75, 2510.0], [2820.0, 2201.0], [2820.25, 9319.0], [2820.5, 25500.0], [2821.0, 501.0], [2821.25, 1671.0], [2821.5, 509.0], [2821.75, 1697.0], [2822.0, 5839.0], [2822.25, 19671.0], [2822.5, 519.0], [2822.75, 5326.0], [2823.0, 17230.0], [2825.25, 1715.0]]}}}
{"jsonrpc": "2.0", "method": "subscription", "params": {"channel": "book.ETH-20JUN25.none.20.100ms", "data": {"timestamp": 1749673877384, "change_id": 72257821940, "instrument_name": "ETH-20JUN25", "bids": [[2820.5, 3300.0], [2820.25, 2048.0], [2820.0, 3690.0], [2819.75, 10512.0], [2819.5, 910.0], [2819.25, 1121.0], [2819.0, 3304.0], [2818.75, 9814.0], [2818.5, 7713.0], [2818.25, 419.0], [2818.0, 1395.0], [2817.75, 421.0], [2817.5, 1403.0], [2817.25, 348.0], [2817.0, 1590.0], [2816.75, 2824.0], [2816.5, 4641.0], [2816.25, 1837.0], [2816.0, 6539.0], [2815.75, 1391.0]], "asks": [[2820.75, 910.0], [2821.0, 1874.0], [2821.25, 4370.0], [2821.5, 3160.0], [2821.75, 8812.0], [2822.0, 2337.0], [2822.25, 1113.0], [2822.5, 2288.0], [2822.75, 910.0], [2823.0, 1415.0], [2823.25, 2382.0], [2823.75, 411.0], [2824.0, 1371.0], [2824.25, 2281.0], [2824.5, 7604.0], [2826.0, 1371.0], [2826.5, 18649.0], [2826.75, 5.0], [2829.0, 1795.0], [2830.0, 41395.0]]}}}
{"jsonrpc": "2.0", "method": "subscription", "params": {"channel": "book.ETH-20JUN25.none.20.100ms", "data": {"timestamp": 1749673877496, "change_id": 72257822047, "instrument_name": "ETH-20JUN25", "bids": [[2820.5, 3300.0], [2820.25, 2048.0], [2820.0, 3690.0], [2819.75, 10512.0], [2819.5, 910.0], [2819.25, 1121.0], [2819.0, 3304.0], [2818.75, 9814.0], [2818.5, 7713.0], [2818.25, 419.0], [2818.0, 1395.0], [2817.75, 421.0], [2817.5, 1403.0], [2817.25, 348.0], [2817.0, 1590.0], [2816.75, 2824.0], [2816.5, 4641.0], [2816.25, 1837.0], [2816.0, 6539.0], [2815.75, 1391.0]], "asks": [[2820.75, 911.0], [2821.0, 1874.0], [2821.25, 4370.0], [2821.5, 3160.0], [2821.75, 8812.0], [2822.0, 2337.0], [2822.25, 1113.0], [2822.5, 2288.0], [2822.75, 910.0], [2823.0, 1415.0], [2823.25, 2382.0], [2823.75, 411.0], [2824.0, 1371.0], [2824.25, 2281.0], [2824.5, 7604.0], [2826.0, 1371.0], [2826.5, 18649.0], [2826.75, 5.0], [2829.0, 1795.0], [2830.0, 41395.0]]}}}
{"jsonrpc": "2.0", "method": "subscription", "params": {"channel": "book.ETH-20JUN25.none.20.100ms", "data": {"timestamp": 1749673878042, "change_id": 72257822590, "instrument_name": "ETH-20JUN25", "bids": [[2820.5, 3300.0], [2820.25, 2748.0], [2820.0, 3690.0], [2819.75, 10512.0], [2819.5, 910.0], [2819.25, 1121.0], [2819.0, 9639.0], [2818.75, 7913.0], [2818.5, 1378.0], [2818.25, 419.0], [2818.0, 1395.0], [2817.75, 421.0], [2817.5, 1403.0], [2817.25, 348.0], [2817.0, 1590.0], [2816.75, 2824.0], [2816.5, 6478.0], [2816.25, 6122.0], [2816.0, 417.0], [2815.75, 1391.0]], "asks": [[2820.75, 911.0], [2821.0, 1874.0], [2821.25, 4370.0], [2821.5, 3160.0], [2821.75, 8812.0], [2822.0, 2337.0], [2822.25, 1113.0], [2822.5, 2288.0], [2822.75, 910.0], [2823.0, 1415.0], [2823.25, 2382.0], [2823.75, 411.0], [2824.0, 1371.0], [2824.25, 2281.0], [2824.5, 7604.0], [2826.0, 1371.0], [2826.5, 18649.0], [2826.75, 5.0], [2829.0, 1795.0], [2830.0, 41395.0]]}}}
{"jsonrpc": "2.0", "method": "subscription", "params": {"channel": "book.ETH-13JUN25.none.20.100ms", "data": {"timestamp": 1749673878130, "change_id": 72257822693, "instrument_name": "ETH-13JUN25", "bids": [[2817.5, 8007.0], [2817.25, 5140.0], [2817.0, 11352.0], [2816.75, 2600.0], [2816.5, 6815.0], [2816.25, 18204.0], [2816.0, 13416.0], [2815.75, 19719.0], [2815.5, 5.0], [2815.0, 9000.0], [2814.75, 30000.0], [2814.5, 501.0], [2814.25, 9098.0], [2814.0, 25278.0], [2813.75, 1721.0], [2813.5, 511.0], [2813.25, 1977.0], [2813.0, 28160.0], [2812.75, 90000.0], [2812.5, 506.0]], "asks": [[2818.0, 5184.0], [2818.25, 6857.0], [2818.5, 9200.0], [2818.75, 508.0], [2819.0, 1692.0], [2819.25, 771.0], [2819.5, 3286.0], [2819.75, 2510.0], [2820.0, 2201.0], [2820.25, 9319.0], [2820.5, 25500.0], [2821.0, 501.0], [2821.25, 1671.0], [2821.5, 509.0], [2821.75, 1697.0], [2822.0, 5839.0], [2822.25, 19671.0], [2822.5, 519.0], [2822.75, 5326.0], [2823.0, 17230.0]]}}}
{"jsonrpc": "2.0", "method": "subscription", "params": {"channel": "book.ETH-20JUN25.none.20.100ms", "data": {"timestamp": 1749673878370, "change_id": 72257822910, "instrument_name": "ETH-20JUN25", "bids": [[2820.5, 3300.0], [2820.25, 2748.0], [2820.0, 3690.0], [2819.75, 10512.0], [2819.5, 910.0], [2819.25, 1121.0], [2819.0, 9639.0], [2818.75, 7913.0], [2818.5, 1378.0], [2818.25, 419.0], [2818.0, 1395.0], [2817.75, 421.0], [2817.5, 1403.0], [2817.25, 348.0], [2817.0, 1590.0], [2816.75, 2824.0], [2816.5, 6478.0], [2816.25, 6122.0], [2816.0, 417.0], [2815.75, 1391.0]], "asks": [[2820.75, 911.0], [2821.0, 1874.0], [2821.25, 4370.0], [2821.5, 3160.0], [2821.75, 8812.0], [2822.0, 2337.0], [2822.25, 1113.0], [2822.5, 2288.0], [2822.75, 910.0], [2823.0, 1415.0], [2823.25, 2382.0], [2823.75, 411.0], [2824.0, 1371.0], [2824.25, 2281.0], [2824.5, 7604.0], [2826.0, 1371.0], [2826.5, 18649.0], [2826.75, 5.0], [2829.0, 1795.0], [2830.0, 41395.0]]}}}
{"jsonrpc": "2.0", "method": "subscription", "params": {"channel": "book.ETH-13JUN25.none.20.100ms", "data": {"timestamp": 1749673878610, "change_id": 72257824352, "instrument_name": "ETH-13JUN25", "bids": [[2817.25, 5453.0], [2817.0, 2602.0], [2816.75, 2600.0], [2816.5, 2535.0], [2816.25, 2000.0], [2816.0, 18158.0], [2815.75, 19879.0], [2815.5, 5.0], [2815.25, 7500.0], [2814.75, 30000.0], [2814.5, 501.0], [2814.25, 1669.0], [2814.0, 516.0], [2813.75, 26483.0], [2813.5, 511.0], [2813.25, 1977.0], [2813.0, 28160.0], [2812.75, 90000.0], [2812.5, 506.0], [2812.25, 1686.0]], "asks": [[2817.5, 2000.0], [2817.75, 2000.0], [2818.0, 7601.0], [2818.25, 3129.0], [2818.5, 9200.0], [2819.25, 771.0], [2819.5, 3286.0], [2819.75, 2275.0], [2820.0, 1700.0], [2820.25, 9319.0], [2820.5, 25500.0], [2821.0, 275.0], [2821.25, 1671.0], [2821.5, 509.0], [2821.75, 1697.0], [2822.0, 5564.0], [2822.25, 19671.0], [2822.5, 519.0], [2822.75, 5326.0], [2823.0, 17230.0]]}}}
{"jsonrpc": "2.0", "method": "subscription", "params": {"channel": "book.ETH-20JUN25.none.20.100ms", "data": {"timestamp": 1749673878639, "change_id": 72257824345, "instrument_name": "ETH-20JUN25", "bids": [[2820.25, 5838.0], [2819.75, 577.0], [2819.5, 2344.0], [2819.25, 1121.0], [2819.0, 5476.0], [2818.75, 14248.0], [2818.5, 1378.0], [2818.25, 419.0], [2818.0, 1395.0], [2817.75, 421.0], [2817.5, 1403.0], [2817.25, 219.0], [2817.0, 1590.0], [2816.75, 2824.0], [2816.5, 5071.0], [2816.25, 3271.0], [2816.0, 6539.0], [2815.75, 1391.0], [2815.5, 5.0], [2814.75, 1372.0]], "asks": [[2820.75, 700.0], [2821.0, 3208.0], [2821.25, 11870.0], [2821.5, 910.0], [2821.75, 1312.0], [2822.0, 2337.0], [2822.25, 1113.0], [2822.5, 2562.0], [2822.75, 1910.0], [2823.0, 1115.0], [2823.25, 1382.0], [2823.75, 411.0], [2824.0, 1371.0], [2824.25, 2281.0], [2824.5, 7604.0], [2826.0, 1371.0], [2826.5, 18649.0], [2826.75, 5.0], [2828.5, 20544.0], [2829.0, 1795.0]]}}}
{"jsonrpc": "2.0", "method": "subscription", "params": {"channel": "book.ETH-13JUN25.none.20.100ms", "data": {"timestamp": 1749673878902, "change_id": 72257824935, "instrument_name": "ETH-13JUN25", "bids": [[2817.25, 5453.0], [2817.0, 2602.0], [2816.75, 2600.0], [2816.5, 2535.0], [2816.25, 10401.0], [2816.0, 18158.0], [2815.75, 19719.0], [2815.5, 5.0], [2815.25, 7500.0], [2814.75, 30000.0], [2814.5, 501.0], [2814.25, 1669.0], [2814.0, 516.0], [2813.75, 26483.0], [2813.5, 511.0], [2813.25, 1977.0], [2813.0, 28160.0], [2812.75, 90000.0], [2812.5, 506.0], [2812.25, 1686.0]], "asks": [[2817.5, 2000.0], [2817.75, 2000.0], [2818.0, 8201.0], [2818.25, 5129.0], [2818.5, 9200.0], [2819.0, 1692.0], [2819.25, 771.0], [2819.5, 3286.0], [2819.75, 2275.0], [2820.0, 1700.0], [2820.25, 9319.0], [2820.5, 25500.0], [2821.0, 275.0], [2821.25, 1671.0], [2821.5, 509.0], [2821.75, 1697.0], [2822.0, 5564.0], [2822.25, 19671.0], [2822.5, 519.0], [2822.75, 5326.0]]}}}
{"jsonrpc": "2.0", "method": "subscription", "params": {"channel": "book.ETH-20JUN25.none.20.100ms", "data": {"timestamp": 1749673878936, "change_id": 72257824985, "instrument_name": "ETH-20JUN25", "bids": [[2820.25, 5838.0], [2820.0, 210.0], [2819.75, 1277.0], [2819.5, 4952.0], [2819.25, 9370.0], [2819.0, 5316.0], [2818.75, 14248.0], [2818.5, 1378.0], [2818.25, 419.0], [2818.0, 1395.0], [2817.75, 421.0], [2817.5, 1403.0], [2817.25, 219.0], [2817.0, 1590.0], [2816.75, 2824.0], [2816.5, 5071.0], [2816.25, 3271.0], [2816.0, 6539.0], [2815.75, 1391.0], [2815.5, 5.0]], "asks": [[2820.75, 910.0], [2821.0, 3208.0], [2821.25, 11870.0], [2821.5, 910.0], [2821.75, 1312.0], [2822.0, 2337.0], [2822.25, 1113.0], [2822.5, 2562.0], [2822.75, 1910.0], [2823.0, 1115.0], [2823.25, 1382.0], [2823.75, 411.0], [2824.0, 1371.0], [2824.25, 2281.0], [2824.5, 7604.0], [2826.0, 1371.0], [2826.5, 18649.0], [2826.75, 5.0], [2828.5, 20544.0], [2829.0, 1795.0]]}}}
{"jsonrpc": "2.0", "method": "subscription", "params": {"channel": "book.ETH-13JUN25.none.20.100ms", "data": {"timestamp": 1749673879228, "change_id": 72257826270, "instrument_name": "ETH-13JUN25", "bids": [[2817.0, 1559.0], [2816.75, 8040.0], [2816.5, 2535.0], [2816.25, 2160.0], [2816.0, 275.0], [2815.75, 1719.0], [2815.5, 5.0], [2815.25, 19742.0], [2814.75, 30000.0], [2814.5, 18501.0], [2814.25, 1669.0], [2814.0, 516.0], [2813.75, 1721.0], [2813.5, 25273.0], [2813.25, 1977.0], [2813.0, 27885.0], [2812.75, 90000.0], [2812.5, 506.0], [2812.25, 1686.0], [2812.0, 506.0]], "asks": [[2817.5, 8040.0], [2817.75, 5343.0], [2818.0, 10260.0], [2818.25, 2000.0], [2818.5, 3392.0], [2818.75, 808.0], [2819.0, 2692.0], [2819.25, 275.0], [2819.5, 2286.0], [2819.75, 2275.0], [2820.0, 1700.0], [2820.25, 9319.0], [2820.5, 25500.0], [2821.0, 275.0], [2821.25, 1671.0], [2821.5, 509.0], [2821.75, 1697.0], [2822.0, 5564.0], [2822.25, 19671.0], [2822.5, 519.0]]}}}
{"jsonrpc": "2.0", "method": "subscription", "params": {"channel": "book.ETH-20JUN25.none.20.100ms", "data": {"timestamp": 1749673879271, "change_id": 72257826039, "instrument_name": "ETH-20JUN25", "bids": [[2819.75, 6096.0], [2819.5, 1070.0], [2819.25, 1121.0], [2819.0, 3304.0], [2818.75, 7913.0], [2818.5, 3279.0], [2818.25, 6754.0], [2818.0, 1395.0], [2817.75, 421.0], [2817.5, 1403.0], [2817.25, 219.0], [2817.0, 1590.0], [2816.75, 2824.0], [2816.5, 5071.0], [2816.25, 1434.0], [2816.0, 417.0], [2815.75, 3229.0], [2815.5, 6127.0], [2815.0, 412.0], [2814.75, 6942.0]], "asks": [[2820.25, 910.0], [2820.5, 1874.0], [2820.75, 4210.0], [2821.0, 3208.0], [2821.25, 8974.0], [2821.5, 2344.0], [2821.75, 1312.0], [2822.0, 2337.0], [2822.25, 1113.0], [2822.5, 2288.0], [2822.75, 910.0], [2823.0, 1115.0], [2823.25, 1382.0], [2823.75, 411.0], [2824.0, 1371.0], [2824.25, 2281.0], [2824.5, 7604.0], [2826.0, 1371.0], [2826.5, 18649.0], [2826.75, 5.0]]}}}
{"jsonrpc": "2.0", "method": "subscription", "params": {"channel": "book.ETH-13JUN25.none.20.100ms", "data": {"timestamp": 1749673879669, "change_id": 72257826823, "instrument_name": "ETH-13JUN25", "bids": [[2817.0, 1559.0], [2816.75, 8040.0], [2816.5, 4757.0], [2816.25, 9413.0], [2816.0, 275.0], [2815.75, 1719.0], [2815.5, 5.0], [2815.25, 19742.0], [2814.75, 30000.0], [2814.5, 18501.0], [2814.25, 1669.0], [2814.0, 516.0], [2813.75, 1721.0], [2813.5, 25273.0], [2813.25, 1702.0], [2813.0, 26725.0], [2812.75, 90000.0], [2812.5, 506.0], [2812.25, 1686.0], [2812.0, 506.0]], "asks": [[2817.5, 8040.0], [2817.75, 5343.0], [2818.0, 10260.0], [2818.25, 2000.0], [2818.5, 3392.0], [2818.75, 808.0], [2819.0, 2692.0], [2819.25, 275.0], [2819.5, 2286.0], [2819.75, 2275.0], [2820.0, 1700.0], [2820.25, 9319.0], [2820.5, 25500.0], [2821.0, 275.0], [2821.25, 1671.0], [2821.5, 509.0], [2821.75, 1697.0], [2822.0, 5564.0], [2822.25, 19671.0], [2822.5, 519.0]]}}}
{"jsonrpc": "2.0", "method": "subscription", "params": {"channel": "book.ETH-20JUN25.none.20.100ms", "data": {"timestamp": 1749673879416, "change_id": 72257826327, "instrument_name": "ETH-20JUN25", "bids": [[2819.75, 6096.0], [2819.5, 1070.0], [2819.25, 1121.0], [2819.0, 3304.0], [2818.75, 7913.0], [2818.5, 3279.0], [2818.25, 6754.0], [2818.0, 1395.0], [2817.75, 421.0], [2817.5, 1403.0], [2817.25, 219.0], [2817.0, 1590.0], [2816.75, 2824.0], [2816.5, 5071.0], [2816.25, 1434.0], [2816.0, 417.0], [2815.75, 3229.0], [2815.5, 6127.0], [2815.0, 412.0], [2814.75, 1372.0]], "asks": [[2820.25, 910.0], [2820.5, 1874.0], [2820.75, 4210.0], [2821.0, 3208.0], [2821.25, 8974.0], [2821.5, 2344.0], [2821.75, 1312.0], [2822.0, 2337.0], [2822.25, 1113.0], [2822.5, 2288.0], [2822.75, 910.0], [2823.0, 1115.0], [2823.25, 1382.0], [2823.75, 411.0], [2824.0, 1371.0], [2824.25, 2281.0], [2824.5, 7604.0], [2826.0, 1371.0], [2826.5, 18649.0], [2826.75, 5.0]]}}}
{"jsonrpc": "2.0", "method": "subscription", "params": {"channel": "book.ETH-13JUN25.none.20.100ms", "data": {"timestamp": 1749673880017, "change_id": 72257827764, "instrument_name": "ETH-13JUN25", "bids": [[2816.75, 600.0], [2816.5, 4757.0], [2816.25, 9253.0], [2815.75, 602.0], [2815.5, 7646.0], [2815.25, 19742.0], [2815.0, 9000.0], [2814.75, 5400.0], [2814.5, 18501.0], [2814.25, 1669.0], [2814.0, 516.0], [2813.75, 1721.0], [2813.5, 7875.0], [2813.25, 26464.0], [2813.0, 26725.0], [2812.75, 90000.0], [2812.5, 506.0], [2812.25, 1686.0], [2812.0, 506.0], [2811.75, 16086.0]], "asks": [[2817.25, 6615.0], [2817.5, 4587.0], [2817.75, 5343.0], [2818.0, 10260.0], [2818.25, 3018.0], [2818.5, 3392.0], [2818.75, 808.0], [2819.0, 2692.0], [2819.25, 275.0], [2819.5, 2286.0], [2819.75, 2476.0], [2820.0, 2201.0], [2820.25, 9319.0], [2820.5, 25500.0], [2821.0, 275.0], [2821.25, 1671.0], [2821.5, 509.0], [2821.75, 1697.0], [2822.0, 5564.0], [2822.25, 19671.0]]}}}
{"jsonrpc": "2.0", "method": "subscription", "params": {"channel": "book.ETH-20JUN25.none.20.100ms", "data": {"timestamp": 1749673880034, "change_id": 72257827766, "instrument_name": "ETH-20JUN25", "bids": [[2819.5, 12171.0], [2819.25, 34952.0], [2819.0, 1403.0], [2818.75, 413.0], [2818.5, 1378.0], [2818.25, 419.0], [2818.0, 8895.0], [2817.75, 6756.0], [2817.5, 1403.0], [2817.25, 219.0], [2817.0, 1590.0], [2816.75, 2824.0], [2816.5, 5071.0], [2816.25, 1434.0], [2816.0, 417.0], [2815.75, 3229.0], [2815.5, 6127.0], [2815.0, 412.0], [2814.75, 1372.0], [2814.25, 1432.0]], "asks": [[2820.0, 910.0], [2820.25, 1874.0], [2820.5, 4210.0], [2820.75, 910.0], [2821.0, 3208.0], [2821.25, 8974.0], [2821.5, 2344.0], [2821.75, 1312.0], [2822.0, 2337.0], [2822.25, 1113.0], [2822.5, 1378.0], [2823.0, 415.0], [2823.25, 1382.0], [2823.75, 411.0], [2824.0, 1371.0], [2824.25, 2281.0], [2824.5, 7604.0], [2826.0, 1371.0], [2826.5, 18649.0], [2826.75, 5.0]]}}}
{"jsonrpc": "2.0", "method": "subscription", "params": {"channel": "book.ETH-13JUN25.none.20.100ms", "data": {"timestamp": 1749673880239, "change_id": 72257828601, "instrument_name": "ETH-13JUN25", "bids": [[2816.75, 3548.0], [2816.5, 5988.0], [2816.25, 2000.0], [2815.75, 762.0], [2815.5, 4255.0], [2815.25, 11173.0], [2815.0, 12242.0], [2814.75, 5400.0], [2814.5, 18501.0], [2814.25, 1669.0], [2814.0, 516.0], [2813.75, 1721.0], [2813.5, 511.0], [2813.25, 1702.0], [2813.0, 7429.0], [2812.75, 24762.0], [2812.5, 506.0], [2812.25, 1686.0], [2812.0, 506.0], [2811.75, 16086.0]], "asks": [[2817.25, 6615.0], [2817.5, 4747.0], [2817.75, 5343.0], [2818.0, 10100.0], [2818.25, 3018.0], [2818.5, 3392.0], [2818.75, 808.0], [2819.0, 2692.0], [2819.25, 8121.0], [2819.5, 27786.0], [2819.75, 2476.0], [2820.0, 2201.0], [2820.25, 1669.0], [2821.0, 275.0], [2821.25, 1671.0], [2821.5, 509.0], [2821.75, 1697.0], [2822.0, 5564.0], [2822.25, 19671.0], [2822.5, 519.0]]}}}
{"jsonrpc": "2.0", "method": "subscription", "params": {"channel": "book.ETH-20JUN25.none.20.100ms", "data": {"timestamp": 1749673880112, "change_id": 72257828204, "instrument_name": "ETH-20JUN25", "bids": [[2819.5, 5348.0], [2819.25, 1121.0], [2819.0, 1403.0], [2818.75, 413.0], [2818.5, 1538.0], [2818.25, 2616.0], [2818.0, 10796.0], [2817.75, 6756.0], [2817.5, 1403.0], [2817.25, 219.0], [2817.0, 1590.0], [2816.75, 2824.0], [2816.5, 5071.0], [2816.25, 1434.0], [2816.0, 417.0], [2815.75, 1391.0], [2815.5, 1842.0], [2815.25, 6122.0], [2815.0, 412.0], [2814.75, 1372.0]], "asks": [[2820.0, 1874.0], [2820.25, 4210.0], [2820.5, 910.0], [2820.75, 1070.0], [2821.0, 3208.0], [2821.25, 8814.0], [2821.5, 2344.0], [2821.75, 1312.0], [2822.0, 2337.0], [2822.25, 1113.0], [2822.5, 1378.0], [2823.0, 415.0], [2823.25, 1382.0], [2823.75, 411.0], [2824.0, 1371.0], [2824.25, 2281.0], [2824.5, 7604.0], [2826.0, 1371.0], [2826.5, 18649.0], [2826.75, 5.0]]}}}
{"jsonrpc": "2.0", "method": "subscription", "params": {"channel": "book.ETH-13JUN25.none.20.100ms", "data": {"timestamp": 1749673880613, "change_id": 72257830294, "instrument_name": "ETH-13JUN25", "bids": [[2816.5, 2535.0], [2816.25, 2000.0], [2815.75, 602.0], [2815.5, 2005.0], [2815.25, 508.0], [2815.0, 1852.0], [2814.75, 5513.0], [2814.5, 20243.0], [2814.25, 7069.0], [2814.0, 18516.0], [2813.75, 1721.0], [2813.5, 511.0], [2813.25, 1702.0], [2813.0, 508.0], [2812.75, 9121.0], [2812.5, 25268.0], [2812.25, 1686.0], [2812.0, 506.0], [2811.75, 16086.0], [2811.5, 48517.0]], "asks": [[2817.0, 8006.0], [2817.25, 4821.0], [2817.5, 10260.0], [2817.75, 2566.0], [2818.0, 2600.0], [2818.25, 3018.0], [2818.5, 4392.0], [2818.75, 275.0], [2819.0, 1692.0], [2819.25, 8121.0], [2819.5, 27786.0], [2819.75, 2476.0], [2820.0, 2201.0], [2820.25, 1669.0], [2821.0, 275.0], [2821.25, 1671.0], [2821.5, 509.0], [2821.75, 1697.0], [2822.0, 5564.0], [2822.25, 19671.0]]}}}
{"jsonrpc": "2.0", "method": "subscription", "params": {"channel": "book.ETH-20JUN25.none.20.100ms", "data": {"timestamp": 1749673880690, "change_id": 72257830280, "instrument_name": "ETH-20JUN25", "bids": [[2819.25, 5838.0], [2818.75, 413.0], [2818.5, 1378.0], [2818.25, 2776.0], [2818.0, 8895.0], [2817.75, 421.0], [2817.5, 3304.0], [2817.25, 6335.0], [2817.0, 430.0], [2816.75, 1432.0], [2816.5, 430.0], [2816.25, 1434.0], [2816.0, 417.0], [2815.75, 1391.0], [2815.5, 435.0], [2815.25, 3271.0], [2815.0, 6534.0], [2814.75, 1372.0], [2814.25, 1432.0], [2814.0, 15497.0]], "asks": [[2819.5, 1.0], [2819.75, 1874.0], [2820.0, 4210.0], [2820.25, 910.0], [2820.5, 3182.0], [2820.75, 8974.0], [2821.0, 2344.0], [2821.25, 1314.0], [2821.5, 2344.0], [2821.75, 1312.0], [2822.0, 2611.0], [2822.25, 2113.0], [2822.5, 1378.0], [2822.75, 1860.0], [2823.0, 6616.0], [2823.25, 1382.0], [2823.75, 411.0], [2824.0, 1371.0], [2824.5, 1403.0], [2826.0, 1371.0]]}}}
{"jsonrpc": "2.0", "method": "subscription", "params": {"channel": "book.ETH-13JUN25.none.20.100ms", "data": {"timestamp": 1749673880958, "change_id": 72257831266, "instrument_name": "ETH-13JUN25", "bids": [[2816.25, 3036.0], [2816.0, 3453.0], [2815.75, 602.0], [2815.5, 2005.0], [2815.25, 508.0], [2815.0, 1852.0], [2814.75, 2515.0], [2814.5, 8001.0], [2814.25, 10067.0], [2814.0, 30758.0], [2813.75, 1721.0], [2813.5, 511.0], [2813.25, 1702.0], [2813.0, 508.0], [2812.75, 1967.0], [2812.5, 506.0], [2812.25, 9115.0], [2812.0, 25268.0], [2811.75, 16086.0], [2811.5, 48517.0]], "asks": [[2816.75, 6615.0], [2817.0, 4553.0], [2817.25, 4821.0], [2817.5, 10260.0], [2817.75, 2566.0], [2818.0, 2600.0], [2818.25, 3018.0], [2818.5, 4392.0], [2818.75, 275.0], [2819.0, 1692.0], [2819.25, 8121.0], [2819.5, 27786.0], [2819.75, 476.0], [2820.0, 2201.0], [2820.25, 1669.0], [2821.0, 275.0], [2821.25, 1671.0], [2821.5, 509.0], [2821.75, 1697.0], [2822.0, 5564.0]]}}}
{"jsonrpc": "2.0", "method": "subscription", "params": {"channel": "book.ETH-20JUN25.none.20.100ms", "data": {"timestamp": 1749673881023, "change_id": 72257831284, "instrument_name": "ETH-20JUN25", "bids": [[2819.25, 1541.0], [2819.0, 5348.0], [2818.75, 1113.0], [2818.5, 1378.0], [2818.25, 2776.0], [2818.0, 8895.0], [2817.75, 421.0], [2817.5, 1403.0], [2817.0, 2276.0], [2816.75, 7767.0], [2816.5, 430.0], [2816.25, 1434.0], [2816.0, 417.0], [2815.75, 1391.0], [2815.5, 435.0], [2815.25, 1434.0], [2815.0, 412.0], [2814.75, 1372.0], [2814.5, 6122.0], [2814.25, 6073.0]], "asks": [[2819.75, 1837.0], [2820.0, 910.0], [2820.25, 910.0], [2820.5, 2972.0], [2820.75, 8764.0], [2821.0, 2344.0], [2821.25, 1251.0], [2821.5, 2344.0], [2821.75, 1312.0], [2822.0, 2427.0], [2822.25, 1413.0], [2822.5, 1378.0], [2822.75, 1736.0], [2823.0, 6616.0], [2823.25, 1382.0], [2823.75, 411.0], [2824.0, 1371.0], [2824.5, 1403.0], [2826.0, 1371.0], [2826.5, 18649.0]]}}}
{"jsonrpc": "2.0", "method": "subscription", "params": {"channel": "book.ETH-13JUN25.none.20.100ms", "data": {"timestamp": 1749673881332, "change_id": 72257832794, "instrument_name": "ETH-13JUN25", "bids": [[2816.0, 5453.0], [2815.75, 602.0], [2815.5, 2005.0], [2815.25, 508.0], [2815.0, 1852.0], [2814.75, 1790.0], [2814.5, 7775.0], [2814.25, 6794.0], [2814.0, 21608.0], [2813.75, 13963.0], [2813.5, 511.0], [2813.25, 1702.0], [2813.0, 508.0], [2812.75, 1967.0], [2812.25, 8928.0], [2812.0, 25268.0], [2811.75, 16086.0], [2811.5, 48517.0], [2811.25, 1724.0], [2810.75, 106010.0]], "asks": [[2816.5, 5623.0], [2816.75, 8232.0], [2817.0, 9775.0], [2817.25, 2614.0], [2817.5, 2485.0], [2817.75, 2564.0], [2818.0, 2600.0], [2818.25, 3018.0], [2818.5, 4392.0], [2818.75, 275.0], [2819.0, 1692.0], [2819.25, 8121.0], [2819.5, 27786.0], [2819.75, 275.0], [2820.0, 1975.0], [2820.25, 1669.0], [2821.0, 275.0], [2821.25, 1671.0], [2821.5, 509.0], [2821.75, 1697.0]]}}}
{"jsonrpc": "2.0", "method": "subscription", "params": {"channel": "book.ETH-20JUN25.none.20.100ms", "data": {"timestamp": 1749673881349, "change_id": 72257832746, "instrument_name": "ETH-20JUN25", "bids": [[2819.25, 488.0], [2819.0, 1838.0], [2818.75, 4413.0], [2818.5, 1378.0], [2818.25, 160.0], [2818.0, 1395.0], [2817.75, 421.0], [2817.5, 1403.0], [2817.25, 7500.0], [2817.0, 430.0], [2816.75, 3204.0], [2816.5, 6765.0], [2816.25, 1434.0], [2816.0, 417.0], [2815.75, 1391.0], [2815.5, 5.0], [2815.25, 1434.0], [2815.0, 1160.0], [2814.75, 1372.0], [2814.5, 6122.0]], "asks": [[2819.75, 4210.0], [2820.0, 700.0], [2820.25, 8200.0], [2820.5, 700.0], [2820.75, 1264.0], [2821.0, 2134.0], [2821.25, 1251.0], [2821.5, 2344.0], [2821.75, 1312.0], [2822.0, 2127.0], [2822.25, 413.0], [2822.5, 1378.0], [2822.75, 1736.0], [2823.0, 6616.0], [2823.25, 1382.0], [2824.5, 1403.0], [2826.0, 1371.0], [2826.5, 18649.0], [2826.75, 5.0], [2828.25, 40000.0]]}}}
{"jsonrpc": "2.0", "method": "subscription", "params": {"channel": "book.ETH-13JUN25.none.20.100ms", "data": {"timestamp": 1749673881685, "change_id": 72257833935, "instrument_name": "ETH-13JUN25", "bids": [[2816.0, 3987.0], [2815.75, 602.0], [2815.5, 2005.0], [2815.25, 508.0], [2815.0, 1852.0], [2814.75, 1790.0], [2814.5, 7775.0], [2814.25, 6794.0], [2814.0, 21608.0], [2813.75, 13963.0], [2813.5, 511.0], [2813.25, 1702.0], [2813.0, 508.0], [2812.75, 1967.0], [2812.5, 506.0], [2812.25, 1961.0], [2812.0, 7871.0], [2811.75, 40848.0], [2811.5, 48517.0], [2811.25, 1724.0]], "asks": [[2816.75, 4779.0], [2817.0, 10226.0], [2817.25, 2614.0], [2817.5, 2559.0], [2817.75, 2564.0], [2818.0, 2600.0], [2818.25, 3018.0], [2818.5, 4392.0], [2818.75, 275.0], [2819.0, 1692.0], [2819.25, 8121.0], [2819.5, 27786.0], [2819.75, 476.0], [2820.0, 1975.0], [2820.25, 1669.0], [2821.0, 275.0], [2821.25, 1671.0], [2821.5, 509.0], [2821.75, 1697.0], [2822.0, 5564.0]]}}}
{"jsonrpc": "2.0", "method": "subscription", "params": {"channel": "book.ETH-20JUN25.none.20.100ms", "data": {"timestamp": 1749673881682, "change_id": 72257833919, "instrument_name": "ETH-20JUN25", "bids": [[2819.25, 700.0], [2819.0, 1838.0], [2818.75, 1113.0], [2818.5, 1378.0], [2818.25, 579.0], [2818.0, 1395.0], [2817.75, 421.0], [2817.5, 3653.0], [2817.25, 7500.0], [2817.0, 430.0], [2816.75, 3333.0], [2816.5, 6765.0], [2816.25, 1434.0], [2816.0, 417.0], [2815.75, 1391.0], [2815.5, 435.0], [2815.25, 1782.0], [2815.0, 1572.0], [2814.75, 1372.0], [2814.25, 12195.0]], "asks": [[2819.75, 210.0], [2820.0, 3208.0], [2820.25, 8570.0], [2820.5, 910.0], [2820.75, 1340.0], [2821.0, 2344.0], [2821.25, 1340.0], [2821.5, 2344.0], [2821.75, 1338.0], [2822.0, 2127.0], [2822.25, 413.0], [2822.5, 1378.0], [2822.75, 1860.0], [2823.0, 6616.0], [2823.25, 1382.0], [2824.5, 1403.0], [2826.0, 1371.0], [2826.5, 18649.0], [2826.75, 5.0], [2828.25, 40000.0]]}}}
{"jsonrpc": "2.0", "method": "subscription", "params": {"channel": "book.ETH-13JUN25.none.20.100ms", "data": {"timestamp": 1749673881793, "change_id": 72257835697, "instrument_name": "ETH-13JUN25", "bids": [[2816.75, 5453.0], [2816.5, 3987.0], [2815.75, 1967.0], [2815.5, 12269.0], [2815.0, 9352.0], [2814.25, 1669.0], [2814.0, 18000.0], [2813.75, 1721.0], [2813.5, 12242.0], [2813.25, 1702.0], [2812.75, 1692.0], [2812.25, 1686.0], [2812.0, 24762.0], [2811.75, 1686.0], [2811.5, 48000.0], [2811.25, 1724.0], [2810.75, 105498.0], [2810.5, 1706.0], [2810.0, 1686.0], [2809.5, 1689.0]], "asks": [[2817.0, 2000.0], [2817.25, 160.0], [2817.5, 2000.0], [2817.75, 10953.0], [2818.25, 2000.0], [2818.5, 4392.0], [2818.75, 2000.0], [2819.0, 1692.0], [2819.5, 27186.0], [2820.0, 1700.0], [2820.25, 1669.0], [2821.25, 1671.0], [2821.75, 1697.0], [2822.25, 19671.0], [2822.75, 1729.0], [2823.0, 17230.0], [2823.75, 90000.0], [2824.75, 400.0], [2825.25, 1715.0], [2825.5, 40000.0]]}}}
{"jsonrpc": "2.0", "method": "subscription", "params": {"channel": "book.ETH-20JUN25.none.20.100ms", "data": {"timestamp": 1749673882014, "change_id": 72257835695, "instrument_name": "ETH-20JUN25", "bids": [[2820.0, 3300.0], [2819.5, 2538.0], [2819.25, 700.0], [2819.0, 2344.0], [2818.75, 1113.0], [2818.5, 5109.0], [2818.25, 15105.0], [2818.0, 8895.0], [2817.75, 421.0], [2817.5, 1403.0], [2817.25, 1901.0], [2817.0, 6765.0], [2816.75, 1432.0], [2816.5, 430.0], [2816.25, 1434.0], [2816.0, 417.0], [2815.75, 1391.0], [2815.5, 5.0], [2815.25, 3619.0], [2815.0, 7282.0]], "asks": [[2820.25, 700.0], [2820.5, 2060.0], [2820.75, 6938.0], [2821.0, 8934.0], [2821.25, 1130.0], [2821.5, 1434.0], [2821.75, 1128.0], [2822.0, 1427.0], [2822.5, 1378.0], [2822.75, 1000.0], [2823.0, 6201.0], [2823.25, 1382.0], [2824.5, 1403.0], [2826.0, 1371.0], [2826.5, 18649.0], [2826.75, 5.0], [2828.25, 40000.0], [2828.5, 20544.0], [2829.0, 1795.0], [2830.0, 1395.0]]}}}
{"jsonrpc": "2.0", "method": "subscription", "params": {"channel": "book.ETH-13JUN25.none.20.100ms", "data": {"timestamp": 1749673882333, "change_id": 72257836734, "instrument_name": "ETH-13JUN25", "bids": [[2816.25, 1987.0], [2816.0, 2275.0], [2815.75, 2000.0], [2815.5, 165.0], [2815.25, 275.0], [2815.0, 9192.0], [2814.25, 14186.0], [2814.0, 18000.0], [2813.75, 1721.0], [2813.25, 1702.0], [2812.75, 1692.0], [2812.5, 24762.0], [2812.25, 1686.0], [2811.75, 1686.0], [2811.5, 48000.0], [2811.25, 1724.0], [2810.75, 105498.0], [2810.5, 1706.0], [2810.0, 1686.0], [2809.5, 1689.0]], "asks": [[2817.0, 5453.0], [2817.25, 2147.0], [2817.5, 2000.0], [2817.75, 7500.0], [2818.0, 1692.0], [2818.25, 2000.0], [2818.5, 4392.0], [2818.75, 2000.0], [2819.0, 1692.0], [2819.25, 2002.0], [2819.5, 27186.0], [2820.0, 1700.0], [2820.25, 1669.0], [2821.25, 1671.0], [2821.75, 1697.0], [2822.25, 19671.0], [2822.75, 1729.0], [2823.0, 17230.0], [2823.75, 90000.0], [2824.75, 400.0]]}}}
{"jsonrpc": "2.0", "method": "subscription", "params": {"channel": "book.ETH-20JUN25.none.20.100ms", "data": {"timestamp": 1749673882331, "change_id": 72257836722, "instrument_name": "ETH-20JUN25", "bids": [[2819.5, 1838.0], [2819.25, 700.0], [2819.0, 958.0], [2818.75, 1273.0], [2818.5, 1378.0], [2818.25, 2669.0], [2818.0, 8895.0], [2817.75, 421.0], [2817.5, 1403.0], [2817.25, 1901.0], [2817.0, 6765.0], [2816.75, 1432.0], [2816.5, 430.0], [2816.25, 1434.0], [2816.0, 417.0], [2815.75, 1391.0], [2815.5, 435.0], [2815.25, 3619.0], [2815.0, 7282.0], [2814.75, 1372.0]], "asks": [[2820.0, 910.0], [2820.25, 4258.0], [2820.5, 1070.0], [2820.75, 3638.0], [2821.0, 8934.0], [2821.25, 1130.0], [2821.5, 1644.0], [2821.75, 1128.0], [2822.0, 1427.0], [2822.25, 1415.0], [2822.5, 2380.0], [2822.75, 1860.0], [2823.0, 6616.0], [2823.25, 1382.0], [2824.25, 421.0], [2824.5, 1403.0], [2826.0, 1371.0], [2826.5, 18649.0], [2826.75, 5.0], [2828.25, 40000.0]]}}}
{"jsonrpc": "2.0", "method": "subscription", "params": {"channel": "book.ETH-13JUN25.none.20.100ms", "data": {"timestamp": 1749673882599, "change_id": 72257837384, "instrument_name": "ETH-13JUN25", "bids": [[2816.5, 4015.0], [2816.25, 2553.0], [2816.0, 2566.0], [2815.75, 2557.0], [2815.5, 1857.0], [2815.25, 2723.0], [2815.0, 9192.0], [2814.5, 4173.0], [2814.25, 19277.0], [2814.0, 18000.0], [2813.5, 476.0], [2813.25, 1702.0], [2812.75, 1967.0], [2812.5, 24762.0], [2812.25, 1686.0], [2811.75, 1686.0], [2811.5, 48000.0], [2811.25, 1724.0], [2810.75, 105498.0], [2810.5, 1706.0]], "asks": [[2817.0, 2644.0], [2817.25, 6200.0], [2817.5, 4250.0], [2817.75, 7500.0], [2818.0, 1692.0], [2818.25, 3283.0], [2818.5, 5558.0], [2818.75, 4002.0], [2819.0, 1692.0], [2819.5, 27186.0], [2820.0, 1700.0], [2821.25, 1671.0], [2821.75, 1697.0], [2822.25, 19671.0], [2822.75, 1729.0], [2823.0, 17230.0], [2823.75, 90000.0], [2824.75, 400.0], [2825.25, 1715.0], [2825.5, 40000.0]]}}}
{"jsonrpc": "2.0", "method": "subscription", "params": {"channel": "book.ETH-20JUN25.none.20.100ms", "data": {"timestamp": 1749673882659, "change_id": 72257837625, "instrument_name": "ETH-20JUN25", "bids": [[2819.5, 5838.0], [2819.25, 700.0], [2819.0, 958.0], [2818.75, 1273.0], [2818.5, 1378.0], [2818.25, 2669.0], [2818.0, 8895.0], [2817.5, 1403.0], [2817.0, 2276.0], [2816.75, 7767.0], [2816.5, 430.0], [2816.25, 1434.0], [2816.0, 417.0], [2815.75, 1391.0], [2815.5, 435.0], [2815.25, 1434.0], [2815.0, 1160.0], [2814.75, 7494.0], [2814.25, 6073.0], [2814.0, 15497.0]], "asks": [[2820.0, 210.0], [2820.25, 1916.0], [2820.5, 4370.0], [2820.75, 3638.0], [2821.0, 9144.0], [2821.25, 1130.0], [2821.5, 1644.0], [2821.75, 1645.0], [2822.0, 3431.0], [2822.25, 413.0], [2822.5, 1378.0], [2822.75, 1860.0], [2823.0, 6616.0], [2823.25, 1382.0], [2824.25, 421.0], [2824.5, 1403.0], [2826.0, 1371.0], [2826.5, 18649.0], [2826.75, 5.0], [2828.25, 40000.0]]}}}
{"jsonrpc": "2.0", "method": "subscription", "params": {"channel": "book.ETH-13JUN25.none.20.100ms", "data": {"timestamp": 1749673883003, "change_id": 72257838348, "instrument_name": "ETH-13JUN25", "bids": [[2816.5, 4015.0], [2816.25, 1125.0], [2816.0, 4553.0], [2815.75, 3087.0], [2815.5, 3857.0], [2815.25, 2723.0], [2815.0, 9192.0], [2814.5, 4173.0], [2814.25, 19277.0], [2814.0, 18000.0], [2813.5, 476.0], [2813.25, 1702.0], [2813.0, 508.0], [2812.75, 9086.0], [2812.5, 25268.0], [2812.25, 1686.0], [2812.0, 506.0], [2811.75, 16086.0], [2811.5, 48517.0], [2811.25, 1724.0]], "asks": [[2816.75, 3987.0], [2817.0, 3600.0], [2817.25, 6213.0], [2817.5, 4250.0], [2817.75, 8008.0], [2818.0, 2258.0], [2818.25, 3283.0], [2818.5, 4958.0], [2818.75, 3108.0], [2819.0, 3694.0], [2819.25, 8156.0], [2819.5, 27186.0], [2819.75, 510.0], [2820.0, 1700.0], [2821.0, 501.0], [2821.25, 1671.0], [2821.5, 275.0], [2821.75, 1697.0], [2822.0, 5901.0], [2822.25, 19671.0]]}}}
{"jsonrpc": "2.0", "method": "subscription", "params": {"channel": "book.ETH-20JUN25.none.20.100ms", "data": {"timestamp": 1749673882995, "change_id": 72257838318, "instrument_name": "ETH-20JUN25", "bids": [[2819.5, 3300.0], [2819.25, 2748.0], [2819.0, 958.0], [2818.75, 1273.0], [2818.5, 2078.0], [2818.25, 2669.0], [2818.0, 8895.0], [2817.75, 421.0], [2817.5, 1403.0], [2817.0, 2276.0], [2816.75, 7767.0], [2816.5, 430.0], [2816.25, 1434.0], [2816.0, 417.0], [2815.75, 1391.0], [2815.5, 435.0], [2815.25, 1782.0], [2815.0, 1160.0], [2814.75, 7494.0], [2814.25, 6073.0]], "asks": [[2819.75, 701.0], [2820.0, 210.0], [2820.25, 1916.0], [2820.5, 4370.0], [2820.75, 3638.0], [2821.0, 9144.0], [2821.25, 1130.0], [2821.5, 1644.0], [2821.75, 1645.0], [2822.0, 2730.0], [2822.25, 1415.0], [2822.5, 1378.0], [2822.75, 1860.0], [2823.0, 6616.0], [2823.25, 1382.0], [2824.25, 421.0], [2824.5, 1403.0], [2826.0, 1371.0], [2826.5, 18649.0], [2826.75, 5.0]]}}}
{"jsonrpc": "2.0", "method": "subscription", "params": {"channel": "book.ETH-13JUN25.none.20.100ms", "data": {"timestamp": 1749673883310, "change_id": 72257839536, "instrument_name": "ETH-13JUN25", "bids": [[2816.25, 4029.0], [2816.0, 14954.0], [2815.75, 2557.0], [2815.5, 2165.0], [2815.25, 2723.0], [2815.0, 9192.0], [2814.5, 4173.0], [2814.25, 19277.0], [2814.0, 18508.0], [2813.75, 1692.0], [2813.5, 9451.0], [2813.25, 31702.0], [2813.0, 508.0], [2812.75, 9086.0], [2812.5, 25268.0], [2812.25, 1686.0], [2812.0, 506.0], [2811.75, 16086.0], [2811.5, 48517.0], [2811.25, 1724.0]], "asks": [[2816.75, 3987.0], [2817.0, 2644.0], [2817.25, 4559.0], [2817.5, 10498.0], [2817.75, 8008.0], [2818.0, 2258.0], [2818.25, 3283.0], [2818.5, 5222.0], [2818.75, 3775.0], [2819.0, 2693.0], [2819.25, 8156.0], [2819.5, 27186.0], [2819.75, 510.0], [2820.0, 1700.0], [2821.0, 501.0], [2821.25, 1671.0], [2821.5, 275.0], [2821.75, 1697.0], [2822.0, 5901.0], [2822.25, 19671.0]]}}}
{"jsonrpc": "2.0", "method": "subscription", "params": {"channel": "book.ETH-20JUN25.none.20.100ms", "data": {"timestamp": 1749673883337, "change_id": 72257839601, "instrument_name": "ETH-20JUN25", "bids": [[2819.25, 4594.0], [2819.0, 8415.0], [2818.75, 5430.0], [2818.5, 2078.0], [2818.25, 2669.0], [2818.0, 8895.0], [2817.75, 421.0], [2817.5, 1403.0], [2817.0, 2276.0], [2816.75, 7767.0], [2816.5, 430.0], [2816.25, 1434.0], [2816.0, 417.0], [2815.75, 1391.0], [2815.5, 435.0], [2815.25, 1782.0], [2815.0, 3408.0], [2814.75, 7494.0], [2814.25, 6073.0], [2814.0, 15497.0]], "asks": [[2820.0, 210.0], [2820.25, 4818.0], [2820.5, 14812.0], [2820.75, 1130.0], [2821.0, 1644.0], [2821.25, 1130.0], [2821.5, 1644.0], [2821.75, 1645.0], [2822.0, 2730.0], [2822.25, 413.0], [2822.5, 2380.0], [2822.75, 1860.0], [2823.0, 6616.0], [2823.25, 1382.0], [2824.25, 421.0], [2824.5, 1403.0], [2826.0, 1371.0], [2826.5, 18649.0], [2826.75, 5.0], [2828.25, 40000.0]]}}}
{"jsonrpc": "2.0", "method": "subscription", "params": {"channel": "book.ETH-13JUN25.none.20.100ms", "data": {"timestamp": 1749673883527, "change_id": 72257840144, "instrument_name": "ETH-13JUN25", "bids": [[2816.25, 4029.0], [2816.0, 10801.0], [2815.75, 2557.0], [2815.5, 2165.0], [2815.25, 2723.0], [2815.0, 9192.0], [2814.5, 4173.0], [2814.25, 19277.0], [2814.0, 18508.0], [2813.75, 1692.0], [2813.5, 9451.0], [2813.25, 31702.0], [2813.0, 508.0], [2812.75, 9086.0], [2812.5, 25268.0], [2812.25, 1686.0], [2812.0, 506.0], [2811.75, 16086.0], [2811.5, 48517.0], [2811.25, 1724.0]], "asks": [[2816.75, 4587.0], [2817.0, 2644.0], [2817.25, 4559.0], [2817.5, 10498.0], [2817.75, 8008.0], [2818.0, 2258.0], [2818.25, 3283.0], [2818.5, 4958.0], [2818.75, 2774.0], [2819.0, 3694.0], [2819.25, 8156.0], [2819.5, 27186.0], [2819.75, 510.0], [2820.0, 1700.0], [2821.0, 501.0], [2821.25, 1671.0], [2821.5, 275.0], [2821.75, 1697.0], [2822.0, 5901.0], [2822.25, 19671.0]]}}}
{"jsonrpc": "2.0", "method": "subscription", "params": {"channel": "book.ETH-20JUN25.none.20.100ms", "data": {"timestamp": 1749673883567, "change_id": 72257840334, "instrument_name": "ETH-20JUN25", "bids": [[2819.25, 4594.0], [2819.0, 7200.0], [2818.75, 1273.0], [2818.5, 2078.0], [2818.25, 2669.0], [2818.0, 8895.0], [2817.75, 421.0], [2817.5, 1403.0], [2817.0, 2276.0], [2816.75, 7767.0], [2816.5, 430.0], [2816.25, 1434.0], [2816.0, 417.0], [2815.75, 1391.0], [2815.5, 435.0], [2815.25, 1782.0], [2815.0, 3408.0], [2814.75, 7494.0], [2814.25, 6073.0], [2814.0, 15497.0]], "asks": [[2820.0, 210.0], [2820.25, 4818.0], [2820.5, 14812.0], [2820.75, 1130.0], [2821.0, 1644.0], [2821.25, 1130.0], [2821.5, 1644.0], [2821.75, 1375.0], [2822.0, 2427.0], [2822.25, 932.0], [2822.5, 3382.0], [2822.75, 1860.0], [2823.0, 6616.0], [2823.25, 1382.0], [2826.0, 1371.0], [2826.5, 18649.0], [2826.75, 5.0], [2828.25, 40000.0], [2828.5, 20544.0], [2829.0, 1795.0]]}}}
{"jsonrpc": "2.0", "method": "subscription", "params": {"channel": "book.ETH-13JUN25.none.20.100ms", "data": {"timestamp": 1749673883948, "change_id": 72257841338, "instrument_name": "ETH-13JUN25", "bids": [[2816.0, 6391.0], [2815.75, 8805.0], [2815.5, 2765.0], [2815.25, 4723.0], [2815.0, 9192.0], [2814.5, 4173.0], [2814.25, 19277.0], [2814.0, 18508.0], [2813.75, 1692.0], [2813.5, 9451.0], [2813.25, 31702.0], [2813.0, 508.0], [2812.75, 9086.0], [2812.5, 25268.0], [2812.25, 1686.0], [2812.0, 506.0], [2811.75, 16086.0], [2811.5, 48517.0], [2811.25, 1724.0], [2810.75, 105498.0]], "asks": [[2816.5, 2000.0], [2816.75, 4587.0], [2817.0, 6467.0], [2817.25, 16508.0], [2817.5, 2000.0], [2817.75, 508.0], [2818.0, 2258.0], [2818.25, 3283.0], [2818.5, 4958.0], [2818.75, 2774.0], [2819.0, 3694.0], [2819.25, 8156.0], [2819.5, 27186.0], [2819.75, 510.0], [2820.0, 1700.0], [2821.0, 501.0], [2821.25, 1671.0], [2821.5, 275.0], [2821.75, 1697.0], [2822.0, 5901.0]]}}}
{"jsonrpc": "2.0", "method": "subscription", "params": {"channel": "book.ETH-20JUN25.none.20.100ms", "data": {"timestamp": 1749673883881, "change_id": 72257841193, "instrument_name": "ETH-20JUN25", "bids": [[2819.0, 9038.0], [2818.75, 1273.0], [2818.5, 2288.0], [2818.25, 3369.0], [2818.0, 8895.0], [2817.75, 421.0], [2817.5, 1403.0], [2817.0, 2276.0], [2816.75, 7767.0], [2816.5, 430.0], [2816.25, 1434.0], [2816.0, 417.0], [2815.75, 1391.0], [2815.5, 435.0], [2815.25, 1782.0], [2815.0, 3408.0], [2814.75, 7494.0], [2814.25, 6073.0], [2814.0, 15497.0], [2812.75, 1393.0]], "asks": [[2819.5, 910.0], [2819.75, 700.0], [2820.0, 210.0], [2820.25, 4818.0], [2820.5, 14812.0], [2820.75, 1130.0], [2821.0, 1644.0], [2821.25, 1130.0], [2821.5, 1644.0], [2821.75, 1375.0], [2822.0, 2427.0], [2822.25, 932.0], [2822.5, 3382.0], [2822.75, 1860.0], [2823.0, 6616.0], [2823.25, 1382.0], [2826.0, 1371.0], [2826.5, 18649.0], [2826.75, 5.0], [2828.25, 40000.0]]}}}
{"jsonrpc": "2.0", "method": "subscription", "params": {"channel": "book.ETH-13JUN25.none.20.100ms", "data": {"timestamp": 1749673884188, "change_id": 72257842220, "instrument_name": "ETH-13JUN25", "bids": [[2816.0, 4404.0], [2815.75, 8805.0], [2815.5, 10573.0], [2815.25, 30998.0], [2815.0, 1692.0], [2814.5, 5902.0], [2814.25, 21686.0], [2814.0, 5844.0], [2813.75, 19692.0], [2813.5, 9451.0], [2813.25, 31702.0], [2813.0, 508.0], [2812.75, 9086.0], [2812.5, 25268.0], [2812.25, 1686.0], [2812.0, 506.0], [2811.75, 16086.0], [2811.5, 48517.0], [2811.25, 1724.0], [2810.75, 105498.0]], "asks": [[2816.5, 3196.0], [2816.75, 6386.0], [2817.0, 10690.0], [2817.25, 10260.0], [2817.5, 2000.0], [2817.75, 508.0], [2818.0, 2258.0], [2818.25, 3283.0], [2818.5, 5222.0], [2818.75, 4277.0], [2819.0, 1692.0], [2819.25, 8156.0], [2819.5, 27186.0], [2819.75, 510.0], [2820.0, 1700.0], [2821.0, 501.0], [2821.25, 1671.0], [2821.5, 275.0], [2821.75, 1697.0], [2822.0, 5901.0]]}}}
{"jsonrpc": "2.0", "method": "subscription", "params": {"channel": "book.ETH-20JUN25.none.20.100ms", "data": {"timestamp": 1749673884321, "change_id": 72257842221, "instrument_name": "ETH-20JUN25", "bids": [[2819.0, 1509.0], [2818.75, 5142.0], [2818.5, 8530.0], [2818.25, 3369.0], [2818.0, 8895.0], [2817.75, 421.0], [2817.5, 1403.0], [2817.0, 2276.0], [2816.75, 7767.0], [2816.5, 430.0], [2816.25, 1434.0], [2816.0, 417.0], [2815.75, 1391.0], [2815.5, 435.0], [2815.25, 1782.0], [2815.0, 3408.0], [2814.75, 7494.0], [2814.25, 6073.0], [2814.0, 15497.0], [2812.75, 1393.0]], "asks": [[2819.5, 210.0], [2819.75, 2573.0], [2820.0, 6452.0], [2820.25, 2798.0], [2820.5, 8570.0], [2820.75, 1130.0], [2821.0, 1644.0], [2821.25, 1130.0], [2821.5, 1644.0], [2821.75, 1375.0], [2822.0, 2991.0], [2822.25, 2417.0], [2822.5, 1378.0], [2822.75, 1860.0], [2823.0, 6616.0], [2823.25, 1382.0], [2826.0, 1371.0], [2826.5, 18649.0], [2826.75, 5.0], [2828.25, 40000.0]]}}}
{"jsonrpc": "2.0", "method": "subscription", "params": {"channel": "book.ETH-13JUN25.none.20.100ms", "data": {"timestamp": 1749673884560, "change_id": 72257842743, "instrument_name": "ETH-13JUN25", "bids": [[2816.0, 2566.0], [2815.75, 4406.0], [2815.5, 8853.0], [2815.25, 2275.0], [2815.0, 1692.0], [2814.75, 160.0], [2814.5, 5902.0], [2814.25, 21686.0], [2814.0, 5844.0], [2813.75, 19692.0], [2813.5, 9451.0], [2813.25, 31702.0], [2813.0, 508.0], [2812.75, 9086.0], [2812.5, 25268.0], [2812.25, 1686.0], [2812.0, 506.0], [2811.75, 16086.0], [2811.5, 48517.0], [2811.25, 1724.0]], "asks": [[2816.5, 3196.0], [2816.75, 6546.0], [2817.0, 10690.0], [2817.25, 10100.0], [2817.5, 2000.0], [2817.75, 508.0], [2818.0, 2258.0], [2818.25, 3283.0], [2818.5, 5222.0], [2818.75, 4277.0], [2819.0, 1692.0], [2819.25, 8156.0], [2819.5, 27186.0], [2819.75, 510.0], [2820.0, 1700.0], [2821.0, 501.0], [2821.25, 1671.0], [2821.5, 275.0], [2821.75, 1697.0], [2822.0, 5901.0]]}}}
{"jsonrpc": "2.0", "method": "subscription", "params": {"channel": "book.ETH-20JUN25.none.20.100ms", "data": {"timestamp": 1749673884553, "change_id": 72257842727, "instrument_name": "ETH-20JUN25", "bids": [[2818.75, 4982.0], [2818.5, 8530.0], [2818.25, 3369.0], [2818.0, 9055.0], [2817.75, 421.0], [2817.5, 1403.0], [2817.0, 430.0], [2816.75, 3333.0], [2816.5, 6765.0], [2816.25, 1434.0], [2816.0, 417.0], [2815.75, 1391.0], [2815.5, 435.0], [2815.25, 1782.0], [2815.0, 1572.0], [2814.75, 1372.0], [2814.5, 3431.0], [2814.25, 16844.0], [2814.0, 15497.0], [2812.75, 1393.0]], "asks": [[2819.5, 210.0], [2819.75, 2573.0], [2820.0, 6612.0], [2820.25, 2798.0], [2820.5, 8410.0], [2820.75, 1130.0], [2821.0, 1644.0], [2821.25, 1130.0], [2821.5, 1644.0], [2821.75, 1375.0], [2822.0, 2991.0], [2822.25, 2417.0], [2822.5, 1378.0], [2822.75, 1860.0], [2823.0, 6616.0], [2823.25, 1382.0], [2826.0, 1371.0], [2826.5, 18649.0], [2826.75, 5.0], [2828.25, 40000.0]]}}}
{"jsonrpc": "2.0", "method": "subscription", "params": {"channel": "book.ETH-13JUN25.none.20.100ms", "data": {"timestamp": 1749673884985, "change_id": 72257844286, "instrument_name": "ETH-13JUN25", "bids": [[2816.5, 6248.0], [2816.25, 2600.0], [2816.0, 3121.0], [2815.75, 4544.0], [2815.5, 2513.0], [2815.25, 2292.0], [2815.0, 2556.0], [2814.75, 1852.0], [2814.5, 2004.0], [2814.25, 12842.0], [2814.0, 18086.0], [2813.75, 19692.0], [2813.5, 9451.0], [2813.25, 31702.0], [2813.0, 508.0], [2812.75, 1692.0], [2812.5, 7871.0], [2812.25, 26448.0], [2812.0, 506.0], [2811.75, 16086.0]], "asks": [[2816.75, 3987.0], [2817.0, 4442.0], [2817.25, 10100.0], [2817.5, 4034.0], [2817.75, 6756.0], [2818.0, 2258.0], [2818.25, 3283.0], [2818.5, 3392.0], [2818.75, 275.0], [2819.0, 1692.0], [2819.25, 8156.0], [2819.5, 27186.0], [2819.75, 510.0], [2820.0, 1700.0], [2821.0, 501.0], [2821.25, 1671.0], [2821.5, 275.0], [2821.75, 1697.0], [2822.0, 5901.0], [2822.25, 19671.0]]}}}
{"jsonrpc": "2.0", "method": "subscription", "params": {"channel": "book.ETH-20JUN25.none.20.100ms", "data": {"timestamp": 1749673884974, "change_id": 72257844258, "instrument_name": "ETH-20JUN25", "bids": [[2819.5, 6242.0], [2819.25, 700.0], [2819.0, 2538.0], [2818.75, 1113.0], [2818.5, 2288.0], [2818.25, 1167.0], [2818.0, 1765.0], [2817.75, 1121.0], [2817.5, 3653.0], [2817.25, 7500.0], [2817.0, 2276.0], [2816.75, 7767.0], [2816.5, 430.0], [2816.25, 1434.0], [2816.0, 417.0], [2815.75, 1391.0], [2815.5, 435.0], [2815.25, 1782.0], [2815.0, 3357.0], [2814.75, 7494.0]], "asks": [[2820.0, 210.0], [2820.25, 2798.0], [2820.5, 10304.0], [2820.75, 7532.0], [2821.0, 1644.0], [2821.25, 1130.0], [2821.5, 1644.0], [2821.75, 1375.0], [2822.0, 2427.0], [2822.25, 413.0], [2822.5, 1378.0], [2822.75, 1860.0], [2823.0, 6616.0], [2823.25, 1382.0], [2826.0, 1371.0], [2826.5, 18649.0], [2826.75, 5.0], [2828.25, 40000.0], [2828.5, 20544.0], [2829.0, 1795.0]]}}}
{"jsonrpc": "2.0", "method": "subscription", "params": {"channel": "book.ETH-13JUN25.none.20.100ms", "data": {"timestamp": 1749673885286, "change_id": 72257845228, "instrument_name": "ETH-13JUN25", "bids": [[2816.0, 2399.0], [2815.75, 9376.0], [2815.5, 3992.0], [2815.25, 600.0], [2815.0, 2556.0], [2814.75, 1852.0], [2814.5, 2004.0], [2814.25, 9169.0], [2814.0, 5844.0], [2813.75, 19692.0], [2813.5, 9451.0], [2813.25, 43944.0], [2813.0, 508.0], [2812.75, 1692.0], [2812.5, 506.0], [2812.25, 1686.0], [2812.0, 506.0], [2811.75, 21715.0], [2811.5, 73279.0], [2811.25, 1724.0]], "asks": [[2816.5, 2000.0], [2816.75, 10835.0], [2817.0, 4602.0], [2817.25, 10100.0], [2817.5, 2000.0], [2817.75, 508.0], [2818.0, 2258.0], [2818.25, 3283.0], [2818.5, 3392.0], [2818.75, 275.0], [2819.0, 1692.0], [2819.25, 8156.0], [2819.5, 27186.0], [2819.75, 510.0], [2820.0, 1700.0], [2821.0, 501.0], [2821.25, 1671.0], [2821.5, 275.0], [2821.75, 1697.0], [2822.0, 5901.0]]}}}
{"jsonrpc": "2.0", "method": "subscription", "params": {"channel": "book.ETH-20JUN25.none.20.100ms", "data": {"timestamp": 1749673885291, "change_id": 72257845236, "instrument_name": "ETH-20JUN25", "bids": [[2819.0, 700.0], [2818.75, 3894.0], [2818.5, 7152.0], [2818.25, 1167.0], [2818.0, 1765.0], [2817.75, 1121.0], [2817.5, 3653.0], [2817.25, 7500.0], [2817.0, 430.0], [2816.75, 1432.0], [2816.5, 2277.0], [2816.25, 7769.0], [2816.0, 417.0], [2815.75, 1391.0], [2815.5, 435.0], [2815.25, 1658.0], [2815.0, 1572.0], [2814.75, 1372.0], [2814.25, 16844.0], [2814.0, 15497.0]], "asks": [[2819.5, 210.0], [2819.75, 700.0], [2820.0, 2104.0], [2820.25, 9200.0], [2820.5, 8410.0], [2820.75, 1130.0], [2821.0, 1644.0], [2821.25, 1130.0], [2821.5, 1644.0], [2821.75, 1375.0], [2822.0, 2427.0], [2822.25, 413.0], [2822.5, 1378.0], [2822.75, 1860.0], [2823.0, 6616.0], [2823.25, 1382.0], [2826.0, 1371.0], [2826.5, 18649.0], [2826.75, 5.0], [2828.25, 40000.0]]}}}
{"jsonrpc": "2.0", "method": "subscription", "params": {"channel": "book.ETH-13JUN25.none.20.100ms", "data": {"timestamp": 1749673885594, "change_id": 72257846065, "instrument_name": "ETH-13JUN25", "bids": [[2816.0, 6848.0], [2815.75, 3128.0], [2815.5, 3992.0], [2815.25, 600.0], [2815.0, 2556.0], [2814.75, 1852.0], [2814.5, 2004.0], [2814.25, 9169.0], [2814.0, 5844.0], [2813.75, 19692.0], [2813.5, 9451.0], [2813.25, 43944.0], [2813.0, 508.0], [2812.75, 1692.0], [2812.5, 506.0], [2812.25, 1686.0], [2812.0, 506.0], [2811.75, 21715.0], [2811.5, 73279.0], [2811.25, 1724.0]], "asks": [[2816.5, 2000.0], [2816.75, 2600.0], [2817.0, 4602.0], [2817.25, 11899.0], [2817.5, 8248.0], [2817.75, 508.0], [2818.0, 2258.0], [2818.25, 3283.0], [2818.5, 3392.0], [2818.75, 275.0], [2819.0, 1692.0], [2819.25, 8156.0], [2819.5, 27186.0], [2819.75, 510.0], [2820.0, 1700.0], [2821.0, 501.0], [2821.25, 1671.0], [2821.5, 275.0], [2821.75, 1697.0], [2822.0, 5901.0]]}}}
{"jsonrpc": "2.0", "method": "subscription", "params": {"channel": "book.ETH-20JUN25.none.20.100ms", "data": {"timestamp": 1749673885601, "change_id": 72257845905, "instrument_name": "ETH-20JUN25", "bids": [[2819.25, 3334.0], [2819.0, 8780.0], [2818.75, 210.0], [2818.5, 910.0], [2818.25, 1167.0], [2818.0, 1765.0], [2817.75, 1121.0], [2817.5, 3653.0], [2817.25, 7500.0], [2817.0, 430.0], [2816.75, 1432.0], [2816.5, 2277.0], [2816.25, 7769.0], [2816.0, 417.0], [2815.75, 1391.0], [2815.5, 435.0], [2815.25, 1658.0], [2815.0, 1572.0], [2814.75, 1372.0], [2814.25, 16844.0]], "asks": [[2819.75, 700.0], [2820.0, 2104.0], [2820.25, 9200.0], [2820.5, 8410.0], [2820.75, 1130.0], [2821.0, 1644.0], [2821.25, 1130.0], [2821.5, 1644.0], [2821.75, 1375.0], [2822.0, 2427.0], [2822.25, 413.0], [2822.5, 1378.0], [2822.75, 1860.0], [2823.0, 6616.0], [2823.25, 1382.0], [2826.0, 1371.0], [2826.5, 18649.0], [2826.75, 5.0], [2828.25, 40000.0], [2828.5, 20544.0]]}}}
{"jsonrpc": "2.0", "method": "subscription", "params": {"channel": "book.ETH-13JUN25.none.20.100ms", "data": {"timestamp": 1749673885907, "change_id": 72257846510, "instrument_name": "ETH-13JUN25", "bids": [[2816.25, 2000.0], [2816.0, 4587.0], [2815.75, 2557.0], [2815.5, 2005.0], [2815.25, 760.0], [2815.0, 2556.0], [2814.75, 1692.0], [2814.5, 2004.0], [2814.25, 9169.0], [2814.0, 5844.0], [2813.75, 19692.0], [2813.5, 9451.0], [2813.25, 43944.0], [2813.0, 508.0], [2812.75, 1692.0], [2812.5, 506.0], [2812.25, 1686.0], [2812.0, 506.0], [2811.75, 7590.0], [2811.5, 25279.0]], "asks": [[2816.5, 2000.0], [2816.75, 2600.0], [2817.0, 4602.0], [2817.25, 11899.0], [2817.5, 8248.0], [2817.75, 508.0], [2818.0, 2258.0], [2818.25, 3283.0], [2818.5, 3392.0], [2818.75, 275.0], [2819.0, 1692.0], [2819.25, 8156.0], [2819.5, 27186.0], [2819.75, 510.0], [2820.0, 1700.0], [2821.0, 501.0], [2821.25, 1671.0], [2821.5, 275.0], [2821.75, 1697.0], [2822.0, 5901.0]]}}}
{"jsonrpc": "2.0", "method": "subscription", "params": {"channel": "book.ETH-20JUN25.none.20.100ms", "data": {"timestamp": 1749673885981, "change_id": 72257846547, "instrument_name": "ETH-20JUN25", "bids": [[2819.0, 2538.0], [2818.75, 210.0], [2818.5, 1070.0], [2818.25, 1167.0], [2818.0, 3829.0], [2817.75, 8621.0], [2817.5, 1403.0], [2817.0, 430.0], [2816.75, 1432.0], [2816.5, 2277.0], [2816.25, 7769.0], [2816.0, 417.0], [2815.75, 1391.0], [2815.5, 435.0], [2815.25, 1658.0], [2815.0, 1572.0], [2814.75, 1372.0], [2814.25, 16844.0], [2814.0, 15497.0], [2812.75, 1393.0]], "asks": [[2819.5, 210.0], [2819.75, 910.0], [2820.0, 2804.0], [2820.25, 9200.0], [2820.5, 8410.0], [2820.75, 1130.0], [2821.0, 1644.0], [2821.25, 1130.0], [2821.5, 1644.0], [2821.75, 1375.0], [2822.0, 2427.0], [2822.25, 413.0], [2822.5, 1378.0], [2822.75, 1860.0], [2823.0, 6616.0], [2823.25, 1382.0], [2826.0, 1371.0], [2826.5, 18649.0], [2826.75, 5.0], [2828.25, 40000.0]]}}}
{"jsonrpc": "2.0", "method": "subscription", "params": {"channel": "book.ETH-13JUN25.none.20.100ms", "data": {"timestamp": 1749673886298, "change_id": 72257847424, "instrument_name": "ETH-13JUN25", "bids": [[2816.25, 2000.0], [2816.0, 10835.0], [2815.75, 12668.0], [2815.5, 35792.0], [2815.25, 760.0], [2815.0, 2556.0], [2814.75, 1692.0], [2814.5, 2004.0], [2814.25, 9169.0], [2814.0, 5844.0], [2813.75, 19692.0], [2813.5, 9451.0], [2813.25, 43944.0], [2813.0, 508.0], [2812.75, 1692.0], [2812.5, 506.0], [2812.25, 1686.0], [2812.0, 506.0], [2811.75, 7590.0], [2811.5, 25279.0]], "asks": [[2816.5, 2000.0], [2816.75, 4587.0], [2817.0, 4602.0], [2817.25, 11899.0], [2817.5, 8248.0], [2817.75, 508.0], [2818.0, 2258.0], [2818.25, 3283.0], [2818.5, 3392.0], [2818.75, 275.0], [2819.0, 1692.0], [2819.25, 8156.0], [2819.5, 27186.0], [2819.75, 510.0], [2820.0, 1700.0], [2821.0, 501.0], [2821.25, 1671.0], [2821.5, 275.0], [2821.75, 1697.0], [2822.0, 5901.0]]}}}
{"jsonrpc": "2.0", "method": "subscription", "params": {"channel": "book.ETH-20JUN25.none.20.100ms", "data": {"timestamp": 1749673886114, "change_id": 72257847063, "instrument_name": "ETH-20JUN25", "bids": [[2819.25, 3239.0], [2819.0, 8780.0], [2818.75, 210.0], [2818.5, 1070.0], [2818.25, 1167.0], [2818.0, 3829.0], [2817.75, 8621.0], [2817.5, 1403.0], [2817.0, 430.0], [2816.75, 1432.0], [2816.5, 2277.0], [2816.25, 7769.0], [2816.0, 417.0], [2815.75, 1391.0], [2815.5, 435.0], [2815.25, 1658.0], [2815.0, 1572.0], [2814.75, 1372.0], [2814.25, 16844.0], [2814.0, 15497.0]], "asks": [[2819.75, 910.0], [2820.0, 2804.0], [2820.25, 9200.0], [2820.5, 8410.0], [2820.75, 1130.0], [2821.0, 1644.0], [2821.25, 1130.0], [2821.5, 1644.0], [2821.75, 1375.0], [2822.0, 2427.0], [2822.25, 413.0], [2822.5, 1378.0], [2822.75, 1860.0], [2823.0, 6201.0], [2826.0, 1371.0], [2826.5, 18649.0], [2826.75, 5.0], [2828.25, 40000.0], [2828.5, 20544.0], [2829.0, 1795.0]]}}}
{"jsonrpc": "2.0", "method": "subscription", "params": {"channel": "book.ETH-13JUN25.none.20.100ms", "data": {"timestamp": 1749673886510, "change_id": 72257847994, "instrument_name": "ETH-13JUN25", "bids": [[2816.25, 2000.0], [2816.0, 10835.0], [2815.75, 12668.0], [2815.5, 35792.0], [2815.25, 760.0], [2815.0, 2556.0], [2814.75, 1692.0], [2814.5, 2004.0], [2814.25, 9169.0], [2814.0, 5844.0], [2813.75, 19692.0], [2813.5, 9451.0], [2813.25, 43944.0], [2813.0, 508.0], [2812.75, 1692.0], [2812.5, 506.0], [2812.25, 1686.0], [2812.0, 506.0], [2811.75, 7590.0], [2811.5, 25279.0]], "asks": [[2816.5, 2000.0], [2816.75, 4587.0], [2817.0, 4602.0], [2817.25, 11899.0], [2817.5, 8248.0], [2817.75, 744.0], [2818.0, 3258.0], [2818.25, 3283.0], [2818.5, 3392.0], [2818.75, 275.0], [2819.0, 1692.0], [2819.25, 8156.0], [2819.5, 27186.0], [2819.75, 510.0], [2820.0, 1700.0], [2821.0, 501.0], [2821.25, 1671.0], [2821.5, 275.0], [2821.75, 1697.0], [2822.0, 5901.0]]}}}
{"jsonrpc": "2.0", "method": "subscription", "params": {"channel": "book.ETH-20JUN25.none.20.100ms", "data": {"timestamp": 1749673886868, "change_id": 72257848529, "instrument_name": "ETH-20JUN25", "bids": [[2819.25, 3334.0], [2819.0, 8780.0], [2818.75, 210.0], [2818.5, 1070.0], [2818.25, 1167.0], [2818.0, 4529.0], [2817.75, 8621.0], [2817.5, 1403.0], [2817.0, 430.0], [2816.75, 1432.0], [2816.5, 2277.0], [2816.25, 7769.0], [2816.0, 417.0], [2815.75, 1391.0], [2815.5, 435.0], [2815.25, 2055.0], [2815.0, 2574.0], [2814.75, 1372.0], [2814.25, 16844.0], [2814.0, 15497.0]], "asks": [[2819.75, 910.0], [2820.0, 2804.0], [2820.25, 9200.0], [2820.5, 8410.0], [2820.75, 1130.0], [2821.0, 1644.0], [2821.25, 1130.0], [2821.5, 1644.0], [2821.75, 1375.0], [2822.0, 2427.0], [2822.25, 662.0], [2822.5, 2380.0], [2822.75, 1860.0], [2823.0, 6201.0], [2826.0, 1371.0], [2826.5, 18649.0], [2826.75, 5.0], [2828.25, 40000.0], [2828.5, 20544.0], [2829.0, 1795.0]]}}}
{"jsonrpc": "2.0", "method": "subscription", "params": {"channel": "book.ETH-13JUN25.none.20.100ms", "data": {"timestamp": 1749673887263, "change_id": 72257848904, "instrument_name": "ETH-13JUN25", "bids": [[2816.25, 5071.0], [2816.0, 10835.0], [2815.75, 12668.0], [2815.5, 36354.0], [2815.25, 2474.0], [2815.0, 2556.0], [2814.75, 1692.0], [2814.5, 2004.0], [2814.25, 9169.0], [2814.0, 5844.0], [2813.75, 19692.0], [2813.5, 9451.0], [2813.25, 43944.0], [2813.0, 508.0], [2812.75, 1692.0], [2812.5, 506.0], [2812.25, 1686.0], [2812.0, 506.0], [2811.75, 7590.0], [2811.5, 25279.0]], "asks": [[2816.75, 2600.0], [2817.0, 4602.0], [2817.25, 11899.0], [2817.5, 8248.0], [2817.75, 744.0], [2818.0, 3258.0], [2818.25, 3283.0], [2818.5, 3392.0], [2818.75, 275.0], [2819.0, 1692.0], [2819.25, 8156.0], [2819.5, 27186.0], [2819.75, 510.0], [2820.0, 1700.0], [2821.0, 501.0], [2821.25, 1671.0], [2821.5, 275.0], [2821.75, 1697.0], [2822.0, 5901.0], [2822.25, 19671.0]]}}}
{"jsonrpc": "2.0", "method": "subscription", "params": {"channel": "book.ETH-20JUN25.none.20.100ms", "data": {"timestamp": 1749673887224, "change_id": 72257848838, "instrument_name": "ETH-20JUN25", "bids": [[2819.25, 3334.0], [2819.0, 9209.0], [2818.75, 1640.0], [2818.5, 1070.0], [2818.25, 1167.0], [2818.0, 4529.0], [2817.75, 8621.0], [2817.5, 1403.0], [2817.0, 430.0], [2816.75, 1432.0], [2816.5, 2277.0], [2816.25, 7769.0], [2816.0, 417.0], [2815.75, 1391.0], [2815.5, 435.0], [2815.25, 2055.0], [2815.0, 2574.0], [2814.75, 1372.0], [2814.25, 16844.0], [2814.0, 15497.0]], "asks": [[2819.75, 210.0], [2820.0, 2804.0], [2820.25, 9200.0], [2820.5, 8410.0], [2820.75, 1130.0], [2821.0, 1644.0], [2821.25, 1130.0], [2821.5, 1644.0], [2821.75, 1375.0], [2822.0, 2427.0], [2822.25, 662.0], [2822.5, 2380.0], [2822.75, 1860.0], [2823.0, 6201.0], [2826.0, 1371.0], [2826.5, 18649.0], [2826.75, 5.0], [2828.25, 40000.0], [2828.5, 20544.0], [2829.0, 1795.0]]}}}
{"jsonrpc": "2.0", "method": "subscription", "params": {"channel": "book.ETH-13JUN25.none.20.100ms", "data": {"timestamp": 1749673887481, "change_id": 72257849546, "instrument_name": "ETH-13JUN25", "bids": [[2816.25, 9410.0], [2816.0, 4587.0], [2815.75, 12668.0], [2815.5, 36354.0], [2815.25, 2474.0], [2815.0, 2556.0], [2814.75, 9192.0], [2814.5, 275.0], [2814.25, 1669.0], [2814.0, 5844.0], [2813.75, 19692.0], [2813.5, 9451.0], [2813.25, 43944.0], [2813.0, 508.0], [2812.75, 1692.0], [2812.5, 506.0], [2812.25, 1686.0], [2812.0, 506.0], [2811.75, 7590.0], [2811.5, 25279.0]], "asks": [[2816.75, 3987.0], [2817.0, 4602.0], [2817.25, 10100.0], [2817.5, 2000.0], [2817.75, 6992.0], [2818.0, 3258.0], [2818.25, 3283.0], [2818.5, 3392.0], [2818.75, 275.0], [2819.0, 1692.0], [2819.25, 8156.0], [2819.5, 27186.0], [2819.75, 510.0], [2820.0, 1700.0], [2821.0, 501.0], [2821.25, 1671.0], [2821.5, 275.0], [2821.75, 1697.0], [2822.0, 5901.0], [2822.25, 19671.0]]}}}
{"jsonrpc": "2.0", "method": "subscription", "params": {"channel": "book.ETH-20JUN25.none.20.100ms", "data": {"timestamp": 1749673887598, "change_id": 72257849671, "instrument_name": "ETH-20JUN25", "bids": [[2819.5, 910.0], [2819.25, 3334.0], [2819.0, 9209.0], [2818.75, 1640.0], [2818.5, 1070.0], [2818.25, 1167.0], [2818.0, 4529.0], [2817.75, 8621.0], [2817.5, 1403.0], [2817.0, 430.0], [2816.75, 3333.0], [2816.5, 6765.0], [2816.25, 1434.0], [2816.0, 417.0], [2815.75, 1391.0], [2815.5, 435.0], [2815.25, 1658.0], [2815.0, 1572.0], [2814.75, 1372.0], [2814.5, 6122.0]], "asks": [[2820.0, 910.0], [2820.25, 2958.0], [2820.5, 10256.0], [2820.75, 7372.0], [2821.0, 1644.0], [2821.25, 1130.0], [2821.5, 1644.0], [2821.75, 1375.0], [2822.0, 2427.0], [2822.25, 932.0], [2822.5, 3382.0], [2822.75, 1860.0], [2823.0, 6201.0], [2826.0, 1371.0], [2826.5, 18649.0], [2826.75, 5.0], [2828.25, 40000.0], [2828.5, 20544.0], [2829.0, 1795.0], [2830.0, 1395.0]]}}}
{"jsonrpc": "2.0", "method": "subscription", "params": {"channel": "book.ETH-13JUN25.none.20.100ms", "data": {"timestamp": 1749673887844, "change_id": 72257850042, "instrument_name": "ETH-13JUN25", "bids": [[2816.25, 4925.0], [2816.0, 10835.0], [2815.75, 12668.0], [2815.5, 36354.0], [2815.25, 2474.0], [2815.0, 2556.0], [2814.75, 9192.0], [2814.5, 275.0], [2814.25, 1669.0], [2814.0, 5844.0], [2813.75, 19692.0], [2813.5, 9451.0], [2813.25, 43944.0], [2813.0, 508.0], [2812.75, 1692.0], [2812.5, 506.0], [2812.25, 1686.0], [2812.0, 506.0], [2811.75, 7590.0], [2811.5, 25279.0]], "asks": [[2816.75, 4635.0], [2817.0, 4602.0], [2817.25, 11899.0], [2817.5, 8248.0], [2817.75, 744.0], [2818.0, 3258.0], [2818.25, 3283.0], [2818.5, 3392.0], [2818.75, 275.0], [2819.0, 1692.0], [2819.25, 8156.0], [2819.5, 27186.0], [2819.75, 510.0], [2820.0, 1700.0], [2821.0, 501.0], [2821.25, 1671.0], [2821.5, 275.0], [2821.75, 1697.0], [2822.0, 5901.0], [2822.25, 19671.0]]}}}
{"jsonrpc": "2.0", "method": "subscription", "params": {"channel": "book.ETH-20JUN25.none.20.100ms", "data": {"timestamp": 1749673887834, "change_id": 72257850040, "instrument_name": "ETH-20JUN25", "bids": [[2819.25, 3239.0], [2819.0, 9209.0], [2818.75, 11808.0], [2818.5, 34892.0], [2818.25, 1167.0], [2818.0, 3829.0], [2817.75, 7921.0], [2817.5, 1403.0], [2817.0, 430.0], [2816.75, 3333.0], [2816.5, 6765.0], [2816.25, 1434.0], [2816.0, 417.0], [2815.75, 1391.0], [2815.5, 435.0], [2815.25, 1658.0], [2815.0, 1572.0], [2814.75, 1372.0], [2814.5, 6122.0], [2814.25, 10722.0]], "asks": [[2819.75, 910.0], [2820.0, 910.0], [2820.25, 2958.0], [2820.5, 10256.0], [2820.75, 7372.0], [2821.0, 1644.0], [2821.25, 1130.0], [2821.5, 1644.0], [2821.75, 1375.0], [2822.0, 2427.0], [2822.25, 932.0], [2822.5, 3382.0], [2822.75, 1860.0], [2823.0, 6201.0], [2826.0, 1371.0], [2826.5, 18649.0], [2826.75, 5.0], [2828.25, 40000.0], [2828.5, 20544.0], [2829.0, 1795.0]]}}}
{"jsonrpc": "2.0", "method": "subscription", "params": {"channel": "book.ETH-20JUN25.none.20.100ms", "data": {"timestamp": 1749673888827, "change_id": 72257851024, "instrument_name": "ETH-20JUN25", "bids": [[2819.25, 3239.0], [2819.0, 9209.0], [2818.75, 11808.0], [2818.5, 34892.0], [2818.25, 1167.0], [2818.0, 3829.0], [2817.75, 7921.0], [2817.5, 1403.0], [2817.0, 430.0], [2816.75, 3333.0], [2816.5, 6765.0], [2816.25, 1434.0], [2816.0, 417.0], [2815.75, 1391.0], [2815.5, 435.0], [2815.25, 1658.0], [2815.0, 1572.0], [2814.75, 1372.0], [2814.5, 6122.0], [2814.25, 10722.0]], "asks": [[2819.75, 910.0], [2820.0, 910.0], [2820.25, 2958.0], [2820.5, 10256.0], [2820.75, 7372.0], [2821.0, 1644.0], [2821.25, 1130.0], [2821.5, 1644.0], [2821.75, 1375.0], [2822.0, 2427.0], [2822.25, 932.0], [2822.5, 3382.0], [2822.75, 1860.0], [2823.0, 6201.0], [2826.0, 1371.0], [2826.5, 18649.0], [2826.75, 5.0], [2828.25, 40000.0], [2828.5, 20544.0], [2829.0, 1795.0]]}}}
{"jsonrpc": "2.0", "method": "subscription", "params": {"channel": "book.ETH-13JUN25.none.20.100ms", "data": {"timestamp": 1749673889284, "change_id": 72257851919, "instrument_name": "ETH-13JUN25", "bids": [[2815.75, 6388.0], [2815.5, 8253.0], [2815.25, 760.0], [2815.0, 4688.0], [2814.75, 9192.0], [2814.25, 1669.0], [2814.0, 5844.0], [2813.75, 19692.0], [2813.5, 21492.0], [2813.25, 31702.0], [2813.0, 508.0], [2812.75, 1692.0], [2812.5, 506.0], [2812.25, 1686.0], [2812.0, 24762.0], [2811.75, 1686.0], [2811.25, 1724.0], [2811.0, 31649.0], [2810.75, 105498.0], [2810.5, 1706.0]], "asks": [[2816.25, 2600.0], [2816.5, 4921.0], [2816.75, 10883.0], [2817.0, 4602.0], [2817.25, 10066.0], [2817.5, 2000.0], [2817.75, 744.0], [2818.0, 3258.0], [2818.25, 3283.0], [2818.5, 3392.0], [2818.75, 275.0], [2819.0, 1692.0], [2819.25, 8156.0], [2819.5, 27186.0], [2820.0, 1700.0], [2821.0, 501.0], [2821.25, 1671.0], [2821.5, 275.0], [2821.75, 1697.0], [2822.25, 19671.0]]}}}
{"jsonrpc": "2.0", "method": "subscription", "params": {"channel": "book.ETH-20JUN25.none.20.100ms", "data": {"timestamp": 1749673889249, "change_id": 72257851874, "instrument_name": "ETH-20JUN25", "bids": [[2818.75, 3942.0], [2818.5, 7312.0], [2818.25, 1167.0], [2818.0, 3829.0], [2817.75, 7921.0], [2817.5, 1403.0], [2817.0, 430.0], [2816.75, 3333.0], [2816.5, 6765.0], [2816.25, 1434.0], [2816.0, 417.0], [2815.75, 1391.0], [2815.5, 435.0], [2815.25, 1658.0], [2815.0, 1572.0], [2814.75, 3209.0], [2814.5, 7944.0], [2814.25, 10722.0], [2814.0, 15497.0], [2812.75, 1393.0]], "asks": [[2819.25, 910.0], [2819.5, 910.0], [2819.75, 2756.0], [2820.0, 7152.0], [2820.25, 2958.0], [2820.5, 8410.0], [2820.75, 1130.0], [2821.0, 1644.0], [2821.25, 1130.0], [2821.5, 1644.0], [2821.75, 1375.0], [2822.0, 2991.0], [2822.25, 2417.0], [2822.5, 1378.0], [2822.75, 1860.0], [2823.0, 6201.0], [2826.0, 1371.0], [2826.5, 18649.0], [2826.75, 5.0], [2828.25, 40000.0]]}}}
{"jsonrpc": "2.0", "method": "subscription", "params": {"channel": "book.ETH-13JUN25.none.20.100ms", "data": {"timestamp": 1749673889477, "change_id": 72257852661, "instrument_name": "ETH-13JUN25", "bids": [[2816.25, 8248.0], [2816.0, 2000.0], [2815.75, 3987.0], [2815.5, 2005.0], [2815.25, 12136.0], [2815.0, 2160.0], [2814.75, 9192.0], [2814.25, 1669.0], [2813.75, 19692.0], [2813.5, 12242.0], [2813.25, 31702.0], [2812.75, 1692.0], [2812.25, 1686.0], [2812.0, 24762.0], [2811.75, 1686.0], [2811.25, 1724.0], [2810.75, 105498.0], [2810.5, 1706.0], [2810.0, 1686.0], [2809.75, 48000.0]], "asks": [[2816.5, 3987.0], [2816.75, 2000.0], [2817.0, 2160.0], [2817.25, 9500.0], [2817.5, 2000.0], [2817.75, 6248.0], [2818.0, 2692.0], [2818.25, 2000.0], [2818.5, 3392.0], [2819.0, 1692.0], [2819.5, 27186.0], [2820.0, 1700.0], [2821.25, 1671.0], [2821.75, 1697.0], [2822.25, 19671.0], [2822.75, 1729.0], [2823.0, 17230.0], [2823.75, 90000.0], [2824.75, 400.0], [2825.25, 1715.0]]}}}
{"jsonrpc": "2.0", "method": "subscription", "params": {"channel": "book.ETH-20JUN25.none.20.100ms", "data": {"timestamp": 1749673889510, "change_id": 72257852928, "instrument_name": "ETH-20JUN25", "bids": [[2819.0, 8780.0], [2818.5, 2130.0], [2818.25, 860.0], [2818.0, 1395.0], [2817.75, 7500.0], [2817.5, 1403.0], [2816.75, 1432.0], [2816.5, 6335.0], [2816.25, 1434.0], [2815.75, 1391.0], [2815.5, 5.0], [2815.25, 1434.0], [2815.0, 1160.0], [2814.75, 1372.0], [2814.5, 6122.0], [2814.25, 6073.0], [2814.0, 15497.0], [2812.75, 1393.0], [2812.25, 1413.0], [2810.75, 19960.0]], "asks": [[2819.75, 700.0], [2820.0, 700.0], [2820.25, 860.0], [2820.5, 8200.0], [2820.75, 6942.0], [2821.0, 1434.0], [2821.25, 700.0], [2821.5, 1434.0], [2821.75, 700.0], [2822.0, 2427.0], [2822.5, 1378.0], [2823.0, 6201.0], [2826.0, 1371.0], [2826.5, 18649.0], [2826.75, 5.0], [2828.25, 40000.0], [2828.5, 20544.0], [2829.0, 1795.0], [2830.75, 1401.0], [2831.25, 6027.0]]}}}
{"jsonrpc": "2.0", "method": "subscription", "params": {"channel": "book.ETH-13JUN25.none.20.100ms", "data": {"timestamp": 1749673889868, "change_id": 72257853393, "instrument_name": "ETH-13JUN25", "bids": [[2816.25, 8248.0], [2816.0, 3196.0], [2815.75, 4589.0], [2815.5, 2005.0], [2815.25, 1714.0], [2815.0, 2160.0], [2814.75, 9192.0], [2814.25, 1669.0], [2813.75, 19692.0], [2813.5, 12242.0], [2813.25, 31702.0], [2812.75, 1692.0], [2812.25, 1686.0], [2812.0, 24762.0], [2811.75, 1686.0], [2811.25, 1724.0], [2810.75, 105498.0], [2810.5, 1706.0], [2810.0, 1686.0], [2809.75, 48000.0]], "asks": [[2816.5, 3987.0], [2816.75, 2648.0], [2817.0, 4410.0], [2817.25, 8100.0], [2817.5, 2000.0], [2817.75, 6248.0], [2818.0, 2692.0], [2818.25, 2000.0], [2818.5, 3392.0], [2819.0, 1692.0], [2819.5, 27186.0], [2820.0, 1700.0], [2821.25, 1671.0], [2821.75, 1697.0], [2822.25, 19671.0], [2822.75, 1729.0], [2823.0, 17230.0], [2823.75, 90000.0], [2824.75, 400.0], [2825.25, 1715.0]]}}}
{"jsonrpc": "2.0", "method": "subscription", "params": {"channel": "book.ETH-20JUN25.none.20.100ms", "data": {"timestamp": 1749673889892, "change_id": 72257853422, "instrument_name": "ETH-20JUN25", "bids": [[2819.25, 2634.0], [2819.0, 8780.0], [2818.75, 6551.0], [2818.5, 22095.0], [2818.25, 1489.0], [2818.0, 4345.0], [2817.75, 7921.0], [2817.5, 1403.0], [2817.0, 430.0], [2816.75, 3333.0], [2816.5, 6765.0], [2816.25, 1434.0], [2816.0, 417.0], [2815.75, 1391.0], [2815.5, 435.0], [2815.25, 1782.0], [2815.0, 3408.0], [2814.75, 7494.0], [2814.25, 6073.0], [2814.0, 15497.0]], "asks": [[2819.75, 910.0], [2820.0, 958.0], [2820.25, 3320.0], [2820.5, 10283.0], [2820.75, 7372.0], [2821.0, 1644.0], [2821.25, 1130.0], [2821.5, 1644.0], [2821.75, 1428.0], [2822.0, 2427.0], [2822.25, 413.0], [2822.5, 1378.0], [2823.0, 6201.0], [2826.0, 1371.0], [2826.5, 18649.0], [2826.75, 5.0], [2828.25, 40000.0], [2828.5, 20544.0], [2829.0, 1795.0], [2830.75, 1401.0]]}}}
{"jsonrpc": "2.0", "method": "subscription", "params": {"channel": "book.ETH-13JUN25.none.20.100ms", "data": {"timestamp": 1749673890045, "change_id": 72257853611, "instrument_name": "ETH-13JUN25", "bids": [[2816.25, 8248.0], [2816.0, 3196.0], [2815.75, 4589.0], [2815.5, 2005.0], [2815.25, 1714.0], [2815.0, 4918.0], [2814.75, 9192.0], [2814.25, 1669.0], [2813.75, 19692.0], [2813.5, 12242.0], [2813.25, 31702.0], [2812.75, 1692.0], [2812.25, 1686.0], [2812.0, 24762.0], [2811.75, 1686.0], [2811.25, 1724.0], [2810.75, 105498.0], [2810.5, 1706.0], [2810.0, 1686.0], [2809.75, 48000.0]], "asks": [[2816.5, 2000.0], [2816.75, 4635.0], [2817.0, 4410.0], [2817.25, 8100.0], [2817.5, 2000.0], [2817.75, 6248.0], [2818.0, 2692.0], [2818.25, 2000.0], [2818.5, 3392.0], [2819.0, 1692.0], [2819.5, 27186.0], [2820.0, 1700.0], [2821.25, 1671.0], [2821.75, 1697.0], [2822.25, 19671.0], [2822.75, 1729.0], [2823.0, 17230.0], [2823.75, 90000.0], [2824.75, 400.0], [2825.25, 1715.0]]}}}
{"jsonrpc": "2.0", "method": "subscription", "params": {"channel": "book.ETH-13JUN25.none.20.100ms", "data": {"timestamp": 1749673890590, "change_id": 72257854219, "instrument_name": "ETH-13JUN25", "bids": [[2816.25, 8848.0], [2816.0, 3196.0], [2815.75, 9240.0], [2815.5, 17762.0], [2815.25, 1714.0], [2815.0, 4918.0], [2814.75, 9192.0], [2814.25, 1669.0], [2813.75, 19692.0], [2813.5, 12242.0], [2813.25, 31702.0], [2812.25, 1686.0], [2812.0, 24762.0], [2811.75, 1686.0], [2811.25, 1724.0], [2810.75, 105498.0], [2810.5, 1706.0], [2810.0, 1686.0], [2809.75, 48000.0], [2809.5, 1689.0]], "asks": [[2816.75, 2648.0], [2817.0, 4410.0], [2817.25, 8100.0], [2817.5, 2000.0], [2817.75, 6248.0], [2818.0, 1000.0], [2818.25, 2000.0], [2818.5, 1700.0], [2819.0, 1692.0], [2819.5, 27186.0], [2820.0, 1700.0], [2821.25, 1671.0], [2821.75, 1697.0], [2822.25, 19671.0], [2822.75, 1729.0], [2823.0, 17230.0], [2823.25, 1714.0], [2823.75, 90000.0], [2824.75, 400.0], [2825.25, 1715.0]]}}}
{"jsonrpc": "2.0", "method": "subscription", "params": {"channel": "book.ETH-13JUN25.none.20.100ms", "data": {"timestamp": 1749673890734, "change_id": 72257854730, "instrument_name": "ETH-13JUN25", "bids": [[2816.25, 8848.0], [2816.0, 3196.0], [2815.75, 9240.0], [2815.5, 17762.0], [2815.25, 1714.0], [2815.0, 4918.0], [2814.75, 9192.0], [2814.25, 1669.0], [2813.75, 19692.0], [2813.5, 12242.0], [2813.25, 31702.0], [2812.25, 1686.0], [2812.0, 24762.0], [2811.75, 1686.0], [2811.25, 1724.0], [2810.75, 105498.0], [2810.5, 1706.0], [2810.0, 1686.0], [2809.75, 48000.0], [2809.5, 1689.0]], "asks": [[2816.75, 3987.0], [2817.0, 4410.0], [2817.25, 8100.0], [2817.5, 2000.0], [2817.75, 6248.0], [2818.0, 1000.0], [2818.25, 2000.0], [2818.5, 1700.0], [2819.0, 1692.0], [2819.5, 27186.0], [2820.0, 1700.0], [2821.25, 1671.0], [2821.75, 1697.0], [2822.25, 19671.0], [2822.75, 6898.0], [2823.0, 17230.0], [2823.25, 1714.0], [2823.75, 90000.0], [2824.25, 1714.0], [2824.75, 48400.0]]}}}
{"jsonrpc": "2.0", "method": "subscription", "params": {"channel": "book.ETH-20JUN25.none.20.100ms", "data": {"timestamp": 1749673890801, "change_id": 72257854910, "instrument_name": "ETH-20JUN25", "bids": [[2819.25, 3334.0], [2819.0, 8780.0], [2818.75, 6551.0], [2818.5, 22095.0], [2818.25, 1489.0], [2818.0, 4345.0], [2817.75, 7921.0], [2817.5, 1403.0], [2817.0, 430.0], [2816.75, 3333.0], [2816.5, 6765.0], [2816.25, 1434.0], [2816.0, 417.0], [2815.75, 1391.0], [2815.5, 435.0], [2815.25, 1782.0], [2815.0, 3408.0], [2814.75, 7494.0], [2814.25, 6073.0], [2814.0, 15497.0]], "asks": [[2819.75, 910.0], [2820.0, 958.0], [2820.25, 3320.0], [2820.5, 10283.0], [2820.75, 7372.0], [2821.0, 1644.0], [2821.25, 1130.0], [2821.5, 1644.0], [2821.75, 1428.0], [2822.0, 2427.0], [2822.25, 413.0], [2822.5, 1378.0], [2823.0, 6201.0], [2826.0, 1371.0], [2826.5, 18649.0], [2826.75, 5.0], [2828.25, 40000.0], [2828.5, 20544.0], [2829.0, 1795.0], [2830.75, 1401.0]]}}}
{"jsonrpc": "2.0", "method": "subscription", "params": {"channel": "book.ETH-13JUN25.none.20.100ms", "data": {"timestamp": 1749673891140, "change_id": 72257855439, "instrument_name": "ETH-13JUN25", "bids": [[2816.25, 8848.0], [2816.0, 3196.0], [2815.75, 4589.0], [2815.5, 2005.0], [2815.25, 2362.0], [2815.0, 4918.0], [2814.75, 9192.0], [2814.25, 1669.0], [2813.75, 19692.0], [2813.5, 21753.0], [2813.25, 31702.0], [2812.25, 1686.0], [2812.0, 25268.0], [2811.75, 1686.0], [2811.25, 1724.0], [2810.75, 105498.0], [2810.5, 1706.0], [2810.0, 1686.0], [2809.75, 48000.0], [2809.5, 1689.0]], "asks": [[2816.75, 4635.0], [2817.0, 4410.0], [2817.25, 8100.0], [2817.5, 3874.0], [2817.75, 6248.0], [2818.0, 1000.0], [2818.25, 2000.0], [2818.5, 1700.0], [2819.0, 1692.0], [2819.25, 8156.0], [2819.5, 27186.0], [2820.0, 1700.0], [2821.0, 501.0], [2821.25, 1671.0], [2821.75, 1697.0], [2822.25, 19671.0], [2822.75, 6898.0], [2823.0, 17230.0], [2823.25, 1714.0], [2823.75, 90000.0]]}}}
{"jsonrpc": "2.0", "method": "subscription", "params": {"channel": "book.ETH-20JUN25.none.20.100ms", "data": {"timestamp": 1749673891433, "change_id": 72257855781, "instrument_name": "ETH-20JUN25", "bids": [[2819.25, 3334.0], [2819.0, 8780.0], [2818.75, 6551.0], [2818.5, 22095.0], [2818.25, 1489.0], [2818.0, 4345.0], [2817.75, 7921.0], [2817.5, 1403.0], [2817.0, 430.0], [2816.75, 3333.0], [2816.5, 6765.0], [2816.25, 1434.0], [2816.0, 417.0], [2815.75, 1391.0], [2815.5, 435.0], [2815.25, 1782.0], [2815.0, 3408.0], [2814.75, 7494.0], [2814.25, 6073.0], [2814.0, 15497.0]], "asks": [[2819.75, 910.0], [2820.0, 958.0], [2820.25, 3320.0], [2820.5, 10283.0], [2820.75, 7372.0], [2821.0, 1644.0], [2821.25, 1130.0], [2821.5, 1644.0], [2821.75, 1428.0], [2822.0, 2427.0], [2822.25, 413.0], [2822.5, 1378.0], [2823.0, 6201.0], [2826.0, 1371.0], [2826.5, 18649.0], [2826.75, 5.0], [2828.25, 40000.0], [2828.5, 20544.0], [2829.0, 1795.0], [2830.75, 1401.0]]}}}
{"jsonrpc": "2.0", "method": "subscription", "params": {"channel": "book.ETH-13JUN25.none.20.100ms", "data": {"timestamp": 1749673891912, "change_id": 72257856718, "instrument_name": "ETH-13JUN25", "bids": [[2816.5, 9373.0], [2816.25, 4587.0], [2816.0, 5728.0], [2815.75, 11539.0], [2815.5, 2165.0], [2815.25, 2362.0], [2815.0, 17000.0], [2814.75, 9192.0], [2814.25, 1669.0], [2813.75, 19692.0], [2813.5, 9511.0], [2813.25, 31702.0], [2812.75, 24762.0], [2812.25, 1686.0], [2812.0, 506.0], [2811.75, 1686.0], [2811.25, 1724.0], [2810.75, 105498.0], [2810.5, 1706.0], [2810.0, 1686.0]], "asks": [[2817.0, 2000.0], [2817.25, 10100.0], [2817.5, 3874.0], [2817.75, 6408.0], [2818.0, 1000.0], [2818.25, 2000.0], [2818.5, 1700.0], [2819.0, 1692.0], [2819.25, 8156.0], [2819.5, 27186.0], [2820.0, 1700.0], [2821.0, 501.0], [2821.25, 1671.0], [2821.75, 1697.0], [2822.25, 19671.0], [2822.75, 6898.0], [2823.0, 17230.0], [2823.25, 1714.0], [2823.75, 90000.0], [2824.25, 1714.0]]}}}
{"jsonrpc": "2.0", "method": "subscription", "params": {"channel": "book.ETH-20JUN25.none.20.100ms", "data": {"timestamp": 1749673891898, "change_id": 72257856670, "instrument_name": "ETH-20JUN25", "bids": [[2819.5, 8990.0], [2819.25, 910.0], [2819.0, 700.0], [2818.75, 6711.0], [2818.5, 22095.0], [2818.25, 1329.0], [2818.0, 5964.0], [2817.75, 14256.0], [2817.5, 1403.0], [2817.0, 430.0], [2816.75, 1432.0], [2816.5, 430.0], [2816.25, 1434.0], [2816.0, 417.0], [2815.75, 1391.0], [2815.5, 2218.0], [2815.25, 7904.0], [2815.0, 1160.0], [2814.75, 1372.0], [2814.25, 6073.0]], "asks": [[2820.0, 258.0], [2820.25, 3320.0], [2820.5, 10283.0], [2820.75, 7372.0], [2821.0, 1644.0], [2821.25, 1130.0], [2821.5, 1644.0], [2821.75, 1428.0], [2822.0, 2427.0], [2822.25, 413.0], [2822.5, 1942.0], [2822.75, 3864.0], [2823.0, 6201.0], [2826.0, 1371.0], [2826.5, 18649.0], [2826.75, 5.0], [2828.25, 40000.0], [2828.5, 20544.0], [2829.0, 1795.0], [2830.75, 1401.0]]}}}
{"jsonrpc": "2.0", "method": "subscription", "params": {"channel": "book.ETH-13JUN25.none.20.100ms", "data": {"timestamp": 1749673892156, "change_id": 72257857511, "instrument_name": "ETH-13JUN25", "bids": [[2816.5, 2930.0], [2816.25, 10835.0], [2816.0, 5728.0], [2815.75, 11539.0], [2815.5, 6352.0], [2815.25, 14604.0], [2815.0, 4758.0], [2814.75, 9192.0], [2814.25, 1669.0], [2814.0, 5908.0], [2813.75, 19692.0], [2813.5, 9511.0], [2813.25, 31702.0], [2812.75, 24762.0], [2812.5, 506.0], [2812.25, 1686.0], [2812.0, 506.0], [2811.75, 1686.0], [2811.25, 1724.0], [2811.0, 1160.0]], "asks": [[2817.0, 6327.0], [2817.25, 10260.0], [2817.5, 3874.0], [2817.75, 6248.0], [2818.0, 1600.0], [2818.25, 2000.0], [2818.5, 1700.0], [2819.0, 1692.0], [2819.25, 8156.0], [2819.5, 27186.0], [2819.75, 510.0], [2820.0, 1700.0], [2821.0, 501.0], [2821.25, 1671.0], [2821.75, 1697.0], [2822.0, 5901.0], [2822.25, 19671.0], [2822.75, 6898.0], [2823.0, 17230.0], [2823.25, 1714.0]]}}}
{"jsonrpc": "2.0", "method": "subscription", "params": {"channel": "book.ETH-20JUN25.none.20.100ms", "data": {"timestamp": 1749673892221, "change_id": 72257857536, "instrument_name": "ETH-20JUN25", "bids": [[2819.25, 4594.0], [2819.0, 6942.0], [2818.75, 6711.0], [2818.5, 22095.0], [2818.25, 1329.0], [2818.0, 5964.0], [2817.75, 14256.0], [2817.5, 1403.0], [2817.0, 430.0], [2816.75, 1432.0], [2816.5, 430.0], [2816.25, 1434.0], [2816.0, 417.0], [2815.75, 1391.0], [2815.5, 2218.0], [2815.25, 7904.0], [2815.0, 1160.0], [2814.75, 1372.0], [2814.25, 6073.0], [2814.0, 15497.0]], "asks": [[2819.75, 700.0], [2820.0, 258.0], [2820.25, 3320.0], [2820.5, 10283.0], [2820.75, 7372.0], [2821.0, 1644.0], [2821.25, 1130.0], [2821.5, 1644.0], [2821.75, 1428.0], [2822.0, 2427.0], [2822.25, 413.0], [2822.5, 1942.0], [2822.75, 3864.0], [2823.0, 6201.0], [2826.0, 1371.0], [2826.5, 18649.0], [2826.75, 5.0], [2828.25, 40000.0], [2828.5, 20544.0], [2829.0, 1795.0]]}}}
{"jsonrpc": "2.0", "method": "subscription", "params": {"channel": "book.ETH-13JUN25.none.20.100ms", "data": {"timestamp": 1749673892283, "change_id": 72257857625, "instrument_name": "ETH-13JUN25", "bids": [[2816.5, 2930.0], [2816.25, 10835.0], [2816.0, 5728.0], [2815.75, 11539.0], [2815.5, 6352.0], [2815.25, 14604.0], [2815.0, 4758.0], [2814.75, 9192.0], [2814.25, 1669.0], [2814.0, 5908.0], [2813.75, 19692.0], [2813.5, 9511.0], [2813.25, 31702.0], [2812.75, 24762.0], [2812.5, 506.0], [2812.25, 1686.0], [2812.0, 506.0], [2811.75, 1686.0], [2811.25, 1724.0], [2811.0, 1160.0]], "asks": [[2817.0, 6327.0], [2817.25, 12059.0], [2817.5, 8248.0], [2818.0, 1600.0], [2818.25, 2000.0], [2818.5, 1700.0], [2819.0, 1692.0], [2819.25, 8156.0], [2819.5, 27186.0], [2819.75, 510.0], [2820.0, 1700.0], [2821.0, 501.0], [2821.25, 1671.0], [2821.75, 1697.0], [2822.0, 5901.0], [2822.25, 19671.0], [2822.75, 6898.0], [2823.0, 17230.0], [2823.25, 1714.0], [2823.75, 90000.0]]}}}
{"jsonrpc": "2.0", "method": "subscription", "params": {"channel": "book.ETH-13JUN25.none.20.100ms", "data": {"timestamp": 1749673892812, "change_id": 72257858368, "instrument_name": "ETH-13JUN25", "bids": [[2816.5, 2930.0], [2816.25, 10835.0], [2816.0, 5728.0], [2815.75, 11539.0], [2815.5, 6352.0], [2815.25, 14604.0], [2815.0, 4758.0], [2814.75, 9192.0], [2814.25, 1669.0], [2814.0, 5908.0], [2813.75, 19692.0], [2813.5, 9511.0], [2813.25, 31702.0], [2812.75, 24762.0], [2812.5, 506.0], [2812.25, 1686.0], [2812.0, 506.0], [2811.75, 1686.0], [2811.25, 1724.0], [2811.0, 1160.0]], "asks": [[2817.0, 6327.0], [2817.25, 12059.0], [2817.5, 6248.0], [2818.0, 1600.0], [2818.25, 2000.0], [2818.5, 1700.0], [2819.0, 1692.0], [2819.25, 8156.0], [2819.5, 27186.0], [2819.75, 510.0], [2820.0, 18879.0], [2821.0, 501.0], [2821.25, 1671.0], [2821.75, 1697.0], [2822.0, 5901.0], [2822.25, 19671.0], [2822.75, 1729.0], [2823.25, 1714.0], [2823.75, 90000.0], [2824.25, 1714.0]]}}}
{"jsonrpc": "2.0", "method": "subscription", "params": {"channel": "book.ETH-20JUN25.none.20.100ms", "data": {"timestamp": 1749673892798, "change_id": 72257858356, "instrument_name": "ETH-20JUN25", "bids": [[2819.25, 4594.0], [2819.0, 7200.0], [2818.75, 7411.0], [2818.5, 22095.0], [2818.25, 1329.0], [2818.0, 5964.0], [2817.75, 14256.0], [2817.5, 1403.0], [2817.0, 430.0], [2816.75, 1432.0], [2816.5, 430.0], [2816.25, 1434.0], [2816.0, 417.0], [2815.75, 1391.0], [2815.5, 2218.0], [2815.25, 7904.0], [2815.0, 1160.0], [2814.75, 1372.0], [2814.25, 6073.0], [2814.0, 15497.0]], "asks": [[2819.75, 700.0], [2820.0, 258.0], [2820.25, 3320.0], [2820.5, 10283.0], [2820.75, 7372.0], [2821.0, 1644.0], [2821.25, 1130.0], [2821.5, 1644.0], [2821.75, 1428.0], [2822.0, 2427.0], [2822.25, 413.0], [2822.5, 1942.0], [2822.75, 3864.0], [2823.0, 7631.0], [2823.75, 17178.0], [2826.0, 1371.0], [2826.5, 1419.0], [2826.75, 5.0], [2828.25, 40000.0], [2828.5, 20544.0]]}}}
{"jsonrpc": "2.0", "method": "subscription", "params": {"channel": "book.ETH-13JUN25.none.20.100ms", "data": {"timestamp": 1749673893248, "change_id": 72257858988, "instrument_name": "ETH-13JUN25", "bids": [[2816.25, 1121.0], [2816.0, 7715.0], [2815.75, 17787.0], [2815.5, 6352.0], [2815.25, 14604.0], [2815.0, 4758.0], [2814.75, 9192.0], [2814.5, 501.0], [2814.25, 1669.0], [2814.0, 5908.0], [2813.75, 19692.0], [2813.5, 9511.0], [2813.25, 31702.0], [2813.0, 7429.0], [2812.75, 24762.0], [2812.5, 506.0], [2812.25, 1686.0], [2812.0, 506.0], [2811.75, 1686.0], [2811.5, 517.0]], "asks": [[2816.75, 3196.0], [2817.0, 8467.0], [2817.25, 15908.0], [2818.0, 1600.0], [2818.25, 2510.0], [2818.5, 1700.0], [2819.0, 1692.0], [2819.25, 8156.0], [2819.5, 27186.0], [2819.75, 5600.0], [2820.0, 18879.0], [2821.0, 501.0], [2821.25, 1671.0], [2821.5, 509.0], [2821.75, 1697.0], [2822.0, 5901.0], [2822.25, 19671.0], [2822.75, 1729.0], [2823.25, 1714.0], [2823.75, 90000.0]]}}}
{"jsonrpc": "2.0", "method": "subscription", "params": {"channel": "book.ETH-20JUN25.none.20.100ms", "data": {"timestamp": 1749673893088, "change_id": 72257858751, "instrument_name": "ETH-20JUN25", "bids": [[2819.0, 9038.0], [2818.75, 7411.0], [2818.5, 22095.0], [2818.25, 1329.0], [2818.0, 5964.0], [2817.75, 14256.0], [2817.5, 1403.0], [2817.0, 430.0], [2816.75, 1432.0], [2816.5, 430.0], [2816.25, 1434.0], [2816.0, 417.0], [2815.75, 1391.0], [2815.5, 2218.0], [2815.25, 7904.0], [2815.0, 1160.0], [2814.75, 1372.0], [2814.25, 6073.0], [2812.75, 1393.0], [2812.25, 1413.0]], "asks": [[2819.5, 210.0], [2819.75, 700.0], [2820.0, 2098.0], [2820.25, 9562.0], [2820.5, 8410.0], [2820.75, 1130.0], [2821.0, 1644.0], [2821.25, 1130.0], [2821.5, 1644.0], [2821.75, 1428.0], [2822.0, 2427.0], [2822.25, 932.0], [2822.5, 3382.0], [2822.75, 1860.0], [2823.0, 7631.0], [2823.75, 17178.0], [2826.0, 1371.0], [2826.5, 1419.0], [2826.75, 5.0], [2828.25, 40000.0]]}}}
{"jsonrpc": "2.0", "method": "subscription", "params": {"channel": "book.ETH-13JUN25.none.20.100ms", "data": {"timestamp": 1749673893571, "change_id": 72257859492, "instrument_name": "ETH-13JUN25", "bids": [[2816.0, 6312.0], [2815.75, 8850.0], [2815.5, 6352.0], [2815.25, 12890.0], [2815.0, 4758.0], [2814.75, 9192.0], [2814.5, 501.0], [2814.25, 1669.0], [2814.0, 5908.0], [2813.75, 19692.0], [2813.5, 9511.0], [2813.25, 31702.0], [2813.0, 7429.0], [2812.75, 24762.0], [2812.5, 506.0], [2812.25, 1686.0], [2812.0, 506.0], [2811.75, 1686.0], [2811.5, 517.0], [2811.25, 1724.0]], "asks": [[2816.5, 4587.0], [2816.75, 2566.0], [2817.0, 6480.0], [2817.25, 15908.0], [2818.0, 1600.0], [2818.25, 2510.0], [2818.5, 1700.0], [2819.0, 1692.0], [2819.25, 8156.0], [2819.5, 27186.0], [2819.75, 5600.0], [2820.0, 18879.0], [2821.0, 501.0], [2821.25, 1671.0], [2821.5, 509.0], [2821.75, 1697.0], [2822.0, 5901.0], [2822.25, 19671.0], [2823.25, 1714.0], [2823.75, 90000.0]]}}}
{"jsonrpc": "2.0", "method": "subscription", "params": {"channel": "book.ETH-20JUN25.none.20.100ms", "data": {"timestamp": 1749673893579, "change_id": 72257859496, "instrument_name": "ETH-20JUN25", "bids": [[2819.0, 9038.0], [2818.75, 1499.0], [2818.5, 2388.0], [2818.25, 1329.0], [2818.0, 5964.0], [2817.75, 14256.0], [2817.5, 1403.0], [2817.0, 430.0], [2816.75, 1432.0], [2816.5, 430.0], [2816.25, 1434.0], [2816.0, 417.0], [2815.75, 1391.0], [2815.5, 2218.0], [2815.25, 7904.0], [2815.0, 1160.0], [2814.75, 2374.0], [2814.25, 6073.0], [2812.75, 1393.0], [2812.25, 1413.0]], "asks": [[2819.5, 210.0], [2819.75, 700.0], [2820.0, 2098.0], [2820.25, 9562.0], [2820.5, 8410.0], [2820.75, 1130.0], [2821.0, 1644.0], [2821.25, 1130.0], [2821.5, 1644.0], [2821.75, 1428.0], [2822.0, 2427.0], [2822.25, 932.0], [2822.5, 3382.0], [2822.75, 1860.0], [2823.0, 7631.0], [2823.75, 17178.0], [2826.0, 1371.0], [2826.5, 1419.0], [2826.75, 5.0], [2828.25, 40000.0]]}}}
{"jsonrpc": "2.0", "method": "subscription", "params": {"channel": "book.ETH-13JUN25.none.20.100ms", "data": {"timestamp": 1749673893716, "change_id": 72257859724, "instrument_name": "ETH-13JUN25", "bids": [[2816.0, 6312.0], [2815.75, 8850.0], [2815.5, 6352.0], [2815.25, 12890.0], [2815.0, 4758.0], [2814.75, 9192.0], [2814.5, 501.0], [2814.25, 1669.0], [2814.0, 5908.0], [2813.75, 19692.0], [2813.5, 9511.0], [2813.25, 31702.0], [2813.0, 7429.0], [2812.75, 24762.0], [2812.5, 506.0], [2812.25, 1686.0], [2812.0, 506.0], [2811.75, 1686.0], [2811.5, 517.0], [2811.25, 1724.0]], "asks": [[2816.5, 4587.0], [2816.75, 2566.0], [2817.0, 6480.0], [2817.25, 13908.0], [2818.0, 1600.0], [2818.25, 2510.0], [2818.5, 1700.0], [2819.0, 1692.0], [2819.25, 8156.0], [2819.5, 27186.0], [2819.75, 5600.0], [2820.0, 18879.0], [2821.0, 501.0], [2821.25, 1671.0], [2821.5, 509.0], [2821.75, 1697.0], [2822.0, 5901.0], [2822.25, 19671.0], [2823.25, 1714.0], [2823.75, 90000.0]]}}}
{"jsonrpc": "2.0", "method": "subscription", "params": {"channel": "book.ETH-20JUN25.none.20.100ms", "data": {"timestamp": 1749673893863, "change_id": 72257859887, "instrument_name": "ETH-20JUN25", "bids": [[2819.0, 9038.0], [2818.75, 1499.0], [2818.5, 2388.0], [2818.25, 1329.0], [2818.0, 5964.0], [2817.75, 14256.0], [2817.5, 1403.0], [2817.0, 430.0], [2816.75, 1432.0], [2816.5, 430.0], [2816.25, 1434.0], [2816.0, 417.0], [2815.75, 1391.0], [2815.5, 2218.0], [2815.25, 7904.0], [2815.0, 1160.0], [2814.75, 1372.0], [2814.25, 6073.0], [2812.75, 1393.0], [2812.25, 1413.0]], "asks": [[2819.5, 910.0], [2819.75, 910.0], [2820.0, 2798.0], [2820.25, 9562.0], [2820.5, 8410.0], [2820.75, 1130.0], [2821.0, 1644.0], [2821.25, 1130.0], [2821.5, 1644.0], [2821.75, 1428.0], [2822.0, 2427.0], [2822.25, 932.0], [2822.5, 3382.0], [2822.75, 1860.0], [2823.0, 7631.0], [2823.75, 17178.0], [2826.0, 1371.0], [2826.5, 1419.0], [2826.75, 5.0], [2828.25, 40000.0]]}}}
{"jsonrpc": "2.0", "method": "subscription", "params": {"channel": "book.ETH-13JUN25.none.20.100ms", "data": {"timestamp": 1749673894146, "change_id": 72257860155, "instrument_name": "ETH-13JUN25", "bids": [[2816.0, 6312.0], [2815.75, 10477.0], [2815.5, 11867.0], [2815.25, 12890.0], [2815.0, 4758.0], [2814.75, 9192.0], [2814.5, 501.0], [2814.25, 1669.0], [2814.0, 5908.0], [2813.75, 19692.0], [2813.5, 9511.0], [2813.25, 31702.0], [2813.0, 7429.0], [2812.75, 24762.0], [2812.5, 506.0], [2812.25, 1686.0], [2812.0, 506.0], [2811.75, 1686.0], [2811.5, 517.0], [2811.25, 1724.0]], "asks": [[2816.5, 4587.0], [2816.75, 2566.0], [2817.0, 6480.0], [2817.25, 13908.0], [2818.0, 1600.0], [2818.25, 2510.0], [2818.5, 1700.0], [2819.0, 1692.0], [2819.25, 8156.0], [2819.5, 27186.0], [2819.75, 5600.0], [2820.0, 18879.0], [2821.0, 501.0], [2821.25, 1671.0], [2821.5, 509.0], [2821.75, 1697.0], [2822.0, 5901.0], [2822.25, 19671.0], [2823.25, 1714.0], [2823.75, 90000.0]]}}}
{"jsonrpc": "2.0", "method": "subscription", "params": {"channel": "book.ETH-20JUN25.none.20.100ms", "data": {"timestamp": 1749673894147, "change_id": 72257860156, "instrument_name": "ETH-20JUN25", "bids": [[2819.0, 9038.0], [2818.75, 3075.0], [2818.5, 7909.0], [2818.25, 1329.0], [2818.0, 5964.0], [2817.75, 14256.0], [2817.5, 1403.0], [2817.0, 430.0], [2816.75, 1432.0], [2816.5, 430.0], [2816.25, 1434.0], [2816.0, 417.0], [2815.75, 1391.0], [2815.5, 2218.0], [2815.25, 7904.0], [2815.0, 1160.0], [2814.75, 1372.0], [2814.25, 6073.0], [2812.75, 1393.0], [2812.25, 1413.0]], "asks": [[2819.5, 910.0], [2819.75, 910.0], [2820.0, 2798.0], [2820.25, 9562.0], [2820.5, 8410.0], [2820.75, 1130.0], [2821.0, 1644.0], [2821.25, 1130.0], [2821.5, 1644.0], [2821.75, 1428.0], [2822.0, 2427.0], [2822.25, 932.0], [2822.5, 3382.0], [2822.75, 1860.0], [2823.0, 7631.0], [2823.75, 17178.0], [2826.5, 1419.0], [2826.75, 5.0], [2828.25, 40000.0], [2828.5, 20544.0]]}}}
{"jsonrpc": "2.0", "method": "subscription", "params": {"channel": "book.ETH-13JUN25.none.20.100ms", "data": {"timestamp": 1749673894258, "change_id": 72257860249, "instrument_name": "ETH-13JUN25", "bids": [[2816.0, 6312.0], [2815.75, 10477.0], [2815.5, 11867.0], [2815.25, 12890.0], [2815.0, 4758.0], [2814.75, 9192.0], [2814.5, 501.0], [2814.25, 1669.0], [2814.0, 5908.0], [2813.75, 19692.0], [2813.5, 9511.0], [2813.25, 31702.0], [2813.0, 7429.0], [2812.75, 24762.0], [2812.5, 506.0], [2812.25, 1686.0], [2812.0, 506.0], [2811.75, 1686.0], [2811.5, 517.0], [2811.25, 1999.0]], "asks": [[2816.5, 4587.0], [2816.75, 2726.0], [2817.0, 6480.0], [2817.25, 13748.0], [2817.75, 275.0], [2818.0, 1600.0], [2818.25, 2510.0], [2818.5, 1700.0], [2819.0, 1692.0], [2819.25, 8156.0], [2819.5, 27186.0], [2819.75, 5600.0], [2820.0, 18879.0], [2821.0, 501.0], [2821.25, 1671.0], [2821.5, 509.0], [2821.75, 1697.0], [2822.0, 5901.0], [2822.25, 19671.0], [2823.25, 1714.0]]}}}
{"jsonrpc": "2.0", "method": "subscription", "params": {"channel": "book.ETH-13JUN25.none.20.100ms", "data": {"timestamp": 1749673895561, "change_id": 72257861994, "instrument_name": "ETH-13JUN25", "bids": [[2816.25, 9444.0], [2816.0, 4553.0], [2815.75, 4229.0], [2815.5, 11707.0], [2815.25, 12890.0], [2815.0, 4758.0], [2814.75, 9352.0], [2814.5, 501.0], [2814.25, 1669.0], [2814.0, 5908.0], [2813.75, 19692.0], [2813.5, 9511.0], [2813.25, 31702.0], [2813.0, 7429.0], [2812.75, 24762.0], [2812.5, 506.0], [2812.25, 1686.0], [2812.0, 506.0], [2811.75, 1686.0], [2811.5, 517.0]], "asks": [[2816.75, 160.0], [2817.0, 4340.0], [2817.25, 9374.0], [2817.75, 275.0], [2818.0, 1600.0], [2818.25, 2510.0], [2818.5, 1700.0], [2818.75, 508.0], [2819.0, 1692.0], [2819.25, 8156.0], [2819.5, 27186.0], [2819.75, 5600.0], [2820.0, 18879.0], [2820.5, 7114.0], [2820.75, 18000.0], [2821.0, 501.0], [2821.25, 1671.0], [2821.5, 509.0], [2821.75, 1697.0], [2822.0, 275.0]]}}}
{"jsonrpc": "2.0", "method": "subscription", "params": {"channel": "book.ETH-20JUN25.none.20.100ms", "data": {"timestamp": 1749673895564, "change_id": 72257861967, "instrument_name": "ETH-20JUN25", "bids": [[2819.5, 1461.0], [2819.25, 4621.0], [2819.0, 7200.0], [2818.75, 2915.0], [2818.5, 7909.0], [2818.25, 1329.0], [2818.0, 6124.0], [2817.75, 14256.0], [2817.5, 1403.0], [2817.0, 430.0], [2816.75, 1432.0], [2816.5, 430.0], [2816.25, 1434.0], [2816.0, 417.0], [2815.75, 1391.0], [2815.5, 2218.0], [2815.25, 7904.0], [2815.0, 1160.0], [2814.75, 1372.0], [2814.25, 6073.0]], "asks": [[2820.0, 258.0], [2820.25, 3320.0], [2820.5, 10256.0], [2820.75, 7372.0], [2821.0, 1644.0], [2821.25, 1130.0], [2821.5, 1644.0], [2821.75, 1428.0], [2822.0, 2427.0], [2822.25, 932.0], [2822.5, 3382.0], [2822.75, 1860.0], [2823.0, 7631.0], [2823.75, 17178.0], [2826.5, 1419.0], [2826.75, 5.0], [2828.25, 40000.0], [2828.5, 20544.0], [2829.0, 1795.0], [2830.75, 1401.0]]}}}
{"jsonrpc": "2.0", "method": "subscription", "params": {"channel": "book.ETH-13JUN25.none.20.100ms", "data": {"timestamp": 1749673895880, "change_id": 72257862692, "instrument_name": "ETH-13JUN25", "bids": [[2816.25, 9444.0], [2816.0, 4553.0], [2815.75, 2602.0], [2815.5, 6192.0], [2815.25, 13050.0], [2815.0, 4758.0], [2814.75, 9192.0], [2814.5, 501.0], [2814.25, 1669.0], [2814.0, 5908.0], [2813.75, 19692.0], [2813.5, 9511.0], [2813.25, 31702.0], [2813.0, 7429.0], [2812.75, 24762.0], [2812.5, 506.0], [2812.25, 1686.0], [2812.0, 506.0], [2811.75, 1686.0], [2811.5, 517.0]], "asks": [[2816.75, 3986.0], [2817.0, 4500.0], [2817.25, 8148.0], [2817.5, 3874.0], [2817.75, 6523.0], [2818.0, 1600.0], [2818.25, 2510.0], [2818.5, 1700.0], [2818.75, 508.0], [2819.0, 1692.0], [2819.25, 8156.0], [2819.5, 27186.0], [2819.75, 5600.0], [2820.0, 18879.0], [2820.5, 7114.0], [2820.75, 18000.0], [2821.0, 501.0], [2821.25, 1671.0], [2821.5, 509.0], [2821.75, 1697.0]]}}}
{"jsonrpc": "2.0", "method": "subscription", "params": {"channel": "book.ETH-20JUN25.none.20.100ms", "data": {"timestamp": 1749673895899, "change_id": 72257862720, "instrument_name": "ETH-20JUN25", "bids": [[2819.5, 7003.0], [2819.25, 2748.0], [2819.0, 958.0], [2818.75, 1339.0], [2818.5, 2548.0], [2818.25, 3150.0], [2818.0, 10680.0], [2817.75, 7921.0], [2817.5, 1403.0], [2817.0, 430.0], [2816.75, 1432.0], [2816.5, 430.0], [2816.25, 1434.0], [2816.0, 417.0], [2815.75, 1391.0], [2815.5, 2218.0], [2815.25, 7904.0], [2815.0, 1160.0], [2814.75, 1372.0], [2814.25, 6073.0]], "asks": [[2819.75, 700.0], [2820.0, 958.0], [2820.25, 3320.0], [2820.5, 10256.0], [2820.75, 7372.0], [2821.0, 1644.0], [2821.25, 1130.0], [2821.5, 1644.0], [2821.75, 1428.0], [2822.0, 2427.0], [2822.25, 413.0], [2822.5, 1378.0], [2822.75, 1860.0], [2823.0, 7631.0], [2823.75, 17178.0], [2826.5, 1419.0], [2826.75, 5.0], [2828.25, 40000.0], [2828.5, 20544.0], [2829.0, 1795.0]]}}}
{"jsonrpc": "2.0", "method": "subscription", "params": {"channel": "book.ETH-13JUN25.none.20.100ms", "data": {"timestamp": 1749673896137, "change_id": 72257863019, "instrument_name": "ETH-13JUN25", "bids": [[2816.25, 12977.0], [2816.0, 16829.0], [2815.75, 2602.0], [2815.5, 6192.0], [2815.25, 13050.0], [2815.0, 4758.0], [2814.75, 9192.0], [2814.5, 501.0], [2814.25, 1669.0], [2814.0, 5908.0], [2813.75, 19692.0], [2813.5, 9511.0], [2813.25, 39131.0], [2813.0, 24762.0], [2812.5, 506.0], [2812.25, 1686.0], [2812.0, 506.0], [2811.75, 1686.0], [2811.5, 517.0], [2811.25, 1999.0]], "asks": [[2816.75, 3986.0], [2817.0, 4500.0], [2817.25, 8148.0], [2817.5, 3874.0], [2817.75, 6523.0], [2818.0, 1600.0], [2818.25, 2510.0], [2818.5, 1700.0], [2818.75, 508.0], [2819.0, 1692.0], [2819.25, 8156.0], [2819.5, 27186.0], [2819.75, 5600.0], [2820.0, 18879.0], [2820.5, 7114.0], [2820.75, 18000.0], [2821.0, 501.0], [2821.25, 1671.0], [2821.5, 509.0], [2821.75, 1697.0]]}}}
{"jsonrpc": "2.0", "method": "subscription", "params": {"channel": "book.ETH-20JUN25.none.20.100ms", "data": {"timestamp": 1749673896063, "change_id": 72257862924, "instrument_name": "ETH-20JUN25", "bids": [[2819.5, 7003.0], [2819.25, 2748.0], [2819.0, 958.0], [2818.75, 1339.0], [2818.5, 2548.0], [2818.25, 3150.0], [2818.0, 10680.0], [2817.75, 7921.0], [2817.5, 1403.0], [2817.0, 430.0], [2816.75, 1432.0], [2816.5, 430.0], [2816.25, 1434.0], [2816.0, 417.0], [2815.75, 1391.0], [2815.5, 2218.0], [2815.25, 7904.0], [2815.0, 1160.0], [2814.75, 1372.0], [2814.25, 6073.0]], "asks": [[2819.75, 700.0], [2820.0, 958.0], [2820.25, 3320.0], [2820.5, 10256.0], [2820.75, 7372.0], [2821.0, 1644.0], [2821.25, 1130.0], [2821.5, 1644.0], [2821.75, 1428.0], [2822.0, 2427.0], [2822.25, 413.0], [2822.5, 1378.0], [2822.75, 1860.0], [2823.0, 7631.0], [2823.75, 17178.0], [2826.5, 1419.0], [2826.75, 5.0], [2828.25, 40000.0], [2828.5, 20544.0], [2829.0, 1795.0]]}}}
{"jsonrpc": "2.0", "method": "subscription", "params": {"channel": "book.ETH-20JUN25.none.20.100ms", "data": {"timestamp": 1749673896538, "change_id": 72257863440, "instrument_name": "ETH-20JUN25", "bids": [[2819.5, 7004.0], [2819.25, 2748.0], [2819.0, 3301.0], [2818.75, 9415.0], [2818.5, 2548.0], [2818.25, 3150.0], [2818.0, 10680.0], [2817.75, 7921.0], [2817.5, 1403.0], [2817.0, 430.0], [2816.75, 1432.0], [2816.5, 430.0], [2816.25, 1434.0], [2816.0, 417.0], [2815.75, 1391.0], [2815.5, 2218.0], [2815.25, 7904.0], [2815.0, 1160.0], [2814.75, 1372.0], [2814.25, 6073.0]], "asks": [[2819.75, 700.0], [2820.0, 958.0], [2820.25, 3320.0], [2820.5, 10256.0], [2820.75, 7372.0], [2821.0, 1644.0], [2821.25, 1130.0], [2821.5, 1644.0], [2821.75, 1428.0], [2822.0, 2427.0], [2822.25, 413.0], [2822.5, 1378.0], [2822.75, 1860.0], [2823.0, 7631.0], [2823.75, 17178.0], [2826.5, 1419.0], [2826.75, 5.0], [2828.25, 40000.0], [2828.5, 20544.0], [2829.0, 1795.0]]}}}
{"jsonrpc": "2.0", "method": "subscription", "params": {"channel": "book.ETH-13JUN25.none.20.100ms", "data": {"timestamp": 1749673896857, "change_id": 72257863910, "instrument_name": "ETH-13JUN25", "bids": [[2816.25, 12977.0], [2816.0, 16829.0], [2815.75, 2602.0], [2815.5, 6192.0], [2815.25, 13050.0], [2815.0, 4758.0], [2814.75, 9192.0], [2814.5, 501.0], [2814.25, 1669.0], [2814.0, 5908.0], [2813.75, 19692.0], [2813.5, 9511.0], [2813.25, 39131.0], [2813.0, 24762.0], [2812.5, 506.0], [2812.25, 1686.0], [2812.0, 506.0], [2811.75, 1686.0], [2811.5, 517.0], [2811.25, 1999.0]], "asks": [[2816.75, 3986.0], [2817.0, 4500.0], [2817.25, 10148.0], [2817.5, 3874.0], [2817.75, 6523.0], [2818.0, 1600.0], [2818.25, 2510.0], [2818.5, 1700.0], [2818.75, 508.0], [2819.0, 1692.0], [2819.25, 8156.0], [2819.5, 27186.0], [2819.75, 5600.0], [2820.0, 18879.0], [2820.25, 514.0], [2820.5, 7114.0], [2820.75, 18000.0], [2821.0, 501.0], [2821.25, 1671.0], [2821.5, 509.0]]}}}
{"jsonrpc": "2.0", "method": "subscription", "params": {"channel": "book.ETH-20JUN25.none.20.100ms", "data": {"timestamp": 1749673896823, "change_id": 72257863899, "instrument_name": "ETH-20JUN25", "bids": [[2819.5, 8841.0], [2819.25, 910.0], [2819.0, 3301.0], [2818.75, 9415.0], [2818.5, 2548.0], [2818.25, 3150.0], [2818.0, 10680.0], [2817.75, 7921.0], [2817.5, 1403.0], [2817.0, 430.0], [2816.75, 1432.0], [2816.5, 430.0], [2816.25, 1434.0], [2816.0, 417.0], [2815.75, 1391.0], [2815.5, 2218.0], [2815.25, 7904.0], [2815.0, 2162.0], [2814.75, 1372.0], [2814.25, 6073.0]], "asks": [[2820.0, 958.0], [2820.25, 3320.0], [2820.5, 10256.0], [2820.75, 7372.0], [2821.0, 1644.0], [2821.25, 1130.0], [2821.5, 1644.0], [2821.75, 1428.0], [2822.0, 2427.0], [2822.25, 413.0], [2822.5, 1378.0], [2822.75, 1860.0], [2823.0, 7631.0], [2823.75, 17178.0], [2826.5, 1419.0], [2826.75, 5.0], [2828.25, 40000.0], [2828.5, 20544.0], [2829.0, 1795.0], [2830.75, 1401.0]]}}}
{"jsonrpc": "2.0", "method": "subscription", "params": {"channel": "book.ETH-13JUN25.none.20.100ms", "data": {"timestamp": 1749673897167, "change_id": 72257864192, "instrument_name": "ETH-13JUN25", "bids": [[2816.5, 8814.0], [2816.25, 6729.0], [2816.0, 16829.0], [2815.75, 2602.0], [2815.5, 6192.0], [2815.25, 13050.0], [2815.0, 4758.0], [2814.75, 9192.0], [2814.5, 501.0], [2814.25, 1669.0], [2814.0, 5908.0], [2813.75, 19692.0], [2813.5, 9511.0], [2813.25, 39131.0], [2813.0, 24762.0], [2812.5, 506.0], [2812.25, 1686.0], [2812.0, 506.0], [2811.75, 1686.0], [2811.5, 517.0]], "asks": [[2817.0, 4500.0], [2817.25, 10148.0], [2817.5, 3874.0], [2817.75, 6523.0], [2818.0, 1600.0], [2818.25, 2510.0], [2818.5, 1700.0], [2818.75, 508.0], [2819.0, 1692.0], [2819.25, 8156.0], [2819.5, 27186.0], [2819.75, 5600.0], [2820.0, 18879.0], [2820.25, 514.0], [2820.5, 7114.0], [2820.75, 18000.0], [2821.0, 501.0], [2821.25, 1671.0], [2821.5, 509.0], [2821.75, 1697.0]]}}}
{"jsonrpc": "2.0", "method": "subscription", "params": {"channel": "book.ETH-20JUN25.none.20.100ms", "data": {"timestamp": 1749673897199, "change_id": 72257864216, "instrument_name": "ETH-20JUN25", "bids": [[2819.5, 8841.0], [2819.25, 910.0], [2819.0, 3301.0], [2818.75, 9415.0], [2818.5, 2548.0], [2818.25, 3150.0], [2818.0, 10680.0], [2817.75, 7921.0], [2817.5, 1403.0], [2817.0, 430.0], [2816.75, 1432.0], [2816.5, 430.0], [2816.25, 1434.0], [2816.0, 417.0], [2815.75, 1391.0], [2815.5, 2218.0], [2815.25, 7904.0], [2815.0, 1160.0], [2814.75, 1372.0], [2814.25, 6073.0]], "asks": [[2820.0, 958.0], [2820.25, 3320.0], [2820.5, 10256.0], [2820.75, 7372.0], [2821.0, 1644.0], [2821.25, 1130.0], [2821.5, 1644.0], [2821.75, 1428.0], [2822.0, 2427.0], [2822.25, 413.0], [2822.5, 1942.0], [2822.75, 3864.0], [2823.0, 7631.0], [2823.75, 17178.0], [2826.5, 1419.0], [2826.75, 5.0], [2828.25, 40000.0], [2828.5, 20544.0], [2829.0, 1795.0], [2830.75, 1401.0]]}}}
