{"jsonrpc": "2.0", "method": "subscription", "params": {"channel": "book.ETH-11APR25.none.20.100ms", "data": {"timestamp": 1744231020848, "change_id": 65128765590, "instrument_name": "ETH-11APR25", "bids": [[1652.75, 26614.0], [1652.5, 22194.0], [1652.25, 5745.0], [1652.0, 13105.0], [1651.75, 11254.0], [1651.5, 27810.0], [1651.25, 2610.0], [1651.0, 2568.0], [1650.75, 2512.0], [1650.5, 2727.0], [1650.25, 2512.0], [1650.0, 2592.0], [1649.75, 9885.0], [1649.5, 28236.0], [1649.25, 4742.0], [1649.0, 58558.0], [1648.75, 29746.0], [1648.5, 92187.0], [1647.75, 2142.0], [1647.5, 2200.0]], "asks": [[1653.0, 10.0], [1653.25, 10414.0], [1653.5, 2610.0], [1653.75, 3582.0], [1654.0, 13289.0], [1654.25, 26534.0], [1654.5, 2574.0], [1654.75, 2601.0], [1655.0, 7917.0], [1655.25, 19716.0], [1655.5, 2860.0], [1655.75, 10391.0], [1656.0, 28137.0], [1656.25, 2841.0], [1656.5, 2136.0], [1656.75, 2136.0], [1657.0, 142058.0], [1657.25, 2136.0], [1658.0, 2129.0], [1658.25, 2100.0]]}}}
{"jsonrpc": "2.0", "method": "subscription", "params": {"channel": "book.ETH-11APR25.none.20.100ms", "data": {"timestamp": 1744231021314, "change_id": 65128765996, "instrument_name": "ETH-11APR25", "bids": [[1652.75, 26614.0], [1652.5, 22194.0], [1652.25, 5745.0], [1652.0, 13105.0], [1651.75, 11254.0], [1651.5, 27810.0], [1651.25, 2610.0], [1651.0, 2568.0], [1650.75, 2512.0], [1650.5, 2727.0], [1650.25, 2512.0], [1650.0, 2592.0], [1649.75, 9885.0], [1649.5, 28236.0], [1649.25, 4742.0], [1649.0, 58558.0], [1648.75, 29746.0], [1648.5, 92187.0], [1647.75, 2142.0], [1647.5, 2200.0]], "asks": [[1653.0, 10.0], [1653.25, 10000.0], [1653.5, 2610.0], [1653.75, 3582.0], [1654.0, 13289.0], [1654.25, 26534.0], [1654.5, 2574.0], [1654.75, 2601.0], [1655.0, 7917.0], [1655.25, 19716.0], [1655.5, 2860.0], [1655.75, 10391.0], [1656.0, 28137.0], [1656.25, 2841.0], [1656.5, 2136.0], [1656.75, 2136.0], [1657.0, 142058.0], [1657.25, 2136.0], [1658.0, 2129.0], [1658.25, 2100.0]]}}}
{"jsonrpc": "2.0", "method": "subscription", "params": {"channel": "book.ETH-11APR25.none.20.100ms", "data": {"timestamp": 1744231022675, "change_id": 65128767094, "instrument_name": "ETH-11APR25", "bids": [[1652.75, 26614.0], [1652.5, 25137.0], [1652.25, 12802.0], [1652.0, 3105.0], [1651.75, 11254.0], [1651.5, 27810.0], [1651.25, 2610.0], [1651.0, 2568.0], [1650.75, 2512.0], [1650.5, 2727.0], [1650.25, 2512.0], [1650.0, 2592.0], [1649.75, 9885.0], [1649.5, 28236.0], [1649.25, 4742.0], [1649.0, 58558.0], [1648.75, 29746.0], [1648.5, 92187.0], [1647.75, 2142.0], [1647.5, 2200.0]], "asks": [[1653.0, 10.0], [1653.25, 10659.0], [1653.5, 2610.0], [1653.75, 3582.0], [1654.0, 13289.0], [1654.25, 26534.0], [1654.5, 2904.0], [1654.75, 3066.0], [1655.0, 7917.0], [1655.25, 19716.0], [1655.5, 2860.0], [1655.75, 10391.0], [1656.0, 28137.0], [1656.25, 2841.0], [1656.5, 2136.0], [1656.75, 2136.0], [1657.0, 142058.0], [1657.25, 2136.0], [1658.0, 2129.0], [1658.25, 2100.0]]}}}
{"jsonrpc": "2.0", "method": "subscription", "params": {"channel": "book.ETH-18APR25.none.20.100ms", "data": {"timestamp": 1744231022624, "change_id": 65128767061, "instrument_name": "ETH-18APR25", "bids": [[1654.5, 5687.0], [1654.25, 19613.0], [1654.0, 7236.0], [1653.75, 10000.0], [1653.5, 1512.0], [1653.25, 6590.0], [1653.0, 1000.0], [1652.5, 1869.0], [1652.25, 6230.0], [1652.0, 403.0], [1651.75, 1748.0], [1651.5, 6873.0], [1651.25, 18411.0], [1651.0, 284.0], [1650.75, 1755.0], [1650.5, 1753.0], [1650.25, 1762.0], [1650.0, 2179.0], [1649.75, 8324.0], [1649.5, 37977.0]], "asks": [[1654.75, 10000.0], [1655.0, 1676.0], [1655.25, 7047.0], [1655.5, 3830.0], [1655.75, 3928.0], [1656.0, 6093.0], [1656.75, 10824.0], [1657.0, 37431.0], [1657.5, 407.0], [1657.75, 1760.0], [1658.0, 12320.0], [1658.25, 36970.0], [1658.5, 1355.0], [1658.75, 1331.0], [1659.0, 1331.0], [1659.25, 1331.0], [1659.5, 14769.0], [1659.75, 37491.0], [1660.25, 1325.0], [1661.0, 38942.0]]}}}
{"jsonrpc": "2.0", "method": "subscription", "params": {"channel": "book.ETH-11APR25.none.20.100ms", "data": {"timestamp": 1744231023078, "change_id": 65128768092, "instrument_name": "ETH-11APR25", "bids": [[1652.75, 43578.0], [1652.5, 10306.0], [1652.25, 12802.0], [1652.0, 28082.0], [1651.75, 3819.0], [1651.5, 2833.0], [1651.25, 2610.0], [1651.0, 2568.0], [1650.75, 2512.0], [1650.5, 2727.0], [1650.25, 2512.0], [1650.0, 2592.0], [1649.75, 9885.0], [1649.5, 28236.0], [1649.25, 4742.0], [1649.0, 58558.0], [1648.75, 29746.0], [1648.5, 92187.0], [1647.75, 2142.0], [1647.5, 2200.0]], "asks": [[1653.0, 10.0], [1653.75, 13672.0], [1654.0, 7162.0], [1654.25, 827.0], [1654.5, 2904.0], [1654.75, 2601.0], [1655.0, 33624.0], [1655.25, 19716.0], [1655.5, 2860.0], [1655.75, 10391.0], [1656.0, 28137.0], [1656.25, 2841.0], [1656.5, 2136.0], [1656.75, 2136.0], [1657.0, 142058.0], [1657.25, 2136.0], [1658.0, 2129.0], [1658.25, 2100.0], [1658.5, 51978.0], [1658.75, 2199.0]]}}}
{"jsonrpc": "2.0", "method": "subscription", "params": {"channel": "book.ETH-18APR25.none.20.100ms", "data": {"timestamp": 1744231023076, "change_id": 65128768084, "instrument_name": "ETH-18APR25", "bids": [[1654.75, 5311.0], [1654.5, 12569.0], [1654.25, 18442.0], [1654.0, 3000.0], [1653.75, 10000.0], [1653.5, 300.0], [1653.25, 1000.0], [1652.0, 403.0], [1651.75, 1748.0], [1651.5, 6873.0], [1651.25, 18411.0], [1651.0, 284.0], [1650.75, 1755.0], [1650.5, 1753.0], [1650.25, 1762.0], [1650.0, 1355.0], [1649.75, 8324.0], [1649.5, 37977.0], [1648.5, 1753.0], [1648.25, 39853.0]], "asks": [[1655.25, 11676.0], [1655.5, 6617.0], [1655.75, 2100.0], [1656.25, 1828.0], [1656.5, 6093.0], [1656.75, 10824.0], [1657.0, 36080.0], [1657.5, 285.0], [1657.75, 1760.0], [1658.0, 12320.0], [1658.25, 36850.0], [1658.5, 1635.0], [1658.75, 1331.0], [1659.0, 1331.0], [1659.25, 1331.0], [1659.5, 14769.0], [1659.75, 38834.0], [1660.25, 1325.0], [1661.0, 38942.0], [1661.25, 1340.0]]}}}
{"jsonrpc": "2.0", "method": "subscription", "params": {"channel": "book.ETH-11APR25.none.20.100ms", "data": {"timestamp": 1744231023417, "change_id": 65128769255, "instrument_name": "ETH-11APR25", "bids": [[1653.25, 5733.0], [1653.0, 6833.0], [1652.75, 17732.0], [1652.5, 5733.0], [1652.25, 27149.0], [1652.0, 2172.0], [1651.75, 3182.0], [1651.5, 2196.0], [1651.25, 2196.0], [1651.0, 2144.0], [1650.75, 2098.0], [1650.5, 2098.0], [1650.25, 2098.0], [1650.0, 2178.0], [1649.75, 2190.0], [1649.5, 27822.0], [1649.25, 2142.0], [1649.0, 58144.0], [1648.75, 2142.0], [1648.5, 2187.0]], "asks": [[1654.0, 10.0], [1654.25, 2233.0], [1654.5, 5160.0], [1654.75, 2187.0], [1655.0, 2200.0], [1655.25, 19056.0], [1655.5, 2200.0], [1655.75, 2200.0], [1656.0, 27477.0], [1656.25, 2200.0], [1656.5, 2136.0], [1656.75, 2136.0], [1657.0, 142058.0], [1657.25, 2136.0], [1658.0, 2129.0], [1658.25, 2100.0], [1658.5, 51978.0], [1658.75, 2199.0], [1659.0, 2098.0], [1659.25, 2103.0]]}}}
{"jsonrpc": "2.0", "method": "subscription", "params": {"channel": "book.ETH-18APR25.none.20.100ms", "data": {"timestamp": 1744231023414, "change_id": 65128769267, "instrument_name": "ETH-18APR25", "bids": [[1655.0, 5987.0], [1654.75, 3200.0], [1654.5, 7136.0], [1654.25, 11800.0], [1652.75, 6230.0], [1652.5, 1343.0], [1652.25, 18411.0], [1651.75, 1343.0], [1651.5, 1350.0], [1650.75, 1351.0], [1650.5, 1346.0], [1650.25, 1355.0], [1650.0, 1355.0], [1649.75, 8324.0], [1649.5, 1331.0], [1648.5, 1753.0], [1648.25, 39853.0], [1648.0, 1362.0], [1647.5, 1325.0], [1647.25, 1317.0]], "asks": [[1655.5, 13000.0], [1655.75, 100.0], [1656.75, 2100.0], [1657.0, 16855.0], [1657.75, 1355.0], [1658.0, 1351.0], [1658.25, 36563.0], [1658.5, 1355.0], [1658.75, 1331.0], [1659.0, 1331.0], [1659.25, 1331.0], [1659.5, 14769.0], [1659.75, 38834.0], [1660.25, 1325.0], [1661.0, 38942.0], [1661.25, 1340.0], [1661.5, 1323.0], [1661.75, 1333.0], [1662.0, 1353.0], [1662.25, 1357.0]]}}}
{"jsonrpc": "2.0", "method": "subscription", "params": {"channel": "book.ETH-11APR25.none.20.100ms", "data": {"timestamp": 1744231023672, "change_id": 65128770224, "instrument_name": "ETH-11APR25", "bids": [[1653.75, 5643.0], [1653.5, 16332.0], [1653.25, 5833.0], [1653.0, 2133.0], [1652.75, 14132.0], [1652.5, 27110.0], [1652.25, 2172.0], [1652.0, 2182.0], [1651.75, 3182.0], [1651.5, 2196.0], [1651.25, 2196.0], [1651.0, 2144.0], [1650.75, 27748.0], [1650.5, 2098.0], [1650.25, 2098.0], [1650.0, 2178.0], [1649.75, 2190.0], [1649.5, 2172.0], [1649.25, 2142.0], [1649.0, 58144.0]], "asks": [[1654.0, 10.0], [1654.25, 12233.0], [1654.5, 7203.0], [1654.75, 2187.0], [1655.0, 2200.0], [1655.25, 19056.0], [1655.5, 27907.0], [1655.75, 2200.0], [1656.0, 2200.0], [1656.25, 2200.0], [1656.5, 2136.0], [1656.75, 2136.0], [1657.0, 167335.0], [1657.25, 2136.0], [1658.0, 2129.0], [1658.25, 2100.0], [1658.5, 51978.0], [1658.75, 2199.0], [1659.0, 2098.0], [1659.25, 2103.0]]}}}
{"jsonrpc": "2.0", "method": "subscription", "params": {"channel": "book.ETH-18APR25.none.20.100ms", "data": {"timestamp": 1744231023609, "change_id": 65128770053, "instrument_name": "ETH-18APR25", "bids": [[1655.25, 5187.0], [1655.0, 5501.0], [1654.75, 8081.0], [1654.5, 7036.0], [1654.25, 10000.0], [1652.75, 6230.0], [1652.5, 1343.0], [1652.25, 18411.0], [1651.75, 1343.0], [1651.5, 1350.0], [1651.25, 36646.0], [1650.75, 1351.0], [1650.5, 1346.0], [1650.25, 1355.0], [1650.0, 1355.0], [1649.75, 8324.0], [1649.5, 1331.0], [1648.5, 1753.0], [1648.25, 39853.0], [1648.0, 1362.0]], "asks": [[1655.5, 10000.0], [1656.0, 2787.0], [1656.25, 100.0], [1656.5, 3200.0], [1656.75, 2100.0], [1657.0, 16855.0], [1657.5, 6093.0], [1657.75, 1355.0], [1658.0, 1351.0], [1658.25, 19225.0], [1658.5, 1355.0], [1658.75, 1331.0], [1659.0, 1331.0], [1659.25, 1331.0], [1659.5, 51332.0], [1659.75, 38834.0], [1660.25, 1325.0], [1661.0, 38942.0], [1661.25, 1340.0], [1661.5, 1323.0]]}}}
{"jsonrpc": "2.0", "method": "subscription", "params": {"channel": "book.ETH-11APR25.none.20.100ms", "data": {"timestamp": 1744231024038, "change_id": 65128771106, "instrument_name": "ETH-11APR25", "bids": [[1653.75, 5643.0], [1653.5, 18030.0], [1653.25, 9421.0], [1653.0, 13864.0], [1652.75, 14346.0], [1652.5, 27524.0], [1652.25, 2586.0], [1652.0, 2596.0], [1651.75, 3182.0], [1651.25, 2196.0], [1651.0, 2144.0], [1650.75, 27748.0], [1650.5, 2098.0], [1650.25, 2098.0], [1650.0, 2178.0], [1649.75, 92190.0], [1649.5, 2172.0], [1649.25, 2142.0], [1649.0, 58144.0], [1648.75, 2142.0]], "asks": [[1654.0, 10.0], [1654.25, 13442.0], [1654.5, 4859.0], [1654.75, 2187.0], [1655.0, 2200.0], [1655.25, 2200.0], [1655.5, 27907.0], [1655.75, 2200.0], [1656.0, 2200.0], [1656.25, 2200.0], [1656.5, 2136.0], [1656.75, 2136.0], [1657.0, 77335.0], [1657.25, 2136.0], [1658.0, 2129.0], [1658.25, 2100.0], [1658.5, 51978.0], [1658.75, 2199.0], [1659.0, 2098.0], [1659.25, 2103.0]]}}}
{"jsonrpc": "2.0", "method": "subscription", "params": {"channel": "book.ETH-18APR25.none.20.100ms", "data": {"timestamp": 1744231023864, "change_id": 65128771166, "instrument_name": "ETH-18APR25", "bids": [[1655.25, 5187.0], [1655.0, 4290.0], [1654.75, 8311.0], [1654.5, 18923.0], [1654.25, 6290.0], [1653.0, 1869.0], [1652.75, 7976.0], [1652.5, 6866.0], [1652.25, 18411.0], [1651.75, 405.0], [1651.5, 12344.0], [1651.25, 36646.0], [1650.75, 1351.0], [1650.5, 1346.0], [1650.25, 1355.0], [1650.0, 1355.0], [1649.75, 8324.0], [1649.5, 1331.0], [1648.5, 1753.0], [1648.25, 39853.0]], "asks": [[1655.5, 10000.0], [1656.0, 866.0], [1656.25, 3847.0], [1656.5, 3830.0], [1656.75, 7157.0], [1657.0, 16855.0], [1657.5, 6093.0], [1658.0, 1351.0], [1658.25, 19225.0], [1658.5, 1355.0], [1658.75, 1331.0], [1659.0, 1331.0], [1659.25, 1331.0], [1659.5, 51332.0], [1659.75, 38834.0], [1660.25, 1325.0], [1661.0, 38942.0], [1661.25, 1340.0], [1661.5, 1323.0], [1661.75, 1333.0]]}}}
{"jsonrpc": "2.0", "method": "subscription", "params": {"channel": "book.ETH-11APR25.none.20.100ms", "data": {"timestamp": 1744231024389, "change_id": 65128772267, "instrument_name": "ETH-11APR25", "bids": [[1653.75, 15635.0], [1653.5, 25438.0], [1653.25, 9321.0], [1653.0, 13864.0], [1652.75, 14346.0], [1652.5, 27524.0], [1652.25, 2586.0], [1652.0, 3085.0], [1651.75, 3182.0], [1651.5, 414.0], [1651.25, 2610.0], [1651.0, 10417.0], [1650.75, 28162.0], [1650.5, 2512.0], [1650.25, 3118.0], [1650.0, 3572.0], [1649.75, 92190.0], [1649.5, 2172.0], [1649.25, 2142.0], [1649.0, 56750.0]], "asks": [[1654.0, 10.0], [1654.25, 10414.0], [1654.5, 3377.0], [1654.75, 4990.0], [1655.0, 2614.0], [1655.25, 2614.0], [1655.5, 2860.0], [1655.75, 10572.0], [1656.0, 28567.0], [1656.25, 2841.0], [1656.5, 2777.0], [1656.75, 25337.0], [1657.0, 77335.0], [1657.25, 2136.0], [1658.0, 2129.0], [1658.25, 2100.0], [1658.5, 141978.0], [1658.75, 2199.0], [1659.0, 2098.0], [1659.25, 2103.0]]}}}
{"jsonrpc": "2.0", "method": "subscription", "params": {"channel": "book.ETH-18APR25.none.20.100ms", "data": {"timestamp": 1744231024359, "change_id": 65128771840, "instrument_name": "ETH-18APR25", "bids": [[1655.5, 8012.0], [1655.25, 10705.0], [1655.0, 4290.0], [1654.75, 8311.0], [1654.5, 18923.0], [1654.25, 6290.0], [1653.25, 403.0], [1653.0, 3212.0], [1652.75, 7976.0], [1652.5, 6866.0], [1652.25, 18411.0], [1651.75, 405.0], [1651.5, 12344.0], [1651.25, 36646.0], [1650.75, 1351.0], [1650.5, 1346.0], [1650.25, 1755.0], [1650.0, 1355.0], [1649.75, 8324.0], [1649.5, 1331.0]], "asks": [[1656.0, 10866.0], [1656.25, 3847.0], [1656.5, 3830.0], [1656.75, 7157.0], [1657.0, 16855.0], [1657.25, 1828.0], [1657.5, 6093.0], [1657.75, 405.0], [1658.0, 7119.0], [1658.25, 19632.0], [1658.5, 1754.0], [1658.75, 1730.0], [1659.0, 1331.0], [1659.25, 1331.0], [1659.5, 51332.0], [1659.75, 38834.0], [1660.25, 1325.0], [1661.0, 38942.0], [1661.25, 1340.0], [1661.5, 1323.0]]}}}
{"jsonrpc": "2.0", "method": "subscription", "params": {"channel": "book.ETH-11APR25.none.20.100ms", "data": {"timestamp": 1744231024718, "change_id": 65128773094, "instrument_name": "ETH-11APR25", "bids": [[1653.75, 15635.0], [1653.5, 20020.0], [1653.25, 12547.0], [1653.0, 3864.0], [1652.75, 14346.0], [1652.5, 27524.0], [1652.25, 2586.0], [1652.0, 2596.0], [1651.75, 2172.0], [1651.5, 414.0], [1651.25, 2610.0], [1651.0, 10417.0], [1650.75, 28162.0], [1650.5, 2512.0], [1650.25, 2512.0], [1650.0, 2178.0], [1649.75, 92190.0], [1649.5, 2172.0], [1649.25, 2142.0], [1649.0, 51171.0]], "asks": [[1654.0, 10.0], [1654.25, 10414.0], [1654.5, 3377.0], [1654.75, 4990.0], [1655.0, 2614.0], [1655.25, 2614.0], [1655.5, 2860.0], [1655.75, 10572.0], [1656.0, 28567.0], [1656.25, 2841.0], [1656.5, 2777.0], [1656.75, 25337.0], [1657.0, 77749.0], [1657.25, 2136.0], [1658.0, 2129.0], [1658.25, 2100.0], [1658.5, 141978.0], [1658.75, 2199.0], [1659.0, 2098.0], [1659.25, 2103.0]]}}}
{"jsonrpc": "2.0", "method": "subscription", "params": {"channel": "book.ETH-18APR25.none.20.100ms", "data": {"timestamp": 1744231024540, "change_id": 65128772988, "instrument_name": "ETH-18APR25", "bids": [[1655.5, 5907.0], [1655.25, 10705.0], [1655.0, 4290.0], [1654.75, 8311.0], [1654.5, 18923.0], [1654.25, 6290.0], [1653.25, 403.0], [1653.0, 3212.0], [1652.75, 7976.0], [1652.5, 6866.0], [1652.25, 18411.0], [1651.75, 405.0], [1651.5, 12344.0], [1651.25, 36646.0], [1650.75, 1351.0], [1650.5, 1346.0], [1650.25, 1755.0], [1650.0, 1355.0], [1649.75, 1351.0], [1649.5, 1331.0]], "asks": [[1655.75, 3200.0], [1656.0, 14066.0], [1656.25, 3847.0], [1656.5, 3830.0], [1656.75, 2100.0], [1657.25, 1828.0], [1657.5, 6093.0], [1657.75, 405.0], [1658.0, 7119.0], [1658.25, 19632.0], [1658.5, 1754.0], [1658.75, 1730.0], [1659.0, 1730.0], [1659.25, 1331.0], [1659.5, 51332.0], [1659.75, 38834.0], [1660.25, 1325.0], [1661.0, 38942.0], [1661.25, 1340.0], [1661.5, 1323.0]]}}}
{"jsonrpc": "2.0", "method": "subscription", "params": {"channel": "book.ETH-11APR25.none.20.100ms", "data": {"timestamp": 1744231025057, "change_id": 65128773794, "instrument_name": "ETH-11APR25", "bids": [[1653.75, 15635.0], [1653.5, 36557.0], [1653.25, 12547.0], [1653.0, 3864.0], [1652.75, 14346.0], [1652.5, 27524.0], [1652.25, 2586.0], [1652.0, 2596.0], [1651.75, 2172.0], [1651.5, 414.0], [1651.25, 2610.0], [1651.0, 10417.0], [1650.75, 28162.0], [1650.5, 2512.0], [1650.25, 2512.0], [1650.0, 2178.0], [1649.75, 92190.0], [1649.5, 2172.0], [1649.25, 2142.0], [1649.0, 51171.0]], "asks": [[1654.0, 10.0], [1654.25, 10414.0], [1654.5, 3377.0], [1654.75, 4990.0], [1655.0, 2614.0], [1655.25, 2614.0], [1655.5, 2860.0], [1655.75, 10572.0], [1656.0, 28567.0], [1656.25, 2841.0], [1656.5, 2777.0], [1656.75, 25337.0], [1657.0, 77749.0], [1657.25, 2136.0], [1658.0, 2129.0], [1658.25, 2100.0], [1658.5, 141978.0], [1658.75, 2199.0], [1659.0, 2098.0], [1659.25, 2103.0]]}}}
{"jsonrpc": "2.0", "method": "subscription", "params": {"channel": "book.ETH-18APR25.none.20.100ms", "data": {"timestamp": 1744231024876, "change_id": 65128773634, "instrument_name": "ETH-18APR25", "bids": [[1655.5, 5907.0], [1655.25, 10805.0], [1655.0, 7036.0], [1654.75, 15311.0], [1654.5, 8923.0], [1654.25, 6290.0], [1653.25, 403.0], [1653.0, 3212.0], [1652.75, 7976.0], [1652.5, 6866.0], [1652.25, 18411.0], [1651.75, 405.0], [1651.5, 12344.0], [1651.25, 36646.0], [1650.75, 1351.0], [1650.5, 1346.0], [1650.25, 1755.0], [1650.0, 1355.0], [1649.75, 1351.0], [1649.5, 1331.0]], "asks": [[1655.75, 3200.0], [1656.0, 14066.0], [1656.25, 3847.0], [1656.5, 3830.0], [1656.75, 2100.0], [1657.25, 1828.0], [1657.5, 6093.0], [1657.75, 405.0], [1658.0, 7119.0], [1658.25, 19632.0], [1658.5, 1754.0], [1658.75, 1730.0], [1659.0, 1730.0], [1659.25, 1331.0], [1659.5, 51332.0], [1659.75, 38834.0], [1660.25, 1325.0], [1661.0, 38942.0], [1661.25, 1340.0], [1661.5, 1323.0]]}}}
{"jsonrpc": "2.0", "method": "subscription", "params": {"channel": "book.ETH-11APR25.none.20.100ms", "data": {"timestamp": 1744231025393, "change_id": 65128774584, "instrument_name": "ETH-11APR25", "bids": [[1653.75, 15962.0], [1653.5, 37557.0], [1653.25, 12547.0], [1653.0, 3864.0], [1652.75, 14346.0], [1652.5, 27524.0], [1652.25, 2586.0], [1652.0, 2596.0], [1651.75, 2172.0], [1651.5, 414.0], [1651.25, 2610.0], [1651.0, 10417.0], [1650.75, 28162.0], [1650.5, 2512.0], [1650.25, 2512.0], [1650.0, 2178.0], [1649.75, 92190.0], [1649.5, 2172.0], [1649.25, 2142.0], [1649.0, 51171.0]], "asks": [[1654.0, 10.0], [1654.25, 10414.0], [1654.5, 3475.0], [1654.75, 5317.0], [1655.0, 2614.0], [1655.25, 2614.0], [1655.5, 2860.0], [1655.75, 10572.0], [1656.0, 29807.0], [1656.25, 2841.0], [1656.5, 2777.0], [1656.75, 25337.0], [1657.0, 77749.0], [1657.25, 2136.0], [1658.0, 2129.0], [1658.25, 2100.0], [1658.5, 141978.0], [1658.75, 2199.0], [1659.0, 2098.0], [1659.25, 2103.0]]}}}
{"jsonrpc": "2.0", "method": "subscription", "params": {"channel": "book.ETH-18APR25.none.20.100ms", "data": {"timestamp": 1744231025283, "change_id": 65128774531, "instrument_name": "ETH-18APR25", "bids": [[1655.5, 3120.0], [1655.25, 14187.0], [1655.0, 7036.0], [1654.75, 15311.0], [1654.5, 8923.0], [1654.25, 6290.0], [1654.0, 300.0], [1653.75, 1000.0], [1653.25, 403.0], [1653.0, 3212.0], [1652.75, 7976.0], [1652.5, 6866.0], [1652.25, 18411.0], [1651.75, 405.0], [1651.5, 12344.0], [1651.25, 36646.0], [1650.75, 1351.0], [1650.5, 1346.0], [1650.25, 1755.0], [1650.0, 1355.0]], "asks": [[1655.75, 3200.0], [1656.0, 14066.0], [1656.25, 1955.0], [1656.5, 7212.0], [1656.75, 2100.0], [1657.25, 1828.0], [1657.5, 6093.0], [1657.75, 405.0], [1658.0, 7119.0], [1658.25, 19632.0], [1658.5, 1754.0], [1658.75, 1730.0], [1659.0, 1730.0], [1659.25, 1331.0], [1659.5, 51332.0], [1659.75, 38834.0], [1660.25, 1325.0], [1661.0, 38942.0], [1661.25, 1340.0], [1661.5, 1323.0]]}}}
{"jsonrpc": "2.0", "method": "subscription", "params": {"channel": "book.ETH-11APR25.none.20.100ms", "data": {"timestamp": 1744231025713, "change_id": 65128775363, "instrument_name": "ETH-11APR25", "bids": [[1653.75, 15962.0], [1653.5, 23153.0], [1653.25, 12547.0], [1653.0, 3864.0], [1652.75, 14346.0], [1652.5, 27524.0], [1652.25, 2586.0], [1652.0, 2596.0], [1651.75, 2172.0], [1651.5, 414.0], [1651.25, 2610.0], [1651.0, 10417.0], [1650.75, 28162.0], [1650.5, 2512.0], [1650.25, 2512.0], [1650.0, 2178.0], [1649.75, 92190.0], [1649.5, 2172.0], [1649.25, 2142.0], [1649.0, 51171.0]], "asks": [[1654.0, 10.0], [1654.5, 10634.0], [1654.75, 3576.0], [1655.0, 4984.0], [1655.25, 2614.0], [1655.5, 2860.0], [1655.75, 10572.0], [1656.0, 28567.0], [1656.25, 2841.0], [1656.5, 2777.0], [1656.75, 10308.0], [1657.0, 27827.0], [1657.25, 2136.0], [1658.0, 2129.0], [1658.25, 2100.0], [1658.5, 191900.0], [1658.75, 2199.0], [1659.0, 2098.0], [1659.25, 2103.0], [1659.5, 400.0]]}}}
{"jsonrpc": "2.0", "method": "subscription", "params": {"channel": "book.ETH-18APR25.none.20.100ms", "data": {"timestamp": 1744231025712, "change_id": 65128775359, "instrument_name": "ETH-18APR25", "bids": [[1655.5, 7332.0], [1655.25, 3490.0], [1655.0, 7036.0], [1654.75, 14441.0], [1654.5, 6023.0], [1654.25, 6290.0], [1653.25, 403.0], [1653.0, 3212.0], [1652.75, 7976.0], [1652.5, 6866.0], [1652.25, 18411.0], [1651.75, 405.0], [1651.5, 12344.0], [1651.25, 36646.0], [1650.75, 1351.0], [1650.5, 1346.0], [1650.25, 1755.0], [1650.0, 1355.0], [1649.75, 1351.0], [1649.5, 1331.0]], "asks": [[1656.0, 10000.0], [1656.25, 1060.0], [1656.5, 4766.0], [1656.75, 5482.0], [1657.25, 1828.0], [1657.5, 6093.0], [1658.0, 5768.0], [1658.25, 19632.0], [1658.5, 1754.0], [1658.75, 1730.0], [1659.0, 1730.0], [1659.25, 1331.0], [1659.5, 51332.0], [1659.75, 38834.0], [1660.25, 1325.0], [1661.0, 38942.0], [1661.25, 1340.0], [1661.5, 1323.0], [1661.75, 1333.0], [1662.0, 1353.0]]}}}
{"jsonrpc": "2.0", "method": "subscription", "params": {"channel": "book.ETH-11APR25.none.20.100ms", "data": {"timestamp": 1744231025894, "change_id": 65128775664, "instrument_name": "ETH-11APR25", "bids": [[1653.75, 16062.0], [1653.5, 23053.0], [1653.25, 12547.0], [1653.0, 3864.0], [1652.75, 14346.0], [1652.5, 27524.0], [1652.25, 2586.0], [1652.0, 2596.0], [1651.75, 2172.0], [1651.5, 414.0], [1651.25, 2610.0], [1651.0, 10417.0], [1650.75, 28162.0], [1650.5, 2512.0], [1650.25, 2512.0], [1650.0, 2178.0], [1649.75, 92190.0], [1649.5, 2172.0], [1649.25, 2142.0], [1649.0, 51171.0]], "asks": [[1654.0, 10.0], [1654.25, 3000.0], [1654.5, 10634.0], [1654.75, 3576.0], [1655.0, 4984.0], [1655.25, 2614.0], [1655.5, 2860.0], [1655.75, 10572.0], [1656.0, 28567.0], [1656.25, 2841.0], [1656.5, 2777.0], [1656.75, 10308.0], [1657.0, 27827.0], [1657.25, 2136.0], [1658.0, 2129.0], [1658.25, 2100.0], [1658.5, 191900.0], [1658.75, 2199.0], [1659.0, 2098.0], [1659.25, 2103.0]]}}}
{"jsonrpc": "2.0", "method": "subscription", "params": {"channel": "book.ETH-18APR25.none.20.100ms", "data": {"timestamp": 1744231026002, "change_id": 65128775927, "instrument_name": "ETH-18APR25", "bids": [[1655.5, 1671.0], [1655.25, 6872.0], [1655.0, 7036.0], [1654.75, 14441.0], [1654.5, 6023.0], [1654.25, 6290.0], [1653.5, 395.0], [1653.25, 1719.0], [1653.0, 3212.0], [1652.75, 7976.0], [1652.5, 6866.0], [1652.25, 18411.0], [1651.75, 405.0], [1651.5, 12344.0], [1651.25, 36646.0], [1650.75, 1351.0], [1650.5, 1346.0], [1650.25, 1755.0], [1650.0, 1355.0], [1649.75, 1351.0]], "asks": [[1656.0, 10000.0], [1656.25, 1955.0], [1656.5, 7212.0], [1656.75, 2100.0], [1657.25, 1828.0], [1657.5, 6093.0], [1658.0, 5768.0], [1658.25, 19632.0], [1658.5, 1754.0], [1658.75, 1730.0], [1659.0, 1730.0], [1659.25, 1331.0], [1659.5, 51332.0], [1659.75, 38834.0], [1660.25, 1325.0], [1661.0, 38942.0], [1661.25, 1340.0], [1661.5, 1323.0], [1661.75, 1333.0], [1662.0, 1353.0]]}}}
{"jsonrpc": "2.0", "method": "subscription", "params": {"channel": "book.ETH-11APR25.none.20.100ms", "data": {"timestamp": 1744231026320, "change_id": 65128776358, "instrument_name": "ETH-11APR25", "bids": [[1653.75, 30793.0], [1653.5, 23153.0], [1653.25, 12547.0], [1653.0, 3864.0], [1652.75, 14346.0], [1652.5, 27524.0], [1652.25, 2586.0], [1652.0, 2596.0], [1651.75, 2172.0], [1651.5, 414.0], [1651.25, 2610.0], [1651.0, 10417.0], [1650.75, 28162.0], [1650.5, 2512.0], [1650.25, 2512.0], [1650.0, 2178.0], [1649.75, 92190.0], [1649.25, 2142.0], [1649.0, 51171.0], [1648.75, 2142.0]], "asks": [[1654.0, 10.0], [1654.25, 3000.0], [1654.5, 10634.0], [1654.75, 3576.0], [1655.0, 4984.0], [1655.25, 2614.0], [1655.5, 2860.0], [1655.75, 10572.0], [1656.0, 28567.0], [1656.25, 2841.0], [1656.5, 2777.0], [1656.75, 10308.0], [1657.0, 27827.0], [1657.25, 2136.0], [1658.0, 2129.0], [1658.25, 2100.0], [1658.5, 191900.0], [1658.75, 2199.0], [1659.0, 2098.0], [1659.25, 2103.0]]}}}
{"jsonrpc": "2.0", "method": "subscription", "params": {"channel": "book.ETH-18APR25.none.20.100ms", "data": {"timestamp": 1744231026255, "change_id": 65128776248, "instrument_name": "ETH-18APR25", "bids": [[1655.5, 6010.0], [1655.25, 21718.0], [1655.0, 7036.0], [1654.75, 14441.0], [1654.5, 6023.0], [1654.25, 6290.0], [1653.5, 395.0], [1653.25, 1719.0], [1653.0, 3212.0], [1652.75, 7976.0], [1652.5, 6866.0], [1652.25, 18411.0], [1651.75, 405.0], [1651.5, 12344.0], [1651.25, 36646.0], [1650.5, 1346.0], [1650.25, 1755.0], [1650.0, 1355.0], [1649.75, 1351.0], [1649.5, 1331.0]], "asks": [[1656.0, 10000.0], [1656.25, 1955.0], [1656.5, 7212.0], [1656.75, 2100.0], [1657.25, 1828.0], [1657.5, 6093.0], [1658.0, 5768.0], [1658.25, 19632.0], [1658.5, 1754.0], [1658.75, 1730.0], [1659.0, 1730.0], [1659.25, 1331.0], [1659.5, 51332.0], [1659.75, 38834.0], [1660.25, 1325.0], [1661.0, 38942.0], [1661.25, 1340.0], [1661.5, 1323.0], [1661.75, 1333.0], [1662.0, 1353.0]]}}}
{"jsonrpc": "2.0", "method": "subscription", "params": {"channel": "book.ETH-11APR25.none.20.100ms", "data": {"timestamp": 1744231026689, "change_id": 65128776977, "instrument_name": "ETH-11APR25", "bids": [[1653.75, 30893.0], [1653.5, 19453.0], [1653.25, 12547.0], [1653.0, 3864.0], [1652.75, 14346.0], [1652.5, 27524.0], [1652.25, 2586.0], [1652.0, 2596.0], [1651.75, 2172.0], [1651.5, 414.0], [1651.25, 2610.0], [1651.0, 10417.0], [1650.75, 28162.0], [1650.5, 2512.0], [1650.25, 2512.0], [1650.0, 2178.0], [1649.75, 92190.0], [1649.25, 2142.0], [1649.0, 51171.0], [1648.75, 2142.0]], "asks": [[1654.0, 10.0], [1654.5, 10634.0], [1654.75, 3576.0], [1655.0, 4984.0], [1655.25, 2614.0], [1655.5, 2860.0], [1655.75, 10572.0], [1656.0, 28567.0], [1656.25, 2841.0], [1656.5, 2777.0], [1656.75, 10308.0], [1657.0, 27827.0], [1657.25, 2136.0], [1658.0, 2129.0], [1658.25, 2100.0], [1658.5, 191900.0], [1658.75, 2199.0], [1659.0, 2098.0], [1659.25, 2103.0], [1659.5, 400.0]]}}}
{"jsonrpc": "2.0", "method": "subscription", "params": {"channel": "book.ETH-18APR25.none.20.100ms", "data": {"timestamp": 1744231026668, "change_id": 65128776955, "instrument_name": "ETH-18APR25", "bids": [[1655.5, 12800.0], [1655.25, 17346.0], [1655.0, 3836.0], [1654.75, 11241.0], [1654.5, 6023.0], [1654.25, 6290.0], [1653.5, 395.0], [1653.25, 1719.0], [1653.0, 3212.0], [1652.75, 7976.0], [1652.5, 6866.0], [1652.25, 18411.0], [1651.75, 405.0], [1651.5, 12344.0], [1651.25, 36646.0], [1650.5, 1346.0], [1650.25, 1755.0], [1650.0, 1355.0], [1649.75, 1351.0], [1649.5, 1331.0]], "asks": [[1656.0, 10000.0], [1656.25, 1955.0], [1656.5, 7212.0], [1656.75, 2100.0], [1657.25, 1828.0], [1657.5, 6093.0], [1658.0, 5768.0], [1658.25, 19632.0], [1658.5, 1754.0], [1658.75, 1730.0], [1659.0, 1730.0], [1659.25, 1331.0], [1659.5, 51332.0], [1659.75, 38834.0], [1660.25, 1325.0], [1661.0, 38942.0], [1661.25, 1340.0], [1661.5, 1323.0], [1661.75, 1333.0], [1662.0, 1353.0]]}}}
{"jsonrpc": "2.0", "method": "subscription", "params": {"channel": "book.ETH-11APR25.none.20.100ms", "data": {"timestamp": 1744231027019, "change_id": 65128777899, "instrument_name": "ETH-11APR25", "bids": [[1654.0, 14466.0], [1653.75, 42334.0], [1653.5, 25279.0], [1653.25, 2547.0], [1653.0, 3864.0], [1652.75, 14346.0], [1652.5, 27524.0], [1652.25, 2586.0], [1652.0, 2596.0], [1651.75, 2172.0], [1651.5, 414.0], [1651.25, 2610.0], [1651.0, 10003.0], [1650.75, 28377.0], [1650.5, 2512.0], [1650.25, 2512.0], [1650.0, 7757.0], [1649.75, 92190.0], [1649.25, 2142.0], [1649.0, 51171.0]], "asks": [[1654.5, 10000.0], [1655.0, 3710.0], [1655.25, 5714.0], [1655.5, 2860.0], [1655.75, 10572.0], [1656.0, 28567.0], [1656.25, 2841.0], [1656.5, 2777.0], [1656.75, 10308.0], [1657.0, 27827.0], [1657.25, 2136.0], [1657.75, 486.0], [1658.0, 2732.0], [1658.25, 2100.0], [1658.5, 208814.0], [1658.75, 2199.0], [1659.0, 2098.0], [1659.25, 2103.0], [1659.5, 400.0], [1659.75, 2098.0]]}}}
{"jsonrpc": "2.0", "method": "subscription", "params": {"channel": "book.ETH-18APR25.none.20.100ms", "data": {"timestamp": 1744231026986, "change_id": 65128777825, "instrument_name": "ETH-18APR25", "bids": [[1656.0, 4160.0], [1655.75, 4190.0], [1655.5, 4050.0], [1655.25, 5400.0], [1655.0, 10990.0], [1654.75, 1241.0], [1654.5, 7023.0], [1654.25, 6290.0], [1653.5, 395.0], [1653.25, 1719.0], [1653.0, 3212.0], [1652.75, 7976.0], [1652.5, 6866.0], [1652.25, 18411.0], [1651.75, 405.0], [1651.5, 12344.0], [1651.25, 36646.0], [1650.5, 1346.0], [1650.25, 1755.0], [1650.0, 1355.0]], "asks": [[1656.5, 13830.0], [1656.75, 2200.0], [1657.25, 1828.0], [1657.5, 6093.0], [1658.0, 5768.0], [1658.25, 19632.0], [1658.5, 1754.0], [1658.75, 1730.0], [1659.0, 1730.0], [1659.25, 16731.0], [1659.5, 51735.0], [1659.75, 1343.0], [1660.25, 18239.0], [1661.0, 1340.0], [1661.25, 1340.0], [1661.5, 38814.0], [1661.75, 1733.0], [1662.0, 1353.0], [1662.25, 1357.0], [1662.5, 1340.0]]}}}
{"jsonrpc": "2.0", "method": "subscription", "params": {"channel": "book.ETH-11APR25.none.20.100ms", "data": {"timestamp": 1744231027323, "change_id": 65128778946, "instrument_name": "ETH-11APR25", "bids": [[1654.5, 3600.0], [1654.25, 9614.0], [1654.0, 9230.0], [1653.75, 15563.0], [1653.5, 25279.0], [1653.25, 2547.0], [1653.0, 2547.0], [1652.75, 10214.0], [1652.5, 27524.0], [1652.25, 2586.0], [1652.0, 2824.0], [1651.75, 2172.0], [1651.5, 414.0], [1651.25, 2839.0], [1651.0, 10003.0], [1650.75, 28377.0], [1650.5, 2512.0], [1650.25, 2512.0], [1650.0, 7757.0], [1649.75, 92190.0]], "asks": [[1654.75, 3600.0], [1655.0, 14261.0], [1655.25, 6619.0], [1655.5, 5199.0], [1655.75, 2614.0], [1656.0, 2860.0], [1656.25, 10309.0], [1656.5, 28484.0], [1656.75, 2550.0], [1657.0, 2550.0], [1657.25, 2136.0], [1657.5, 640.0], [1657.75, 10303.0], [1658.0, 28036.0], [1658.25, 64744.0], [1658.5, 158944.0], [1658.75, 2199.0], [1659.0, 2098.0], [1659.25, 2103.0], [1659.75, 2098.0]]}}}
{"jsonrpc": "2.0", "method": "subscription", "params": {"channel": "book.ETH-18APR25.none.20.100ms", "data": {"timestamp": 1744231027127, "change_id": 65128778604, "instrument_name": "ETH-18APR25", "bids": [[1656.0, 6184.0], [1655.75, 14176.0], [1655.5, 4050.0], [1655.25, 5400.0], [1655.0, 10990.0], [1654.75, 300.0], [1654.5, 2887.0], [1654.25, 6290.0], [1653.5, 395.0], [1653.25, 1719.0], [1653.0, 3212.0], [1652.75, 7976.0], [1652.5, 6866.0], [1652.25, 18411.0], [1651.75, 405.0], [1651.5, 12344.0], [1651.25, 36646.0], [1650.5, 1346.0], [1650.25, 1755.0], [1650.0, 1355.0]], "asks": [[1656.5, 13830.0], [1656.75, 3215.0], [1657.0, 3382.0], [1657.75, 1828.0], [1658.0, 11861.0], [1658.25, 19632.0], [1658.5, 1754.0], [1658.75, 1730.0], [1659.0, 1730.0], [1659.25, 16731.0], [1659.5, 51735.0], [1659.75, 1343.0], [1660.25, 18239.0], [1661.0, 1340.0], [1661.25, 1340.0], [1661.5, 38814.0], [1661.75, 1733.0], [1662.0, 1353.0], [1662.25, 1357.0], [1662.5, 1340.0]]}}}
{"jsonrpc": "2.0", "method": "subscription", "params": {"channel": "book.ETH-11APR25.none.20.100ms", "data": {"timestamp": 1744231027721, "change_id": 65128779857, "instrument_name": "ETH-11APR25", "bids": [[1654.25, 4134.0], [1654.0, 5710.0], [1653.75, 2133.0], [1653.5, 14865.0], [1653.25, 12133.0], [1653.0, 2143.0], [1652.75, 2133.0], [1652.5, 27110.0], [1652.25, 2172.0], [1652.0, 2172.0], [1651.75, 2172.0], [1651.25, 2196.0], [1651.0, 2144.0], [1650.75, 27748.0], [1650.5, 2098.0], [1650.25, 2098.0], [1650.0, 7757.0], [1649.75, 92190.0], [1649.25, 2142.0], [1649.0, 51171.0]], "asks": [[1654.75, 15795.0], [1655.0, 2310.0], [1655.25, 5200.0], [1655.5, 2200.0], [1655.75, 2200.0], [1656.0, 2200.0], [1656.25, 2200.0], [1656.5, 27843.0], [1656.75, 2136.0], [1657.0, 2136.0], [1657.25, 2136.0], [1657.75, 2133.0], [1658.0, 27406.0], [1658.25, 2100.0], [1658.5, 158944.0], [1658.75, 2199.0], [1659.0, 2098.0], [1659.25, 2103.0], [1659.75, 2098.0], [1660.0, 2143.0]]}}}
{"jsonrpc": "2.0", "method": "subscription", "params": {"channel": "book.ETH-18APR25.none.20.100ms", "data": {"timestamp": 1744231027720, "change_id": 65128779856, "instrument_name": "ETH-18APR25", "bids": [[1655.75, 6604.0], [1655.5, 100.0], [1655.25, 2400.0], [1654.5, 11000.0], [1654.25, 6290.0], [1653.25, 1316.0], [1653.0, 1343.0], [1652.75, 7573.0], [1652.5, 1343.0], [1652.25, 18411.0], [1651.5, 1350.0], [1651.25, 36646.0], [1650.5, 1346.0], [1650.25, 1755.0], [1650.0, 1355.0], [1649.75, 1351.0], [1649.5, 1331.0], [1648.75, 13864.0], [1648.5, 6932.0], [1648.25, 39853.0]], "asks": [[1656.25, 13200.0], [1656.5, 3200.0], [1656.75, 5400.0], [1658.0, 6093.0], [1658.25, 19225.0], [1658.5, 1355.0], [1658.75, 1331.0], [1659.0, 1331.0], [1659.25, 1331.0], [1659.5, 51332.0], [1659.75, 1343.0], [1660.25, 18239.0], [1661.0, 1340.0], [1661.25, 1340.0], [1661.5, 38814.0], [1661.75, 1733.0], [1662.0, 1353.0], [1662.25, 1357.0], [1662.5, 1340.0], [1662.75, 1316.0]]}}}
{"jsonrpc": "2.0", "method": "subscription", "params": {"channel": "book.ETH-11APR25.none.20.100ms", "data": {"timestamp": 1744231028040, "change_id": 65128780738, "instrument_name": "ETH-11APR25", "bids": [[1654.0, 1000.0], [1653.5, 14965.0], [1653.25, 16267.0], [1653.0, 2143.0], [1652.75, 2133.0], [1652.5, 27110.0], [1652.25, 2172.0], [1652.0, 2172.0], [1651.75, 2172.0], [1651.25, 2196.0], [1651.0, 2144.0], [1650.75, 27748.0], [1650.5, 2098.0], [1650.25, 2098.0], [1650.0, 7757.0], [1649.75, 92190.0], [1649.25, 2142.0], [1649.0, 51171.0], [1648.75, 2142.0], [1648.5, 2587.0]], "asks": [[1654.5, 13600.0], [1654.75, 5895.0], [1655.0, 7580.0], [1655.25, 2200.0], [1655.5, 2200.0], [1655.75, 2200.0], [1656.0, 4822.0], [1656.25, 2200.0], [1656.5, 27843.0], [1656.75, 2136.0], [1657.0, 2136.0], [1657.25, 2136.0], [1657.75, 2133.0], [1658.0, 27406.0], [1658.25, 2100.0], [1658.5, 158944.0], [1658.75, 2199.0], [1659.0, 2098.0], [1659.25, 2103.0], [1659.75, 2098.0]]}}}
{"jsonrpc": "2.0", "method": "subscription", "params": {"channel": "book.ETH-18APR25.none.20.100ms", "data": {"timestamp": 1744231027999, "change_id": 65128780728, "instrument_name": "ETH-18APR25", "bids": [[1655.5, 3382.0], [1655.25, 2500.0], [1654.75, 14138.0], [1654.25, 6290.0], [1653.75, 1000.0], [1653.25, 1316.0], [1653.0, 1343.0], [1652.75, 7573.0], [1652.5, 1343.0], [1652.25, 18411.0], [1651.5, 1350.0], [1651.25, 36646.0], [1650.5, 1346.0], [1650.25, 1755.0], [1650.0, 1355.0], [1649.75, 1351.0], [1649.5, 1331.0], [1648.75, 13864.0], [1648.5, 6932.0], [1648.25, 39853.0]], "asks": [[1656.0, 13200.0], [1656.25, 3300.0], [1656.5, 6582.0], [1656.75, 5300.0], [1658.0, 6093.0], [1658.25, 19225.0], [1658.5, 1355.0], [1658.75, 1331.0], [1659.0, 1331.0], [1659.25, 1331.0], [1659.5, 51332.0], [1659.75, 1343.0], [1660.25, 18239.0], [1661.0, 1340.0], [1661.25, 1340.0], [1661.5, 38814.0], [1661.75, 1733.0], [1662.0, 1353.0], [1662.25, 1357.0], [1662.5, 1340.0]]}}}
{"jsonrpc": "2.0", "method": "subscription", "params": {"channel": "book.ETH-11APR25.none.20.100ms", "data": {"timestamp": 1744231028336, "change_id": 65128781550, "instrument_name": "ETH-11APR25", "bids": [[1654.0, 1000.0], [1653.75, 6860.0], [1653.5, 18605.0], [1653.25, 14016.0], [1653.0, 6917.0], [1652.75, 10214.0], [1652.5, 27524.0], [1652.25, 2586.0], [1652.0, 2586.0], [1651.75, 2172.0], [1651.5, 659.0], [1651.25, 2610.0], [1651.0, 10417.0], [1650.75, 28162.0], [1650.5, 2098.0], [1650.25, 2098.0], [1650.0, 7757.0], [1649.75, 92190.0], [1649.25, 2142.0], [1649.0, 51171.0]], "asks": [[1654.25, 13600.0], [1654.5, 8375.0], [1654.75, 11579.0], [1655.0, 2870.0], [1655.25, 2860.0], [1655.5, 2614.0], [1655.75, 2614.0], [1656.0, 2200.0], [1656.25, 2200.0], [1656.5, 27843.0], [1656.75, 2136.0], [1657.0, 2136.0], [1657.25, 2136.0], [1657.75, 2133.0], [1658.0, 27406.0], [1658.25, 2100.0], [1658.5, 158944.0], [1658.75, 2199.0], [1659.0, 2098.0], [1659.25, 2103.0]]}}}
{"jsonrpc": "2.0", "method": "subscription", "params": {"channel": "book.ETH-18APR25.none.20.100ms", "data": {"timestamp": 1744231028307, "change_id": 65128781469, "instrument_name": "ETH-18APR25", "bids": [[1655.25, 22335.0], [1655.0, 4241.0], [1654.75, 14238.0], [1654.5, 1887.0], [1654.25, 6290.0], [1654.0, 300.0], [1653.75, 1000.0], [1653.25, 403.0], [1653.0, 3615.0], [1652.75, 7573.0], [1652.5, 1343.0], [1652.25, 18411.0], [1651.5, 1350.0], [1651.25, 36646.0], [1650.5, 1346.0], [1650.25, 1755.0], [1650.0, 1355.0], [1649.75, 1351.0], [1649.5, 1331.0], [1648.75, 13864.0]], "asks": [[1655.75, 14160.0], [1656.0, 3200.0], [1656.25, 3482.0], [1656.5, 3200.0], [1656.75, 2100.0], [1658.0, 6093.0], [1658.25, 19225.0], [1658.5, 1355.0], [1658.75, 1331.0], [1659.0, 1331.0], [1659.25, 1331.0], [1659.5, 51332.0], [1659.75, 1343.0], [1660.25, 18239.0], [1661.0, 1340.0], [1661.25, 1340.0], [1661.5, 38814.0], [1661.75, 1733.0], [1662.0, 1353.0], [1662.25, 1357.0]]}}}
{"jsonrpc": "2.0", "method": "subscription", "params": {"channel": "book.ETH-11APR25.none.20.100ms", "data": {"timestamp": 1744231028708, "change_id": 65128782164, "instrument_name": "ETH-11APR25", "bids": [[1654.0, 16962.0], [1653.75, 6685.0], [1653.5, 18605.0], [1653.25, 14016.0], [1653.0, 6917.0], [1652.75, 10214.0], [1652.5, 27524.0], [1652.25, 2586.0], [1652.0, 2586.0], [1651.75, 2172.0], [1651.5, 659.0], [1651.25, 2610.0], [1651.0, 10417.0], [1650.75, 28162.0], [1650.5, 2098.0], [1650.25, 2098.0], [1650.0, 7757.0], [1649.75, 92190.0], [1649.25, 2142.0], [1649.0, 51171.0]], "asks": [[1654.25, 10000.0], [1654.5, 6080.0], [1654.75, 10119.0], [1655.0, 5340.0], [1655.25, 2860.0], [1655.5, 2614.0], [1655.75, 2614.0], [1656.0, 2860.0], [1656.25, 10553.0], [1656.5, 28484.0], [1656.75, 2550.0], [1657.0, 2550.0], [1657.25, 2136.0], [1657.5, 640.0], [1657.75, 10355.0], [1658.0, 27406.0], [1658.25, 2100.0], [1658.5, 158944.0], [1658.75, 2199.0], [1659.0, 2098.0]]}}}
{"jsonrpc": "2.0", "method": "subscription", "params": {"channel": "book.ETH-18APR25.none.20.100ms", "data": {"timestamp": 1744231028682, "change_id": 65128782159, "instrument_name": "ETH-18APR25", "bids": [[1655.5, 6582.0], [1655.25, 18953.0], [1655.0, 4341.0], [1654.75, 14138.0], [1654.5, 1887.0], [1654.25, 6290.0], [1653.5, 395.0], [1653.25, 1719.0], [1653.0, 3615.0], [1652.75, 7976.0], [1652.5, 6866.0], [1652.25, 18411.0], [1651.5, 1350.0], [1651.25, 36646.0], [1650.5, 1346.0], [1650.25, 1755.0], [1650.0, 1355.0], [1649.75, 1351.0], [1649.5, 1331.0], [1648.75, 13864.0]], "asks": [[1655.75, 10000.0], [1656.25, 1955.0], [1656.5, 7212.0], [1656.75, 2100.0], [1657.75, 1828.0], [1658.0, 11861.0], [1658.25, 19632.0], [1658.5, 1754.0], [1658.75, 1730.0], [1659.0, 1730.0], [1659.25, 1331.0], [1659.5, 51332.0], [1659.75, 1343.0], [1660.25, 18239.0], [1661.0, 1340.0], [1661.25, 1340.0], [1661.5, 38814.0], [1661.75, 1733.0], [1662.0, 1353.0], [1662.25, 1357.0]]}}}
{"jsonrpc": "2.0", "method": "subscription", "params": {"channel": "book.ETH-11APR25.none.20.100ms", "data": {"timestamp": 1744231029034, "change_id": 65128782829, "instrument_name": "ETH-11APR25", "bids": [[1654.25, 8689.0], [1654.0, 20809.0], [1653.75, 17689.0], [1653.5, 18505.0], [1653.25, 14016.0], [1653.0, 6917.0], [1652.75, 10214.0], [1652.5, 27524.0], [1652.25, 2586.0], [1652.0, 2586.0], [1651.75, 2172.0], [1651.5, 659.0], [1651.25, 2610.0], [1651.0, 10417.0], [1650.75, 28162.0], [1650.5, 2098.0], [1650.25, 2098.0], [1650.0, 9151.0], [1649.75, 92190.0], [1649.25, 2142.0]], "asks": [[1654.75, 14924.0], [1655.0, 5340.0], [1655.25, 2860.0], [1655.5, 2614.0], [1655.75, 2614.0], [1656.0, 2860.0], [1656.25, 10553.0], [1656.5, 28484.0], [1656.75, 2550.0], [1657.0, 2550.0], [1657.25, 2136.0], [1657.5, 640.0], [1657.75, 10355.0], [1658.0, 28036.0], [1658.25, 2100.0], [1658.5, 158944.0], [1658.75, 2199.0], [1659.0, 2098.0], [1659.25, 2103.0], [1659.75, 2098.0]]}}}
{"jsonrpc": "2.0", "method": "subscription", "params": {"channel": "book.ETH-18APR25.none.20.100ms", "data": {"timestamp": 1744231028907, "change_id": 65128782717, "instrument_name": "ETH-18APR25", "bids": [[1655.75, 5175.0], [1655.5, 6582.0], [1655.25, 100.0], [1655.0, 4241.0], [1654.75, 14138.0], [1654.5, 1887.0], [1654.25, 6290.0], [1653.5, 395.0], [1653.25, 1719.0], [1653.0, 3615.0], [1652.75, 7976.0], [1652.5, 6866.0], [1652.25, 18411.0], [1651.5, 1350.0], [1651.25, 36646.0], [1650.5, 1346.0], [1650.25, 1755.0], [1650.0, 1355.0], [1649.75, 2745.0], [1649.5, 1331.0]], "asks": [[1656.25, 11855.0], [1656.5, 4766.0], [1656.75, 5582.0], [1657.75, 1828.0], [1658.0, 11861.0], [1658.25, 19632.0], [1658.5, 1754.0], [1658.75, 1730.0], [1659.0, 1730.0], [1659.25, 16731.0], [1659.5, 51332.0], [1659.75, 1343.0], [1660.25, 18239.0], [1661.0, 1340.0], [1661.25, 1340.0], [1661.5, 38814.0], [1661.75, 1733.0], [1662.0, 1353.0], [1662.25, 1357.0], [1662.5, 1340.0]]}}}
{"jsonrpc": "2.0", "method": "subscription", "params": {"channel": "book.ETH-11APR25.none.20.100ms", "data": {"timestamp": 1744231029365, "change_id": 65128783813, "instrument_name": "ETH-11APR25", "bids": [[1654.5, 13593.0], [1654.25, 10152.0], [1654.0, 10502.0], [1653.75, 16685.0], [1653.5, 15279.0], [1653.25, 4016.0], [1653.0, 6917.0], [1652.75, 9800.0], [1652.5, 27762.0], [1652.25, 2824.0], [1652.0, 2172.0], [1651.75, 2172.0], [1651.5, 659.0], [1651.25, 2196.0], [1651.0, 10003.0], [1650.75, 27748.0], [1650.5, 2098.0], [1650.25, 2098.0], [1650.0, 9151.0], [1649.75, 92190.0]], "asks": [[1654.75, 10000.0], [1655.0, 770.0], [1655.25, 2860.0], [1655.5, 2614.0], [1655.75, 2614.0], [1656.0, 2860.0], [1656.25, 10553.0], [1656.5, 28257.0], [1656.75, 2136.0], [1657.0, 2136.0], [1657.25, 2136.0], [1657.75, 2133.0], [1658.0, 27406.0], [1658.25, 2100.0], [1658.5, 158944.0], [1658.75, 2199.0], [1659.0, 2098.0], [1659.25, 2103.0], [1659.75, 2098.0], [1660.0, 2143.0]]}}}
{"jsonrpc": "2.0", "method": "subscription", "params": {"channel": "book.ETH-18APR25.none.20.100ms", "data": {"timestamp": 1744231029367, "change_id": 65128783817, "instrument_name": "ETH-18APR25", "bids": [[1655.75, 12083.0], [1655.5, 3300.0], [1655.25, 10000.0], [1654.75, 4138.0], [1654.25, 6290.0], [1653.25, 1316.0], [1653.0, 3615.0], [1652.75, 7573.0], [1652.5, 1343.0], [1652.25, 18411.0], [1651.5, 1350.0], [1651.25, 36646.0], [1650.5, 1346.0], [1650.25, 1755.0], [1650.0, 1355.0], [1649.75, 2745.0], [1649.5, 1331.0], [1648.75, 13864.0], [1648.5, 6932.0], [1648.25, 39853.0]], "asks": [[1656.25, 10000.0], [1656.5, 3200.0], [1656.75, 2200.0], [1657.0, 3382.0], [1658.0, 6093.0], [1658.25, 19225.0], [1658.5, 1355.0], [1658.75, 1331.0], [1659.0, 1331.0], [1659.25, 16731.0], [1659.5, 51332.0], [1659.75, 1343.0], [1660.25, 18239.0], [1661.0, 1340.0], [1661.25, 1340.0], [1661.5, 38814.0], [1661.75, 1733.0], [1662.0, 1353.0], [1662.25, 1357.0], [1662.5, 1340.0]]}}}
{"jsonrpc": "2.0", "method": "subscription", "params": {"channel": "book.ETH-11APR25.none.20.100ms", "data": {"timestamp": 1744231029608, "change_id": 65128784116, "instrument_name": "ETH-11APR25", "bids": [[1654.5, 13593.0], [1654.25, 10152.0], [1654.0, 10502.0], [1653.75, 16685.0], [1653.5, 15279.0], [1653.25, 4016.0], [1653.0, 6917.0], [1652.75, 9800.0], [1652.5, 27762.0], [1652.25, 2824.0], [1652.0, 2824.0], [1651.75, 2172.0], [1651.5, 659.0], [1651.25, 2839.0], [1651.0, 10003.0], [1650.75, 27748.0], [1650.5, 2098.0], [1650.25, 2098.0], [1650.0, 9151.0], [1649.75, 92190.0]], "asks": [[1654.75, 10000.0], [1655.0, 670.0], [1655.25, 3489.0], [1655.5, 5084.0], [1655.75, 2614.0], [1656.0, 2860.0], [1656.25, 10553.0], [1656.5, 28257.0], [1656.75, 2777.0], [1657.0, 2777.0], [1657.25, 2136.0], [1657.5, 414.0], [1657.75, 10303.0], [1658.0, 27820.0], [1658.25, 2100.0], [1658.5, 158944.0], [1658.75, 2199.0], [1659.0, 2098.0], [1659.25, 2103.0], [1659.75, 2098.0]]}}}
{"jsonrpc": "2.0", "method": "subscription", "params": {"channel": "book.ETH-18APR25.none.20.100ms", "data": {"timestamp": 1744231029592, "change_id": 65128784097, "instrument_name": "ETH-18APR25", "bids": [[1655.75, 13173.0], [1655.5, 6200.0], [1655.25, 10000.0], [1655.0, 1241.0], [1654.75, 4138.0], [1654.5, 1887.0], [1654.25, 6290.0], [1653.25, 1719.0], [1653.0, 3615.0], [1652.75, 7573.0], [1652.5, 1343.0], [1652.25, 18411.0], [1651.5, 1350.0], [1651.25, 36646.0], [1650.5, 1346.0], [1650.25, 1755.0], [1650.0, 1355.0], [1649.75, 2745.0], [1649.5, 1331.0], [1648.75, 13864.0]], "asks": [[1656.25, 10960.0], [1656.5, 4820.0], [1656.75, 5400.0], [1657.0, 3382.0], [1658.0, 6093.0], [1658.25, 19225.0], [1658.5, 1355.0], [1658.75, 1331.0], [1659.0, 1331.0], [1659.25, 16731.0], [1659.5, 51332.0], [1659.75, 1343.0], [1660.25, 18239.0], [1661.0, 1340.0], [1661.25, 1340.0], [1661.5, 38814.0], [1661.75, 1733.0], [1662.0, 1353.0], [1662.25, 1357.0], [1662.5, 1340.0]]}}}
{"jsonrpc": "2.0", "method": "subscription", "params": {"channel": "book.ETH-11APR25.none.20.100ms", "data": {"timestamp": 1744231030041, "change_id": 65128784879, "instrument_name": "ETH-11APR25", "bids": [[1654.5, 23375.0], [1654.25, 24425.0], [1654.0, 10402.0], [1653.75, 16685.0], [1653.5, 15279.0], [1653.25, 2547.0], [1653.0, 2783.0], [1652.75, 9800.0], [1652.5, 27762.0], [1652.25, 2824.0], [1652.0, 2824.0], [1651.75, 2172.0], [1651.5, 659.0], [1651.25, 2839.0], [1651.0, 10003.0], [1650.75, 27748.0], [1650.5, 2098.0], [1650.25, 2098.0], [1650.0, 9151.0], [1649.75, 92190.0]], "asks": [[1655.0, 5813.0], [1655.25, 13589.0], [1655.5, 4984.0], [1655.75, 2614.0], [1656.0, 2860.0], [1656.25, 10553.0], [1656.5, 28257.0], [1656.75, 2777.0], [1657.0, 2777.0], [1657.25, 2136.0], [1657.5, 414.0], [1657.75, 10303.0], [1658.0, 27820.0], [1658.25, 49783.0], [1658.5, 158944.0], [1658.75, 2199.0], [1659.0, 2098.0], [1659.25, 2103.0], [1659.75, 2098.0], [1660.0, 2143.0]]}}}
{"jsonrpc": "2.0", "method": "subscription", "params": {"channel": "book.ETH-18APR25.none.20.100ms", "data": {"timestamp": 1744231029978, "change_id": 65128784882, "instrument_name": "ETH-18APR25", "bids": [[1656.0, 9022.0], [1655.75, 9791.0], [1655.5, 6200.0], [1655.25, 10000.0], [1654.5, 1887.0], [1654.25, 6290.0], [1653.5, 395.0], [1653.25, 1719.0], [1653.0, 3615.0], [1652.75, 7976.0], [1652.5, 1343.0], [1652.25, 18411.0], [1651.5, 1350.0], [1651.25, 36646.0], [1650.5, 1346.0], [1650.25, 1755.0], [1650.0, 1355.0], [1649.75, 2745.0], [1649.5, 1331.0], [1648.75, 13864.0]], "asks": [[1656.5, 7618.0], [1656.75, 16415.0], [1657.0, 3382.0], [1657.75, 1828.0], [1658.0, 11861.0], [1658.25, 19632.0], [1658.5, 1754.0], [1658.75, 1730.0], [1659.0, 1730.0], [1659.25, 16731.0], [1659.5, 51735.0], [1659.75, 1343.0], [1660.25, 18239.0], [1661.0, 1340.0], [1661.25, 1340.0], [1661.5, 38814.0], [1661.75, 1733.0], [1662.0, 1353.0], [1662.25, 1357.0], [1662.5, 1340.0]]}}}
{"jsonrpc": "2.0", "method": "subscription", "params": {"channel": "book.ETH-11APR25.none.20.100ms", "data": {"timestamp": 1744231030328, "change_id": 65128785685, "instrument_name": "ETH-11APR25", "bids": [[1654.5, 9993.0], [1654.25, 18468.0], [1654.0, 10577.0], [1653.75, 16785.0], [1653.5, 15279.0], [1653.25, 2547.0], [1653.0, 2783.0], [1652.75, 9800.0], [1652.5, 27762.0], [1652.25, 2824.0], [1652.0, 2824.0], [1651.75, 2172.0], [1651.5, 659.0], [1651.25, 2839.0], [1651.0, 10003.0], [1650.75, 27748.0], [1650.5, 2098.0], [1650.25, 2098.0], [1650.0, 9151.0], [1649.75, 92190.0]], "asks": [[1654.75, 15795.0], [1655.0, 2865.0], [1655.25, 3589.0], [1655.5, 4984.0], [1655.75, 2614.0], [1656.0, 2860.0], [1656.25, 10553.0], [1656.5, 28257.0], [1656.75, 2777.0], [1657.0, 2777.0], [1657.25, 2136.0], [1657.5, 414.0], [1657.75, 10303.0], [1658.0, 27820.0], [1658.25, 49783.0], [1658.5, 158944.0], [1658.75, 2199.0], [1659.0, 2098.0], [1659.25, 2103.0], [1659.75, 2098.0]]}}}
{"jsonrpc": "2.0", "method": "subscription", "params": {"channel": "book.ETH-18APR25.none.20.100ms", "data": {"timestamp": 1744231030215, "change_id": 65128785617, "instrument_name": "ETH-18APR25", "bids": [[1655.75, 6516.0], [1655.5, 6482.0], [1655.25, 10000.0], [1654.5, 1887.0], [1654.25, 7290.0], [1653.5, 395.0], [1653.25, 1719.0], [1653.0, 3615.0], [1652.75, 7976.0], [1652.5, 6866.0], [1652.25, 18411.0], [1651.5, 1350.0], [1651.25, 36646.0], [1650.5, 1346.0], [1650.25, 1755.0], [1650.0, 1355.0], [1649.75, 2745.0], [1649.5, 1331.0], [1648.75, 13864.0], [1648.5, 6932.0]], "asks": [[1656.25, 14160.0], [1656.5, 5632.0], [1656.75, 8782.0], [1657.75, 1828.0], [1658.0, 11861.0], [1658.25, 19632.0], [1658.5, 1754.0], [1658.75, 1730.0], [1659.0, 1730.0], [1659.25, 16731.0], [1659.5, 51735.0], [1659.75, 1343.0], [1660.25, 18239.0], [1661.0, 1340.0], [1661.25, 1340.0], [1661.5, 38814.0], [1661.75, 1733.0], [1662.0, 1353.0], [1662.25, 1357.0], [1662.5, 1340.0]]}}}
{"jsonrpc": "2.0", "method": "subscription", "params": {"channel": "book.ETH-11APR25.none.20.100ms", "data": {"timestamp": 1744231030698, "change_id": 65128786312, "instrument_name": "ETH-11APR25", "bids": [[1654.25, 9993.0], [1654.0, 7607.0], [1653.75, 6785.0], [1653.5, 18453.0], [1653.25, 12547.0], [1653.0, 2783.0], [1652.75, 9800.0], [1652.5, 27762.0], [1652.25, 2824.0], [1652.0, 2824.0], [1651.75, 2172.0], [1651.5, 659.0], [1651.25, 2839.0], [1651.0, 10003.0], [1650.75, 28377.0], [1650.5, 2098.0], [1650.25, 2098.0], [1650.0, 9151.0], [1649.75, 92190.0], [1649.25, 2142.0]], "asks": [[1654.5, 13600.0], [1654.75, 6487.0], [1655.0, 3783.0], [1655.25, 6489.0], [1655.5, 4984.0], [1655.75, 2614.0], [1656.0, 3353.0], [1656.25, 13470.0], [1656.5, 28257.0], [1656.75, 2777.0], [1657.0, 2777.0], [1657.25, 2136.0], [1657.5, 414.0], [1657.75, 10303.0], [1658.0, 27820.0], [1658.25, 49783.0], [1658.5, 158944.0], [1658.75, 2199.0], [1659.0, 2098.0], [1659.25, 2103.0]]}}}
{"jsonrpc": "2.0", "method": "subscription", "params": {"channel": "book.ETH-18APR25.none.20.100ms", "data": {"timestamp": 1744231030656, "change_id": 65128786235, "instrument_name": "ETH-18APR25", "bids": [[1655.5, 3482.0], [1655.0, 3000.0], [1654.75, 10000.0], [1654.5, 1887.0], [1654.25, 7290.0], [1653.5, 395.0], [1653.25, 1719.0], [1653.0, 3615.0], [1652.75, 7976.0], [1652.5, 6866.0], [1652.25, 18411.0], [1651.5, 1350.0], [1651.25, 36646.0], [1650.5, 1346.0], [1650.25, 1755.0], [1650.0, 1355.0], [1649.75, 2745.0], [1649.5, 1331.0], [1648.75, 13864.0], [1648.5, 6932.0]], "asks": [[1656.0, 7160.0], [1656.25, 14160.0], [1656.5, 4920.0], [1656.75, 5482.0], [1657.75, 1828.0], [1658.0, 11861.0], [1658.25, 19632.0], [1658.5, 1754.0], [1658.75, 1730.0], [1659.0, 1730.0], [1659.25, 16731.0], [1659.5, 51735.0], [1659.75, 1343.0], [1660.25, 18239.0], [1661.0, 1340.0], [1661.25, 1340.0], [1661.5, 38814.0], [1661.75, 1733.0], [1662.0, 1353.0], [1662.25, 1357.0]]}}}
{"jsonrpc": "2.0", "method": "subscription", "params": {"channel": "book.ETH-11APR25.none.20.100ms", "data": {"timestamp": 1744231030939, "change_id": 65128787057, "instrument_name": "ETH-11APR25", "bids": [[1654.0, 1000.0], [1653.75, 4490.0], [1653.5, 20853.0], [1653.25, 12647.0], [1653.0, 2783.0], [1652.75, 9800.0], [1652.5, 27762.0], [1652.25, 2824.0], [1652.0, 2824.0], [1651.75, 2172.0], [1651.5, 659.0], [1651.25, 2839.0], [1651.0, 10003.0], [1650.75, 28377.0], [1650.5, 2098.0], [1650.25, 2098.0], [1650.0, 9151.0], [1649.75, 92190.0], [1649.25, 2142.0], [1649.0, 51171.0]], "asks": [[1654.25, 13600.0], [1654.5, 7112.0], [1654.75, 7457.0], [1655.0, 5865.0], [1655.25, 3489.0], [1655.5, 4984.0], [1655.75, 2614.0], [1656.0, 2860.0], [1656.25, 10553.0], [1656.5, 28257.0], [1656.75, 2777.0], [1657.0, 2777.0], [1657.25, 2136.0], [1657.5, 414.0], [1657.75, 10303.0], [1658.0, 27820.0], [1658.25, 49783.0], [1658.5, 158944.0], [1658.75, 2199.0], [1659.0, 2098.0]]}}}
{"jsonrpc": "2.0", "method": "subscription", "params": {"channel": "book.ETH-18APR25.none.20.100ms", "data": {"timestamp": 1744231030921, "change_id": 65128787071, "instrument_name": "ETH-18APR25", "bids": [[1655.25, 6582.0], [1655.0, 3100.0], [1654.75, 10000.0], [1654.5, 1887.0], [1654.25, 7290.0], [1653.25, 403.0], [1653.0, 3615.0], [1652.75, 7976.0], [1652.5, 6866.0], [1652.25, 18411.0], [1651.5, 1350.0], [1651.25, 36646.0], [1650.5, 1346.0], [1650.25, 1755.0], [1650.0, 1355.0], [1649.75, 2745.0], [1649.5, 1331.0], [1648.75, 13864.0], [1648.5, 6932.0], [1648.25, 39853.0]], "asks": [[1655.5, 3200.0], [1655.75, 13872.0], [1656.0, 4801.0], [1656.25, 7642.0], [1656.5, 3830.0], [1656.75, 2100.0], [1657.75, 1828.0], [1658.0, 13177.0], [1658.25, 19632.0], [1658.5, 1754.0], [1658.75, 1611.0], [1659.0, 1730.0], [1659.25, 16731.0], [1659.5, 51735.0], [1659.75, 1343.0], [1660.25, 18239.0], [1661.0, 1340.0], [1661.25, 1340.0], [1661.5, 38814.0], [1661.75, 1733.0]]}}}
{"jsonrpc": "2.0", "method": "subscription", "params": {"channel": "book.ETH-11APR25.none.20.100ms", "data": {"timestamp": 1744231031240, "change_id": 65128787768, "instrument_name": "ETH-11APR25", "bids": [[1654.0, 1000.0], [1653.75, 4490.0], [1653.5, 20853.0], [1653.25, 12647.0], [1653.0, 2783.0], [1652.75, 9800.0], [1652.5, 27762.0], [1652.25, 2824.0], [1652.0, 2824.0], [1651.75, 2172.0], [1651.5, 659.0], [1651.25, 2839.0], [1651.0, 10003.0], [1650.75, 28377.0], [1650.5, 2098.0], [1650.25, 2098.0], [1650.0, 9151.0], [1649.75, 92190.0], [1649.25, 2142.0], [1649.0, 51171.0]], "asks": [[1654.25, 13600.0], [1654.5, 8399.0], [1654.75, 9209.0], [1655.0, 2865.0], [1655.25, 3489.0], [1655.5, 4984.0], [1655.75, 2614.0], [1656.0, 2860.0], [1656.25, 10553.0], [1656.5, 28257.0], [1656.75, 2777.0], [1657.0, 2777.0], [1657.25, 2136.0], [1657.5, 414.0], [1657.75, 10303.0], [1658.0, 27820.0], [1658.25, 49783.0], [1658.5, 158944.0], [1658.75, 2199.0], [1659.0, 2098.0]]}}}
{"jsonrpc": "2.0", "method": "subscription", "params": {"channel": "book.ETH-18APR25.none.20.100ms", "data": {"timestamp": 1744231031321, "change_id": 65128787999, "instrument_name": "ETH-18APR25", "bids": [[1655.25, 11306.0], [1655.0, 3482.0], [1654.75, 3000.0], [1654.5, 11887.0], [1654.25, 7290.0], [1653.25, 403.0], [1653.0, 3615.0], [1652.75, 7976.0], [1652.5, 6866.0], [1652.25, 18411.0], [1651.5, 1350.0], [1651.25, 36646.0], [1650.5, 1346.0], [1650.25, 1755.0], [1650.0, 1355.0], [1649.75, 2745.0], [1649.5, 1331.0], [1648.75, 13864.0], [1648.5, 6932.0], [1648.25, 39853.0]], "asks": [[1655.5, 3200.0], [1655.75, 13872.0], [1656.0, 4801.0], [1656.25, 7642.0], [1656.5, 3830.0], [1656.75, 2100.0], [1657.75, 1828.0], [1658.0, 13177.0], [1658.25, 19632.0], [1658.5, 1754.0], [1658.75, 1611.0], [1659.0, 1730.0], [1659.25, 16731.0], [1659.5, 51735.0], [1659.75, 1343.0], [1660.25, 18239.0], [1661.0, 1340.0], [1661.25, 1340.0], [1661.5, 38814.0], [1661.75, 1733.0]]}}}
{"jsonrpc": "2.0", "method": "subscription", "params": {"channel": "book.ETH-11APR25.none.20.100ms", "data": {"timestamp": 1744231031600, "change_id": 65128788629, "instrument_name": "ETH-11APR25", "bids": [[1653.75, 4490.0], [1653.5, 15995.0], [1653.25, 6824.0], [1653.0, 12783.0], [1652.75, 9800.0], [1652.5, 27762.0], [1652.25, 2824.0], [1652.0, 2824.0], [1651.75, 2172.0], [1651.5, 659.0], [1651.25, 2839.0], [1651.0, 10003.0], [1650.75, 28377.0], [1650.5, 2727.0], [1650.25, 2098.0], [1650.0, 9151.0], [1649.75, 92190.0], [1649.25, 2142.0], [1649.0, 51171.0], [1648.75, 2142.0]], "asks": [[1654.25, 15369.0], [1654.5, 8399.0], [1654.75, 9209.0], [1655.0, 2865.0], [1655.25, 3489.0], [1655.5, 4984.0], [1655.75, 2614.0], [1656.0, 2860.0], [1656.25, 10553.0], [1656.5, 28257.0], [1656.75, 2777.0], [1657.0, 2777.0], [1657.25, 2136.0], [1657.5, 414.0], [1657.75, 10303.0], [1658.0, 27820.0], [1658.25, 49783.0], [1658.5, 158944.0], [1658.75, 2199.0], [1659.0, 2098.0]]}}}
{"jsonrpc": "2.0", "method": "subscription", "params": {"channel": "book.ETH-18APR25.none.20.100ms", "data": {"timestamp": 1744231031594, "change_id": 65128788610, "instrument_name": "ETH-18APR25", "bids": [[1655.25, 3382.0], [1655.0, 1060.0], [1654.75, 6200.0], [1654.5, 11887.0], [1654.25, 7290.0], [1653.0, 2272.0], [1652.75, 7976.0], [1652.5, 6866.0], [1652.25, 18411.0], [1651.75, 405.0], [1651.5, 12344.0], [1651.25, 36646.0], [1650.5, 1346.0], [1650.25, 1755.0], [1650.0, 1355.0], [1649.75, 2745.0], [1649.5, 1331.0], [1648.75, 13864.0], [1648.5, 6932.0], [1648.25, 39853.0]], "asks": [[1655.5, 3200.0], [1655.75, 13872.0], [1656.0, 4801.0], [1656.25, 7642.0], [1656.5, 3830.0], [1656.75, 2100.0], [1657.5, 395.0], [1657.75, 3144.0], [1658.0, 13177.0], [1658.25, 19632.0], [1658.5, 1754.0], [1658.75, 1611.0], [1659.0, 1730.0], [1659.25, 16731.0], [1659.5, 51735.0], [1659.75, 1343.0], [1660.25, 18239.0], [1661.0, 1340.0], [1661.25, 1340.0], [1661.5, 38814.0]]}}}
{"jsonrpc": "2.0", "method": "subscription", "params": {"channel": "book.ETH-11APR25.none.20.100ms", "data": {"timestamp": 1744231032025, "change_id": 65128789276, "instrument_name": "ETH-11APR25", "bids": [[1653.5, 20680.0], [1653.25, 6824.0], [1653.0, 12783.0], [1652.75, 9800.0], [1652.5, 27762.0], [1652.25, 2824.0], [1652.0, 2824.0], [1651.75, 2172.0], [1651.5, 659.0], [1651.25, 2839.0], [1651.0, 10003.0], [1650.75, 28377.0], [1650.5, 2727.0], [1650.25, 4843.0], [1650.0, 9151.0], [1649.75, 92190.0], [1649.25, 2142.0], [1649.0, 51171.0], [1648.75, 2142.0], [1648.5, 2587.0]], "asks": [[1654.0, 15204.0], [1654.25, 8953.0], [1654.5, 12582.0], [1654.75, 6209.0], [1655.0, 2865.0], [1655.25, 2860.0], [1655.5, 2614.0], [1655.75, 2614.0], [1656.0, 2860.0], [1656.25, 10553.0], [1656.5, 28257.0], [1656.75, 2777.0], [1657.0, 2777.0], [1657.25, 2136.0], [1657.5, 414.0], [1657.75, 10303.0], [1658.0, 27820.0], [1658.25, 49783.0], [1658.5, 158944.0], [1658.75, 2199.0]]}}}
{"jsonrpc": "2.0", "method": "subscription", "params": {"channel": "book.ETH-18APR25.none.20.100ms", "data": {"timestamp": 1744231032019, "change_id": 65128789267, "instrument_name": "ETH-18APR25", "bids": [[1655.0, 5650.0], [1654.75, 6200.0], [1654.5, 11987.0], [1654.25, 7290.0], [1653.0, 2272.0], [1652.75, 7976.0], [1652.5, 6866.0], [1652.25, 18411.0], [1651.75, 405.0], [1651.5, 12344.0], [1651.25, 36646.0], [1650.5, 1346.0], [1650.25, 1755.0], [1650.0, 1355.0], [1649.75, 2745.0], [1649.5, 1331.0], [1648.75, 13864.0], [1648.5, 6932.0], [1648.25, 39853.0], [1648.0, 1362.0]], "asks": [[1655.5, 14160.0], [1655.75, 5091.0], [1656.0, 7607.0], [1656.25, 4160.0], [1656.5, 3830.0], [1656.75, 2100.0], [1657.5, 395.0], [1657.75, 3144.0], [1658.0, 13177.0], [1658.25, 19632.0], [1658.5, 1754.0], [1658.75, 1611.0], [1659.0, 1730.0], [1659.25, 16731.0], [1659.5, 51735.0], [1659.75, 1343.0], [1660.25, 18239.0], [1661.0, 1340.0], [1661.25, 1340.0], [1661.5, 38814.0]]}}}
{"jsonrpc": "2.0", "method": "subscription", "params": {"channel": "book.ETH-11APR25.none.20.100ms", "data": {"timestamp": 1744231032213, "change_id": 65128789852, "instrument_name": "ETH-11APR25", "bids": [[1653.75, 4136.0], [1653.5, 20757.0], [1653.25, 3647.0], [1653.0, 2783.0], [1652.75, 9800.0], [1652.5, 37762.0], [1652.25, 2824.0], [1652.0, 2824.0], [1651.75, 2172.0], [1651.5, 659.0], [1651.25, 2839.0], [1651.0, 10003.0], [1650.75, 28162.0], [1650.5, 2727.0], [1650.25, 2098.0], [1650.0, 9151.0], [1649.75, 92190.0], [1649.25, 2142.0], [1649.0, 51171.0], [1648.75, 2142.0]], "asks": [[1654.0, 13600.0], [1654.25, 10904.0], [1654.5, 10112.0], [1654.75, 6209.0], [1655.0, 2865.0], [1655.25, 2860.0], [1655.5, 2614.0], [1655.75, 2614.0], [1656.0, 2860.0], [1656.25, 10553.0], [1656.5, 28257.0], [1656.75, 2777.0], [1657.0, 2777.0], [1657.25, 2136.0], [1657.5, 414.0], [1657.75, 10303.0], [1658.0, 27820.0], [1658.25, 49783.0], [1658.5, 158944.0], [1658.75, 2199.0]]}}}
{"jsonrpc": "2.0", "method": "subscription", "params": {"channel": "book.ETH-18APR25.none.20.100ms", "data": {"timestamp": 1744231032187, "change_id": 65128790033, "instrument_name": "ETH-18APR25", "bids": [[1655.25, 4140.0], [1655.0, 5650.0], [1654.75, 3200.0], [1654.5, 1987.0], [1654.25, 9290.0], [1654.0, 10000.0], [1653.75, 300.0], [1653.5, 1000.0], [1653.0, 2272.0], [1652.75, 7976.0], [1652.5, 6866.0], [1652.25, 18411.0], [1651.75, 405.0], [1651.5, 12344.0], [1651.25, 36646.0], [1650.5, 1346.0], [1650.25, 1755.0], [1650.0, 1355.0], [1649.75, 2745.0], [1649.5, 1331.0]], "asks": [[1655.5, 13200.0], [1655.75, 5221.0], [1656.0, 7507.0], [1656.25, 4160.0], [1656.5, 3830.0], [1656.75, 2100.0], [1657.5, 395.0], [1657.75, 3144.0], [1658.0, 13177.0], [1658.25, 19632.0], [1658.5, 1754.0], [1658.75, 1611.0], [1659.0, 1730.0], [1659.25, 16731.0], [1659.5, 51735.0], [1659.75, 1343.0], [1660.25, 18239.0], [1661.0, 1340.0], [1661.25, 1340.0], [1661.5, 38814.0]]}}}
{"jsonrpc": "2.0", "method": "subscription", "params": {"channel": "book.ETH-11APR25.none.20.100ms", "data": {"timestamp": 1744231032645, "change_id": 65128790574, "instrument_name": "ETH-11APR25", "bids": [[1653.75, 4136.0], [1653.5, 14292.0], [1653.25, 6124.0], [1653.0, 2883.0], [1652.75, 9800.0], [1652.5, 37762.0], [1652.25, 2824.0], [1652.0, 2824.0], [1651.75, 2172.0], [1651.5, 659.0], [1651.25, 2839.0], [1651.0, 10003.0], [1650.75, 28162.0], [1650.5, 2727.0], [1650.25, 2098.0], [1650.0, 3572.0], [1649.75, 92190.0], [1649.25, 2142.0], [1649.0, 51171.0], [1648.75, 2142.0]], "asks": [[1654.0, 10000.0], [1654.25, 10904.0], [1654.5, 9209.0], [1654.75, 2609.0], [1655.0, 2865.0], [1655.25, 2860.0], [1655.5, 2614.0], [1655.75, 2614.0], [1656.0, 2860.0], [1656.25, 10553.0], [1656.5, 28257.0], [1656.75, 2777.0], [1657.0, 2777.0], [1657.25, 2136.0], [1657.5, 414.0], [1657.75, 10303.0], [1658.0, 27820.0], [1658.25, 49783.0], [1658.5, 158944.0], [1658.75, 2199.0]]}}}
{"jsonrpc": "2.0", "method": "subscription", "params": {"channel": "book.ETH-18APR25.none.20.100ms", "data": {"timestamp": 1744231032605, "change_id": 65128790531, "instrument_name": "ETH-18APR25", "bids": [[1655.25, 4140.0], [1655.0, 1855.0], [1654.75, 7572.0], [1654.5, 5187.0], [1654.25, 9290.0], [1654.0, 10000.0], [1653.75, 300.0], [1653.5, 1000.0], [1653.0, 2272.0], [1652.75, 7976.0], [1652.5, 6866.0], [1652.25, 18411.0], [1651.75, 405.0], [1651.5, 12344.0], [1651.25, 36646.0], [1650.5, 1346.0], [1650.25, 1355.0], [1650.0, 1355.0], [1649.75, 2745.0], [1649.5, 1731.0]], "asks": [[1655.5, 13200.0], [1655.75, 5221.0], [1656.0, 7507.0], [1656.25, 4160.0], [1656.5, 3830.0], [1656.75, 2100.0], [1657.5, 395.0], [1657.75, 3144.0], [1658.0, 13177.0], [1658.25, 19632.0], [1658.5, 1754.0], [1658.75, 1611.0], [1659.0, 1730.0], [1659.25, 16731.0], [1659.5, 51735.0], [1659.75, 1343.0], [1660.25, 18239.0], [1661.0, 1340.0], [1661.25, 1340.0], [1661.5, 38814.0]]}}}
{"jsonrpc": "2.0", "method": "subscription", "params": {"channel": "book.ETH-11APR25.none.20.100ms", "data": {"timestamp": 1744231033011, "change_id": 65128791134, "instrument_name": "ETH-11APR25", "bids": [[1653.75, 4136.0], [1653.5, 16072.0], [1653.25, 3854.0], [1653.0, 5703.0], [1652.75, 19800.0], [1652.5, 27762.0], [1652.25, 2824.0], [1652.0, 2824.0], [1651.75, 2172.0], [1651.5, 659.0], [1651.25, 2839.0], [1651.0, 10003.0], [1650.75, 28162.0], [1650.5, 2727.0], [1650.25, 2098.0], [1650.0, 3572.0], [1649.75, 92190.0], [1649.25, 2142.0], [1649.0, 51171.0], [1648.75, 2142.0]], "asks": [[1654.0, 10000.0], [1654.25, 6239.0], [1654.5, 9532.0], [1654.75, 2609.0], [1655.0, 2865.0], [1655.25, 2860.0], [1655.5, 2614.0], [1655.75, 2614.0], [1656.0, 2860.0], [1656.25, 10553.0], [1656.5, 28257.0], [1656.75, 2777.0], [1657.0, 2777.0], [1657.25, 2136.0], [1657.5, 414.0], [1657.75, 10303.0], [1658.0, 27820.0], [1658.25, 49783.0], [1658.5, 158944.0], [1658.75, 2199.0]]}}}
{"jsonrpc": "2.0", "method": "subscription", "params": {"channel": "book.ETH-18APR25.none.20.100ms", "data": {"timestamp": 1744231032935, "change_id": 65128790931, "instrument_name": "ETH-18APR25", "bids": [[1655.25, 4140.0], [1655.0, 4342.0], [1654.75, 4290.0], [1654.5, 6200.0], [1654.25, 11512.0], [1654.0, 6290.0], [1653.75, 300.0], [1653.5, 1000.0], [1653.0, 2272.0], [1652.75, 7976.0], [1652.5, 6866.0], [1652.25, 18411.0], [1651.75, 405.0], [1651.5, 12344.0], [1651.25, 36646.0], [1650.5, 1346.0], [1650.25, 1355.0], [1650.0, 1355.0], [1649.75, 2745.0], [1649.5, 1731.0]], "asks": [[1655.5, 13200.0], [1655.75, 672.0], [1656.0, 4125.0], [1656.25, 4260.0], [1656.5, 3830.0], [1656.75, 2100.0], [1657.5, 395.0], [1657.75, 3144.0], [1658.0, 13177.0], [1658.25, 19632.0], [1658.5, 1754.0], [1658.75, 1611.0], [1659.0, 1730.0], [1659.25, 16731.0], [1659.5, 51735.0], [1659.75, 1343.0], [1660.25, 18239.0], [1661.0, 1340.0], [1661.25, 1340.0], [1661.5, 38814.0]]}}}
{"jsonrpc": "2.0", "method": "subscription", "params": {"channel": "book.ETH-11APR25.none.20.100ms", "data": {"timestamp": 1744231033320, "change_id": 65128791821, "instrument_name": "ETH-11APR25", "bids": [[1653.75, 4136.0], [1653.5, 26066.0], [1653.25, 6798.0], [1653.0, 12783.0], [1652.75, 9800.0], [1652.5, 27762.0], [1652.25, 2824.0], [1652.0, 2824.0], [1651.75, 2172.0], [1651.5, 659.0], [1651.25, 2839.0], [1651.0, 10003.0], [1650.75, 28162.0], [1650.5, 2727.0], [1650.25, 2098.0], [1650.0, 9151.0], [1649.75, 92190.0], [1649.25, 2142.0], [1649.0, 51171.0], [1648.75, 2142.0]], "asks": [[1654.0, 10000.0], [1654.25, 7512.0], [1654.5, 9744.0], [1654.75, 5609.0], [1655.0, 2865.0], [1655.25, 2860.0], [1655.5, 3138.0], [1655.75, 4107.0], [1656.0, 2860.0], [1656.25, 10553.0], [1656.5, 28257.0], [1656.75, 2777.0], [1657.0, 2777.0], [1657.25, 2136.0], [1657.5, 414.0], [1657.75, 10303.0], [1658.0, 27820.0], [1658.25, 49783.0], [1658.5, 158944.0], [1658.75, 2199.0]]}}}
{"jsonrpc": "2.0", "method": "subscription", "params": {"channel": "book.ETH-18APR25.none.20.100ms", "data": {"timestamp": 1744231033256, "change_id": 65128791653, "instrument_name": "ETH-18APR25", "bids": [[1655.25, 4140.0], [1655.0, 14346.0], [1654.75, 7136.0], [1654.5, 13200.0], [1654.25, 1512.0], [1654.0, 6290.0], [1653.75, 300.0], [1653.5, 1000.0], [1653.0, 2272.0], [1652.75, 7976.0], [1652.5, 6866.0], [1652.25, 19727.0], [1651.75, 405.0], [1651.5, 12344.0], [1651.25, 36646.0], [1650.25, 1355.0], [1650.0, 1355.0], [1649.75, 2745.0], [1649.5, 1731.0], [1648.75, 13864.0]], "asks": [[1655.5, 13200.0], [1655.75, 672.0], [1656.0, 5089.0], [1656.25, 7642.0], [1656.5, 3830.0], [1656.75, 2100.0], [1657.5, 395.0], [1657.75, 3144.0], [1658.0, 13177.0], [1658.25, 19632.0], [1658.5, 1754.0], [1658.75, 1611.0], [1659.0, 1730.0], [1659.25, 16731.0], [1659.5, 51735.0], [1659.75, 1343.0], [1660.25, 18239.0], [1661.0, 1340.0], [1661.25, 1340.0], [1661.5, 38814.0]]}}}
{"jsonrpc": "2.0", "method": "subscription", "params": {"channel": "book.ETH-11APR25.none.20.100ms", "data": {"timestamp": 1744231033504, "change_id": 65128792188, "instrument_name": "ETH-11APR25", "bids": [[1653.75, 7736.0], [1653.5, 26066.0], [1653.25, 6798.0], [1653.0, 12783.0], [1652.75, 9800.0], [1652.5, 27762.0], [1652.25, 2824.0], [1652.0, 2824.0], [1651.75, 2172.0], [1651.5, 659.0], [1651.25, 2839.0], [1651.0, 10003.0], [1650.75, 28162.0], [1650.5, 2727.0], [1650.25, 2098.0], [1650.0, 9151.0], [1649.75, 92190.0], [1649.25, 2142.0], [1649.0, 51171.0], [1648.75, 2142.0]], "asks": [[1654.0, 13600.0], [1654.25, 8960.0], [1654.5, 9744.0], [1654.75, 5609.0], [1655.0, 2865.0], [1655.25, 2860.0], [1655.5, 3138.0], [1655.75, 4107.0], [1656.0, 2860.0], [1656.25, 10553.0], [1656.5, 28257.0], [1656.75, 2777.0], [1657.0, 2777.0], [1657.25, 2136.0], [1657.5, 414.0], [1657.75, 10303.0], [1658.0, 27820.0], [1658.25, 49783.0], [1658.5, 158944.0], [1658.75, 2199.0]]}}}
{"jsonrpc": "2.0", "method": "subscription", "params": {"channel": "book.ETH-18APR25.none.20.100ms", "data": {"timestamp": 1744231033499, "change_id": 65128792179, "instrument_name": "ETH-18APR25", "bids": [[1655.25, 4140.0], [1655.0, 14346.0], [1654.75, 7136.0], [1654.5, 13200.0], [1654.25, 1512.0], [1654.0, 6290.0], [1653.75, 300.0], [1653.5, 1000.0], [1653.0, 2272.0], [1652.75, 7976.0], [1652.5, 6866.0], [1652.25, 19727.0], [1651.75, 405.0], [1651.5, 12344.0], [1651.25, 36646.0], [1650.25, 1355.0], [1650.0, 1355.0], [1649.75, 2745.0], [1649.5, 1731.0], [1648.75, 13864.0]], "asks": [[1655.5, 13200.0], [1655.75, 672.0], [1656.0, 5189.0], [1656.25, 7542.0], [1656.5, 3830.0], [1656.75, 2100.0], [1657.5, 395.0], [1657.75, 3144.0], [1658.0, 13177.0], [1658.25, 19632.0], [1658.5, 1754.0], [1658.75, 1611.0], [1659.0, 1730.0], [1659.25, 16731.0], [1659.5, 51735.0], [1659.75, 1343.0], [1660.25, 18239.0], [1661.0, 1340.0], [1661.25, 1340.0], [1661.5, 38814.0]]}}}
{"jsonrpc": "2.0", "method": "subscription", "params": {"channel": "book.ETH-11APR25.none.20.100ms", "data": {"timestamp": 1744231033903, "change_id": 65128792414, "instrument_name": "ETH-11APR25", "bids": [[1653.75, 4136.0], [1653.5, 26066.0], [1653.25, 7808.0], [1653.0, 12783.0], [1652.75, 9800.0], [1652.5, 27762.0], [1652.25, 2824.0], [1652.0, 2824.0], [1651.75, 2172.0], [1651.5, 659.0], [1651.25, 2839.0], [1651.0, 10003.0], [1650.75, 28162.0], [1650.5, 2727.0], [1650.25, 2098.0], [1650.0, 9151.0], [1649.75, 92190.0], [1649.25, 2142.0], [1649.0, 51171.0], [1648.75, 2142.0]], "asks": [[1654.0, 10000.0], [1654.25, 8960.0], [1654.5, 9744.0], [1654.75, 5609.0], [1655.0, 2865.0], [1655.25, 2860.0], [1655.5, 3138.0], [1655.75, 4107.0], [1656.0, 2860.0], [1656.25, 10553.0], [1656.5, 28257.0], [1656.75, 2777.0], [1657.0, 2777.0], [1657.25, 2136.0], [1657.5, 414.0], [1657.75, 10303.0], [1658.0, 27820.0], [1658.25, 49783.0], [1658.5, 158944.0], [1658.75, 2199.0]]}}}
{"jsonrpc": "2.0", "method": "subscription", "params": {"channel": "book.ETH-11APR25.none.20.100ms", "data": {"timestamp": 1744231034277, "change_id": 65128793089, "instrument_name": "ETH-11APR25", "bids": [[1653.75, 13593.0], [1653.5, 30200.0], [1653.25, 7808.0], [1653.0, 12783.0], [1652.75, 9800.0], [1652.5, 27762.0], [1652.25, 2824.0], [1652.0, 2824.0], [1651.75, 2172.0], [1651.5, 659.0], [1651.25, 2839.0], [1651.0, 10003.0], [1650.75, 28162.0], [1650.5, 2727.0], [1650.25, 4843.0], [1650.0, 9151.0], [1649.75, 92190.0], [1649.25, 2142.0], [1649.0, 51171.0], [1648.75, 2142.0]], "asks": [[1654.0, 10000.0], [1654.25, 8960.0], [1654.5, 9744.0], [1654.75, 5609.0], [1655.0, 2865.0], [1655.25, 2860.0], [1655.5, 3138.0], [1655.75, 4107.0], [1656.0, 2860.0], [1656.25, 10553.0], [1656.5, 28257.0], [1656.75, 2777.0], [1657.0, 2777.0], [1657.25, 2136.0], [1657.5, 414.0], [1657.75, 10303.0], [1658.0, 27820.0], [1658.25, 49783.0], [1658.5, 158944.0], [1658.75, 2199.0]]}}}
{"jsonrpc": "2.0", "method": "subscription", "params": {"channel": "book.ETH-18APR25.none.20.100ms", "data": {"timestamp": 1744231034134, "change_id": 65128792784, "instrument_name": "ETH-18APR25", "bids": [[1655.25, 4138.0], [1655.0, 14346.0], [1654.75, 7136.0], [1654.5, 13200.0], [1654.25, 1512.0], [1654.0, 6290.0], [1653.75, 300.0], [1653.5, 1000.0], [1653.0, 2272.0], [1652.75, 7976.0], [1652.5, 6866.0], [1652.25, 19727.0], [1651.75, 405.0], [1651.5, 12344.0], [1651.25, 36646.0], [1650.25, 1355.0], [1650.0, 1355.0], [1649.75, 2745.0], [1649.5, 1731.0], [1648.75, 13864.0]], "asks": [[1655.5, 13200.0], [1655.75, 672.0], [1656.0, 5189.0], [1656.25, 7542.0], [1656.5, 3830.0], [1656.75, 2100.0], [1657.5, 395.0], [1657.75, 3144.0], [1658.0, 13177.0], [1658.25, 19632.0], [1658.5, 1754.0], [1658.75, 1611.0], [1659.0, 1730.0], [1659.25, 16731.0], [1659.5, 51735.0], [1659.75, 1343.0], [1660.25, 18239.0], [1661.0, 1340.0], [1661.25, 1340.0], [1661.5, 38814.0]]}}}
{"jsonrpc": "2.0", "method": "subscription", "params": {"channel": "book.ETH-11APR25.none.20.100ms", "data": {"timestamp": 1744231034645, "change_id": 65128793598, "instrument_name": "ETH-11APR25", "bids": [[1653.75, 13593.0], [1653.5, 30200.0], [1653.25, 7808.0], [1653.0, 12783.0], [1652.75, 9800.0], [1652.5, 27762.0], [1652.25, 2824.0], [1652.0, 2824.0], [1651.75, 2172.0], [1651.5, 659.0], [1651.25, 2839.0], [1651.0, 10003.0], [1650.75, 28162.0], [1650.5, 2727.0], [1650.25, 4843.0], [1650.0, 9151.0], [1649.75, 92190.0], [1649.25, 2142.0], [1649.0, 51171.0], [1648.75, 2142.0]], "asks": [[1654.0, 10000.0], [1654.25, 8256.0], [1654.5, 11579.0], [1654.75, 2609.0], [1655.0, 2865.0], [1655.25, 2860.0], [1655.5, 2614.0], [1655.75, 2614.0], [1656.0, 2860.0], [1656.25, 10553.0], [1656.5, 28257.0], [1656.75, 2777.0], [1657.0, 2777.0], [1657.25, 2136.0], [1657.5, 414.0], [1657.75, 10303.0], [1658.0, 27820.0], [1658.25, 49783.0], [1658.5, 158944.0], [1658.75, 2199.0]]}}}
{"jsonrpc": "2.0", "method": "subscription", "params": {"channel": "book.ETH-11APR25.none.20.100ms", "data": {"timestamp": 1744231034997, "change_id": 65128793961, "instrument_name": "ETH-11APR25", "bids": [[1653.75, 22662.0], [1653.5, 31200.0], [1653.25, 6808.0], [1653.0, 12783.0], [1652.75, 9800.0], [1652.5, 27762.0], [1652.25, 2824.0], [1652.0, 2824.0], [1651.75, 2172.0], [1651.5, 659.0], [1651.25, 2839.0], [1651.0, 10003.0], [1650.75, 28162.0], [1650.5, 2727.0], [1650.25, 4843.0], [1650.0, 9151.0], [1649.75, 92190.0], [1649.25, 2142.0], [1649.0, 51171.0], [1648.75, 2142.0]], "asks": [[1654.25, 4528.0], [1654.5, 17900.0], [1654.75, 8079.0], [1655.0, 2865.0], [1655.25, 2860.0], [1655.5, 2614.0], [1655.75, 2614.0], [1656.0, 2860.0], [1656.25, 10553.0], [1656.5, 28257.0], [1656.75, 2777.0], [1657.0, 2777.0], [1657.25, 2136.0], [1657.5, 414.0], [1657.75, 10303.0], [1658.0, 27820.0], [1658.25, 49783.0], [1658.5, 158944.0], [1658.75, 2199.0], [1659.0, 2098.0]]}}}
{"jsonrpc": "2.0", "method": "subscription", "params": {"channel": "book.ETH-18APR25.none.20.100ms", "data": {"timestamp": 1744231034947, "change_id": 65128793966, "instrument_name": "ETH-18APR25", "bids": [[1655.25, 8154.0], [1655.0, 14346.0], [1654.75, 7136.0], [1654.5, 13200.0], [1654.25, 1512.0], [1654.0, 7290.0], [1653.0, 2272.0], [1652.75, 7976.0], [1652.5, 6866.0], [1652.25, 19727.0], [1651.5, 1350.0], [1651.25, 36646.0], [1650.25, 1355.0], [1650.0, 1355.0], [1649.75, 2745.0], [1649.5, 1731.0], [1648.75, 13864.0], [1648.5, 6932.0], [1648.25, 39853.0], [1648.0, 1362.0]], "asks": [[1655.75, 3906.0], [1656.0, 14225.0], [1656.25, 4160.0], [1656.5, 3830.0], [1656.75, 2100.0], [1657.75, 1828.0], [1658.0, 13177.0], [1658.25, 19632.0], [1658.5, 1754.0], [1658.75, 1611.0], [1659.0, 1730.0], [1659.25, 16731.0], [1659.5, 51735.0], [1659.75, 1343.0], [1660.25, 18239.0], [1661.0, 1340.0], [1661.25, 1340.0], [1661.5, 38814.0], [1661.75, 1733.0], [1662.0, 1353.0]]}}}
{"jsonrpc": "2.0", "method": "subscription", "params": {"channel": "book.ETH-11APR25.none.20.100ms", "data": {"timestamp": 1744231035311, "change_id": 65128794833, "instrument_name": "ETH-11APR25", "bids": [[1653.75, 26325.0], [1653.5, 17423.0], [1653.25, 13143.0], [1653.0, 2143.0], [1652.75, 27110.0], [1652.5, 2133.0], [1652.25, 2172.0], [1652.0, 2172.0], [1651.75, 2172.0], [1651.25, 2196.0], [1651.0, 2144.0], [1650.75, 76808.0], [1650.5, 2098.0], [1650.25, 2098.0], [1650.0, 9151.0], [1649.75, 92190.0], [1649.25, 2142.0], [1649.0, 2111.0], [1648.75, 2142.0], [1648.5, 2587.0]], "asks": [[1654.25, 10000.0], [1654.5, 3600.0], [1654.75, 2295.0], [1655.0, 7575.0], [1655.25, 2200.0], [1655.5, 27907.0], [1655.75, 2200.0], [1656.0, 2200.0], [1656.25, 2200.0], [1656.5, 2136.0], [1656.75, 2136.0], [1657.0, 2136.0], [1657.25, 2136.0], [1657.75, 2133.0], [1658.0, 27406.0], [1658.25, 2100.0], [1658.5, 158944.0], [1658.75, 2199.0], [1659.0, 2098.0], [1659.25, 2103.0]]}}}
{"jsonrpc": "2.0", "method": "subscription", "params": {"channel": "book.ETH-18APR25.none.20.100ms", "data": {"timestamp": 1744231035274, "change_id": 65128794857, "instrument_name": "ETH-18APR25", "bids": [[1655.5, 6582.0], [1655.25, 4238.0], [1655.0, 10004.0], [1654.75, 13200.0], [1654.5, 9490.0], [1654.0, 1000.0], [1653.5, 6230.0], [1653.25, 18411.0], [1653.0, 1316.0], [1652.75, 1343.0], [1652.5, 1343.0], [1652.25, 1316.0], [1651.5, 1350.0], [1651.25, 36646.0], [1650.5, 38517.0], [1650.25, 1355.0], [1650.0, 1355.0], [1649.75, 2745.0], [1649.5, 1731.0], [1648.75, 13864.0]], "asks": [[1655.75, 10000.0], [1656.0, 3200.0], [1656.25, 3200.0], [1656.5, 6682.0], [1656.75, 2100.0], [1657.5, 6093.0], [1658.0, 1316.0], [1658.25, 19225.0], [1658.5, 1355.0], [1658.75, 1331.0], [1659.0, 1331.0], [1659.25, 1331.0], [1659.5, 51332.0], [1659.75, 1343.0], [1660.25, 18239.0], [1661.0, 1340.0], [1661.25, 1340.0], [1661.5, 38814.0], [1661.75, 1733.0], [1662.0, 1353.0]]}}}
{"jsonrpc": "2.0", "method": "subscription", "params": {"channel": "book.ETH-11APR25.none.20.100ms", "data": {"timestamp": 1744231035527, "change_id": 65128795378, "instrument_name": "ETH-11APR25", "bids": [[1654.0, 3600.0], [1653.75, 18702.0], [1653.5, 17423.0], [1653.25, 13143.0], [1653.0, 2143.0], [1652.75, 27110.0], [1652.5, 2133.0], [1652.25, 2172.0], [1652.0, 2172.0], [1651.75, 2172.0], [1651.25, 2196.0], [1651.0, 2144.0], [1650.75, 76808.0], [1650.5, 2098.0], [1650.25, 2098.0], [1650.0, 9151.0], [1649.75, 92190.0], [1649.25, 2142.0], [1649.0, 2111.0], [1648.75, 2142.0]], "asks": [[1654.25, 10000.0], [1654.5, 3600.0], [1654.75, 2295.0], [1655.0, 7575.0], [1655.25, 2200.0], [1655.5, 27907.0], [1655.75, 2200.0], [1656.0, 2200.0], [1656.25, 2200.0], [1656.5, 2136.0], [1656.75, 2136.0], [1657.0, 2136.0], [1657.25, 2136.0], [1657.75, 2133.0], [1658.0, 27406.0], [1658.25, 2100.0], [1658.5, 158944.0], [1658.75, 2199.0], [1659.0, 2098.0], [1659.25, 2103.0]]}}}
{"jsonrpc": "2.0", "method": "subscription", "params": {"channel": "book.ETH-18APR25.none.20.100ms", "data": {"timestamp": 1744231035584, "change_id": 65128795419, "instrument_name": "ETH-18APR25", "bids": [[1655.5, 6582.0], [1655.25, 4238.0], [1654.75, 13200.0], [1654.5, 6290.0], [1654.0, 1000.0], [1653.5, 6230.0], [1653.25, 18411.0], [1652.75, 1343.0], [1652.5, 1343.0], [1652.25, 1316.0], [1651.75, 1394.0], [1651.5, 1350.0], [1651.25, 36646.0], [1650.5, 38517.0], [1650.25, 1355.0], [1650.0, 1355.0], [1649.75, 1351.0], [1649.5, 1731.0], [1648.75, 13864.0], [1648.5, 6932.0]], "asks": [[1655.75, 10000.0], [1656.0, 960.0], [1656.25, 3200.0], [1656.5, 6682.0], [1656.75, 2100.0], [1657.5, 6093.0], [1658.0, 1316.0], [1658.25, 19225.0], [1658.5, 1355.0], [1658.75, 1331.0], [1659.0, 1331.0], [1659.25, 1331.0], [1659.5, 51332.0], [1659.75, 1343.0], [1660.25, 18239.0], [1661.0, 1340.0], [1661.25, 1340.0], [1661.5, 38814.0], [1661.75, 1733.0], [1662.0, 1353.0]]}}}
{"jsonrpc": "2.0", "method": "subscription", "params": {"channel": "book.ETH-11APR25.none.20.100ms", "data": {"timestamp": 1744231035984, "change_id": 65128796179, "instrument_name": "ETH-11APR25", "bids": [[1653.5, 18857.0], [1653.25, 3786.0], [1653.0, 5731.0], [1652.75, 19574.0], [1652.5, 25629.0], [1652.25, 2794.0], [1652.0, 2824.0], [1651.75, 2172.0], [1651.5, 414.0], [1651.25, 2839.0], [1651.0, 25186.0], [1650.75, 77437.0], [1650.5, 2512.0], [1650.25, 4843.0], [1650.0, 9151.0], [1649.75, 92190.0], [1649.25, 2142.0], [1649.0, 2111.0], [1648.75, 2142.0], [1648.5, 2587.0]], "asks": [[1654.0, 7259.0], [1654.25, 13934.0], [1654.5, 8007.0], [1654.75, 8227.0], [1655.0, 2865.0], [1655.25, 10572.0], [1655.5, 28567.0], [1655.75, 2860.0], [1656.0, 2860.0], [1656.25, 2841.0], [1656.5, 2777.0], [1656.75, 2777.0], [1657.0, 2777.0], [1657.25, 2136.0], [1657.5, 640.0], [1657.75, 10355.0], [1658.0, 27406.0], [1658.25, 2100.0], [1658.5, 158944.0], [1658.75, 2199.0]]}}}
{"jsonrpc": "2.0", "method": "subscription", "params": {"channel": "book.ETH-18APR25.none.20.100ms", "data": {"timestamp": 1744231035957, "change_id": 65128796123, "instrument_name": "ETH-18APR25", "bids": [[1655.25, 4138.0], [1655.0, 990.0], [1654.75, 3300.0], [1654.25, 16290.0], [1654.0, 1000.0], [1653.25, 18411.0], [1653.0, 6230.0], [1652.75, 1343.0], [1652.5, 1343.0], [1652.25, 1316.0], [1652.0, 418.0], [1651.75, 1394.0], [1651.5, 1350.0], [1651.25, 36646.0], [1650.5, 38517.0], [1650.25, 1355.0], [1650.0, 1355.0], [1649.75, 1351.0], [1649.5, 1731.0], [1648.75, 13864.0]], "asks": [[1655.75, 10000.0], [1656.0, 960.0], [1656.25, 3300.0], [1656.5, 6582.0], [1656.75, 2100.0], [1657.5, 6093.0], [1658.0, 1316.0], [1658.25, 19225.0], [1658.5, 1355.0], [1658.75, 1331.0], [1659.0, 1331.0], [1659.25, 1331.0], [1659.5, 51332.0], [1659.75, 1343.0], [1660.25, 18239.0], [1661.0, 1340.0], [1661.25, 1340.0], [1661.5, 38814.0], [1661.75, 1733.0], [1662.0, 1353.0]]}}}
{"jsonrpc": "2.0", "method": "subscription", "params": {"channel": "book.ETH-11APR25.none.20.100ms", "data": {"timestamp": 1744231036128, "change_id": 65128796421, "instrument_name": "ETH-11APR25", "bids": [[1653.75, 13593.0], [1653.5, 21179.0], [1653.25, 3143.0], [1653.0, 2657.0], [1652.75, 19626.0], [1652.5, 25391.0], [1652.25, 2172.0], [1652.0, 2172.0], [1651.75, 2172.0], [1651.25, 2196.0], [1651.0, 2144.0], [1650.75, 76808.0], [1650.5, 2512.0], [1650.25, 4843.0], [1650.0, 9151.0], [1649.75, 92190.0], [1649.25, 2142.0], [1649.0, 2111.0], [1648.75, 2142.0], [1648.5, 2587.0]], "asks": [[1654.0, 3600.0], [1654.25, 14675.0], [1654.5, 8265.0], [1654.75, 5195.0], [1655.0, 2205.0], [1655.25, 2200.0], [1655.5, 27907.0], [1655.75, 2200.0], [1656.0, 2200.0], [1656.25, 2200.0], [1656.5, 2136.0], [1656.75, 2136.0], [1657.0, 2136.0], [1657.25, 2136.0], [1657.75, 2133.0], [1658.0, 27406.0], [1658.25, 2100.0], [1658.5, 158944.0], [1658.75, 2199.0], [1659.0, 2098.0]]}}}
{"jsonrpc": "2.0", "method": "subscription", "params": {"channel": "book.ETH-18APR25.none.20.100ms", "data": {"timestamp": 1744231036198, "change_id": 65128796455, "instrument_name": "ETH-18APR25", "bids": [[1655.25, 5153.0], [1655.0, 4372.0], [1654.75, 3300.0], [1654.25, 16290.0], [1654.0, 1000.0], [1653.25, 18411.0], [1653.0, 6230.0], [1652.75, 1343.0], [1652.5, 1343.0], [1652.25, 1316.0], [1652.0, 418.0], [1651.75, 1394.0], [1651.5, 1350.0], [1651.25, 36646.0], [1650.5, 38517.0], [1650.25, 1355.0], [1650.0, 1355.0], [1649.75, 1351.0], [1649.5, 1731.0], [1648.75, 13864.0]], "asks": [[1655.75, 10000.0], [1656.0, 1985.0], [1656.25, 6582.0], [1656.5, 3200.0], [1656.75, 2100.0], [1657.5, 6093.0], [1658.0, 1316.0], [1658.25, 19225.0], [1658.5, 1355.0], [1658.75, 1331.0], [1659.0, 1331.0], [1659.25, 1331.0], [1659.5, 51332.0], [1659.75, 1343.0], [1660.25, 18239.0], [1661.0, 1340.0], [1661.25, 1340.0], [1661.5, 38814.0], [1661.75, 1733.0], [1662.0, 1353.0]]}}}
{"jsonrpc": "2.0", "method": "subscription", "params": {"channel": "book.ETH-11APR25.none.20.100ms", "data": {"timestamp": 1744231036614, "change_id": 65128797127, "instrument_name": "ETH-11APR25", "bids": [[1653.75, 13593.0], [1653.5, 21179.0], [1653.25, 3916.0], [1653.0, 5731.0], [1652.75, 19626.0], [1652.5, 25391.0], [1652.25, 2824.0], [1652.0, 2824.0], [1651.75, 2172.0], [1651.5, 659.0], [1651.25, 2610.0], [1651.0, 25186.0], [1650.75, 77437.0], [1650.5, 2512.0], [1650.25, 4843.0], [1650.0, 9151.0], [1649.75, 92190.0], [1649.25, 2142.0], [1649.0, 2111.0], [1648.75, 2142.0]], "asks": [[1654.0, 13600.0], [1654.25, 4675.0], [1654.5, 11679.0], [1654.75, 2857.0], [1655.0, 2865.0], [1655.25, 10572.0], [1655.5, 28567.0], [1655.75, 2614.0], [1656.0, 2614.0], [1656.25, 2841.0], [1656.5, 2777.0], [1656.75, 2777.0], [1657.0, 2777.0], [1657.25, 2136.0], [1657.75, 2133.0], [1658.0, 27406.0], [1658.25, 2100.0], [1658.5, 158944.0], [1658.75, 2199.0], [1659.0, 2098.0]]}}}
{"jsonrpc": "2.0", "method": "subscription", "params": {"channel": "book.ETH-18APR25.none.20.100ms", "data": {"timestamp": 1744231036406, "change_id": 65128796977, "instrument_name": "ETH-18APR25", "bids": [[1655.25, 4138.0], [1655.0, 3382.0], [1654.75, 100.0], [1654.25, 16290.0], [1654.0, 1000.0], [1653.25, 18411.0], [1653.0, 6230.0], [1652.75, 1343.0], [1652.5, 1343.0], [1652.25, 1316.0], [1652.0, 418.0], [1651.75, 1394.0], [1651.5, 1350.0], [1651.25, 36646.0], [1650.5, 38517.0], [1650.25, 1355.0], [1650.0, 1355.0], [1649.75, 1351.0], [1649.5, 1731.0], [1648.75, 13864.0]], "asks": [[1655.5, 3200.0], [1655.75, 13200.0], [1656.0, 1060.0], [1656.25, 3382.0], [1656.5, 3200.0], [1656.75, 2100.0], [1657.5, 6093.0], [1658.0, 1316.0], [1658.25, 19225.0], [1658.5, 1355.0], [1658.75, 1331.0], [1659.0, 1331.0], [1659.25, 1331.0], [1659.5, 51332.0], [1659.75, 1343.0], [1660.25, 18239.0], [1661.0, 1340.0], [1661.25, 1340.0], [1661.5, 38814.0], [1661.75, 1733.0]]}}}
{"jsonrpc": "2.0", "method": "subscription", "params": {"channel": "book.ETH-11APR25.none.20.100ms", "data": {"timestamp": 1744231036974, "change_id": 65128797398, "instrument_name": "ETH-11APR25", "bids": [[1653.75, 9993.0], [1653.5, 30188.0], [1653.25, 3916.0], [1653.0, 5731.0], [1652.75, 19626.0], [1652.5, 25391.0], [1652.25, 2824.0], [1652.0, 2824.0], [1651.75, 2172.0], [1651.5, 659.0], [1651.25, 2610.0], [1651.0, 25186.0], [1650.75, 77437.0], [1650.5, 2512.0], [1650.25, 4843.0], [1650.0, 9151.0], [1649.75, 92190.0], [1649.25, 2142.0], [1649.0, 2111.0], [1648.75, 2142.0]], "asks": [[1654.0, 13600.0], [1654.25, 4675.0], [1654.5, 11679.0], [1654.75, 2857.0], [1655.0, 2865.0], [1655.25, 10572.0], [1655.5, 28898.0], [1655.75, 3991.0], [1656.0, 2614.0], [1656.25, 2841.0], [1656.5, 2777.0], [1656.75, 2777.0], [1657.0, 2777.0], [1657.25, 2136.0], [1657.75, 2133.0], [1658.0, 27406.0], [1658.25, 2100.0], [1658.5, 158944.0], [1658.75, 2199.0], [1659.0, 2098.0]]}}}
{"jsonrpc": "2.0", "method": "subscription", "params": {"channel": "book.ETH-18APR25.none.20.100ms", "data": {"timestamp": 1744231036964, "change_id": 65128797388, "instrument_name": "ETH-18APR25", "bids": [[1655.25, 4138.0], [1655.0, 12400.0], [1654.75, 100.0], [1654.5, 4887.0], [1654.25, 16290.0], [1654.0, 1000.0], [1653.5, 5523.0], [1653.25, 18411.0], [1653.0, 6230.0], [1652.75, 1343.0], [1652.5, 1738.0], [1652.25, 1316.0], [1652.0, 418.0], [1651.75, 1394.0], [1651.5, 1350.0], [1651.25, 36646.0], [1650.5, 38517.0], [1650.25, 1355.0], [1650.0, 1355.0], [1649.75, 1351.0]], "asks": [[1655.5, 13200.0], [1655.75, 3200.0], [1656.0, 1060.0], [1656.25, 4342.0], [1656.5, 3200.0], [1656.75, 2100.0], [1657.25, 1828.0], [1657.5, 6093.0], [1658.0, 1316.0], [1658.25, 19632.0], [1658.5, 1355.0], [1658.75, 1331.0], [1659.0, 1331.0], [1659.25, 1331.0], [1659.5, 51332.0], [1659.75, 1343.0], [1660.25, 18239.0], [1661.0, 1340.0], [1661.25, 1340.0], [1661.5, 38814.0]]}}}
{"jsonrpc": "2.0", "method": "subscription", "params": {"channel": "book.ETH-11APR25.none.20.100ms", "data": {"timestamp": 1744231037191, "change_id": 65128797647, "instrument_name": "ETH-11APR25", "bids": [[1653.75, 9993.0], [1653.5, 21179.0], [1653.25, 3916.0], [1653.0, 5731.0], [1652.75, 19626.0], [1652.5, 25391.0], [1652.25, 2824.0], [1652.0, 2824.0], [1651.75, 2172.0], [1651.5, 659.0], [1651.25, 2610.0], [1651.0, 25186.0], [1650.75, 77437.0], [1650.5, 2512.0], [1650.25, 4843.0], [1650.0, 9151.0], [1649.75, 92190.0], [1649.25, 2142.0], [1649.0, 2111.0], [1648.75, 2142.0]], "asks": [[1654.0, 13600.0], [1654.25, 4775.0], [1654.5, 11579.0], [1654.75, 2857.0], [1655.0, 2865.0], [1655.25, 10572.0], [1655.5, 28898.0], [1655.75, 4990.0], [1656.0, 2614.0], [1656.25, 2841.0], [1656.5, 2777.0], [1656.75, 2777.0], [1657.0, 2777.0], [1657.25, 2136.0], [1657.75, 2133.0], [1658.0, 27406.0], [1658.25, 2100.0], [1658.5, 158944.0], [1658.75, 2199.0], [1659.0, 2098.0]]}}}
{"jsonrpc": "2.0", "method": "subscription", "params": {"channel": "book.ETH-11APR25.none.20.100ms", "data": {"timestamp": 1744231037390, "change_id": 65128798104, "instrument_name": "ETH-11APR25", "bids": [[1653.75, 9993.0], [1653.5, 21179.0], [1653.25, 3916.0], [1653.0, 5731.0], [1652.75, 19626.0], [1652.5, 25391.0], [1652.25, 2824.0], [1652.0, 2824.0], [1651.75, 2172.0], [1651.5, 659.0], [1651.25, 2610.0], [1651.0, 25186.0], [1650.75, 77437.0], [1650.5, 2512.0], [1650.25, 4843.0], [1650.0, 9151.0], [1649.75, 92190.0], [1649.25, 2142.0], [1649.0, 2111.0], [1648.75, 2142.0]], "asks": [[1654.0, 13600.0], [1654.25, 4775.0], [1654.5, 11579.0], [1654.75, 2857.0], [1655.0, 2865.0], [1655.25, 10572.0], [1655.5, 28898.0], [1655.75, 4990.0], [1656.0, 2614.0], [1656.25, 2841.0], [1656.5, 2777.0], [1656.75, 2777.0], [1657.0, 2777.0], [1657.25, 2136.0], [1657.75, 2133.0], [1658.0, 27406.0], [1658.25, 2100.0], [1658.5, 158944.0], [1658.75, 2199.0], [1659.0, 2098.0]]}}}
{"jsonrpc": "2.0", "method": "subscription", "params": {"channel": "book.ETH-18APR25.none.20.100ms", "data": {"timestamp": 1744231037521, "change_id": 65128798401, "instrument_name": "ETH-18APR25", "bids": [[1655.0, 16538.0], [1654.75, 100.0], [1654.5, 4887.0], [1654.25, 16290.0], [1654.0, 1000.0], [1653.5, 5523.0], [1653.25, 24641.0], [1652.75, 1343.0], [1652.5, 1738.0], [1652.25, 1316.0], [1652.0, 418.0], [1651.75, 1394.0], [1651.5, 1350.0], [1651.25, 36646.0], [1650.5, 38517.0], [1650.25, 1355.0], [1650.0, 1355.0], [1649.75, 1351.0], [1649.5, 1731.0], [1648.75, 13864.0]], "asks": [[1655.5, 14160.0], [1655.75, 4190.0], [1656.0, 4260.0], [1656.25, 4342.0], [1656.5, 3200.0], [1656.75, 2100.0], [1657.25, 1828.0], [1657.5, 6093.0], [1658.0, 1316.0], [1658.25, 19632.0], [1658.5, 1355.0], [1658.75, 1331.0], [1659.0, 1331.0], [1659.25, 1331.0], [1659.5, 51332.0], [1659.75, 1343.0], [1660.25, 18239.0], [1661.0, 1340.0], [1661.25, 1340.0], [1661.5, 38814.0]]}}}
{"jsonrpc": "2.0", "method": "subscription", "params": {"channel": "book.ETH-11APR25.none.20.100ms", "data": {"timestamp": 1744231037957, "change_id": 65128798695, "instrument_name": "ETH-11APR25", "bids": [[1653.5, 21179.0], [1653.25, 3916.0], [1653.0, 5731.0], [1652.75, 19626.0], [1652.5, 25391.0], [1652.25, 2824.0], [1652.0, 2824.0], [1651.75, 2172.0], [1651.5, 659.0], [1651.25, 2610.0], [1651.0, 25186.0], [1650.75, 77437.0], [1650.5, 2512.0], [1650.25, 4843.0], [1650.0, 9151.0], [1649.75, 92190.0], [1649.25, 2142.0], [1649.0, 2111.0], [1648.75, 2142.0], [1648.5, 2587.0]], "asks": [[1654.0, 10689.0], [1654.25, 4775.0], [1654.5, 11579.0], [1654.75, 2857.0], [1655.0, 2865.0], [1655.25, 10572.0], [1655.5, 28898.0], [1655.75, 4990.0], [1656.0, 2614.0], [1656.25, 2841.0], [1656.5, 2777.0], [1656.75, 2777.0], [1657.0, 2777.0], [1657.25, 2136.0], [1657.75, 2133.0], [1658.0, 27406.0], [1658.25, 2100.0], [1658.5, 158944.0], [1658.75, 2199.0], [1659.0, 2098.0]]}}}
{"jsonrpc": "2.0", "method": "subscription", "params": {"channel": "book.ETH-18APR25.none.20.100ms", "data": {"timestamp": 1744231037954, "change_id": 65128798681, "instrument_name": "ETH-18APR25", "bids": [[1655.0, 7520.0], [1654.75, 100.0], [1654.5, 4887.0], [1654.25, 16290.0], [1654.0, 1000.0], [1653.5, 5523.0], [1653.25, 24641.0], [1652.75, 1343.0], [1652.5, 1738.0], [1652.25, 1316.0], [1652.0, 418.0], [1651.75, 1394.0], [1651.5, 1350.0], [1651.25, 36646.0], [1650.5, 38517.0], [1650.25, 1355.0], [1650.0, 1355.0], [1649.75, 1351.0], [1649.5, 1731.0], [1648.75, 13864.0]], "asks": [[1655.5, 13200.0], [1655.75, 990.0], [1656.0, 4260.0], [1656.25, 4342.0], [1656.5, 3200.0], [1656.75, 2100.0], [1657.25, 1828.0], [1657.5, 6093.0], [1658.0, 1316.0], [1658.25, 19632.0], [1658.5, 1355.0], [1658.75, 1331.0], [1659.0, 1331.0], [1659.25, 1331.0], [1659.5, 51332.0], [1659.75, 1343.0], [1660.25, 18239.0], [1661.0, 1340.0], [1661.25, 1340.0], [1661.5, 38814.0]]}}}
{"jsonrpc": "2.0", "method": "subscription", "params": {"channel": "book.ETH-11APR25.none.20.100ms", "data": {"timestamp": 1744231038065, "change_id": 65128798853, "instrument_name": "ETH-11APR25", "bids": [[1653.5, 21179.0], [1653.25, 3916.0], [1653.0, 5731.0], [1652.75, 19626.0], [1652.5, 25391.0], [1652.25, 2824.0], [1652.0, 2824.0], [1651.75, 2172.0], [1651.5, 659.0], [1651.25, 2610.0], [1651.0, 25186.0], [1650.75, 77437.0], [1650.5, 2512.0], [1650.25, 4843.0], [1650.0, 9151.0], [1649.75, 92190.0], [1649.25, 2142.0], [1649.0, 2111.0], [1648.75, 2142.0], [1648.5, 2587.0]], "asks": [[1654.0, 10689.0], [1654.25, 4775.0], [1654.5, 11579.0], [1654.75, 2857.0], [1655.0, 2865.0], [1655.25, 10572.0], [1655.5, 28898.0], [1655.75, 4990.0], [1656.0, 2614.0], [1656.25, 2841.0], [1656.5, 2777.0], [1656.75, 2777.0], [1657.0, 2777.0], [1657.25, 2136.0], [1657.75, 2133.0], [1658.0, 27406.0], [1658.25, 2100.0], [1658.5, 158944.0], [1658.75, 2199.0], [1659.0, 2098.0]]}}}
{"jsonrpc": "2.0", "method": "subscription", "params": {"channel": "book.ETH-18APR25.none.20.100ms", "data": {"timestamp": 1744231038130, "change_id": 65128798914, "instrument_name": "ETH-18APR25", "bids": [[1655.0, 12515.0], [1654.75, 16649.0], [1654.5, 4887.0], [1654.25, 16590.0], [1654.0, 1000.0], [1653.5, 5523.0], [1653.25, 24641.0], [1653.0, 403.0], [1652.75, 1343.0], [1652.5, 1738.0], [1652.25, 1316.0], [1652.0, 418.0], [1651.75, 1799.0], [1651.5, 1350.0], [1651.25, 36646.0], [1650.5, 38517.0], [1650.25, 1355.0], [1650.0, 1355.0], [1649.75, 1351.0], [1649.5, 1731.0]], "asks": [[1655.5, 13200.0], [1655.75, 990.0], [1656.0, 4260.0], [1656.25, 4342.0], [1656.5, 3830.0], [1656.75, 2100.0], [1657.25, 1828.0], [1657.5, 6093.0], [1658.0, 7084.0], [1658.25, 19632.0], [1658.5, 1355.0], [1658.75, 1331.0], [1659.0, 1331.0], [1659.25, 1331.0], [1659.5, 51332.0], [1659.75, 1343.0], [1660.25, 18239.0], [1661.0, 1340.0], [1661.25, 1340.0], [1661.5, 38814.0]]}}}
{"jsonrpc": "2.0", "method": "subscription", "params": {"channel": "book.ETH-11APR25.none.20.100ms", "data": {"timestamp": 1744231038557, "change_id": 65128799665, "instrument_name": "ETH-11APR25", "bids": [[1653.75, 3600.0], [1653.5, 29651.0], [1653.25, 20449.0], [1653.0, 5731.0], [1652.75, 19626.0], [1652.5, 25391.0], [1652.25, 2824.0], [1652.0, 2824.0], [1651.75, 2172.0], [1651.5, 659.0], [1651.25, 2610.0], [1651.0, 25186.0], [1650.75, 77437.0], [1650.5, 2512.0], [1650.25, 4843.0], [1650.0, 9151.0], [1649.75, 92190.0], [1649.25, 2142.0], [1649.0, 2111.0], [1648.75, 2142.0]], "asks": [[1654.0, 10000.0], [1654.25, 4775.0], [1654.5, 11579.0], [1654.75, 2857.0], [1655.0, 2865.0], [1655.25, 10572.0], [1655.5, 28898.0], [1655.75, 4990.0], [1656.0, 2614.0], [1656.25, 2841.0], [1656.5, 2777.0], [1656.75, 2777.0], [1657.0, 2777.0], [1657.25, 2136.0], [1657.75, 2133.0], [1658.0, 27406.0], [1658.25, 2100.0], [1658.5, 158944.0], [1658.75, 2199.0], [1659.0, 2098.0]]}}}
{"jsonrpc": "2.0", "method": "subscription", "params": {"channel": "book.ETH-18APR25.none.20.100ms", "data": {"timestamp": 1744231038385, "change_id": 65128799411, "instrument_name": "ETH-18APR25", "bids": [[1655.25, 3200.0], [1655.0, 12515.0], [1654.75, 16649.0], [1654.5, 4887.0], [1654.25, 16590.0], [1654.0, 1000.0], [1653.5, 5523.0], [1653.25, 24641.0], [1653.0, 403.0], [1652.75, 1343.0], [1652.5, 1738.0], [1652.25, 1316.0], [1652.0, 418.0], [1651.75, 1799.0], [1651.5, 1350.0], [1651.25, 36646.0], [1650.5, 38517.0], [1650.25, 1355.0], [1650.0, 1355.0], [1649.75, 1351.0]], "asks": [[1655.5, 13200.0], [1655.75, 990.0], [1656.0, 4260.0], [1656.25, 4342.0], [1656.5, 3830.0], [1656.75, 2100.0], [1657.25, 1828.0], [1657.5, 6093.0], [1658.0, 7084.0], [1658.25, 19632.0], [1658.5, 1355.0], [1658.75, 1331.0], [1659.0, 1331.0], [1659.25, 1331.0], [1659.5, 51332.0], [1659.75, 1343.0], [1660.25, 18239.0], [1661.0, 1340.0], [1661.25, 1340.0], [1661.5, 38814.0]]}}}
{"jsonrpc": "2.0", "method": "subscription", "params": {"channel": "book.ETH-11APR25.none.20.100ms", "data": {"timestamp": 1744231038713, "change_id": 65128799709, "instrument_name": "ETH-11APR25", "bids": [[1653.75, 3600.0], [1653.5, 29651.0], [1653.25, 20449.0], [1653.0, 5731.0], [1652.75, 19626.0], [1652.5, 25391.0], [1652.25, 2824.0], [1652.0, 2824.0], [1651.75, 2172.0], [1651.5, 659.0], [1651.25, 2610.0], [1651.0, 25186.0], [1650.75, 77437.0], [1650.5, 2512.0], [1650.25, 4843.0], [1650.0, 9151.0], [1649.75, 92190.0], [1649.25, 2142.0], [1649.0, 2111.0], [1648.75, 2142.0]], "asks": [[1654.0, 10000.0], [1654.25, 4775.0], [1654.5, 9672.0], [1654.75, 5857.0], [1655.0, 2865.0], [1655.25, 10572.0], [1655.5, 28898.0], [1655.75, 4990.0], [1656.0, 2614.0], [1656.25, 2841.0], [1656.5, 2777.0], [1656.75, 2777.0], [1657.0, 2777.0], [1657.25, 2136.0], [1657.75, 2133.0], [1658.0, 27406.0], [1658.25, 2100.0], [1658.5, 158944.0], [1658.75, 2199.0], [1659.0, 2098.0]]}}}
{"jsonrpc": "2.0", "method": "subscription", "params": {"channel": "book.ETH-11APR25.none.20.100ms", "data": {"timestamp": 1744231039574, "change_id": 65128800717, "instrument_name": "ETH-11APR25", "bids": [[1653.75, 3600.0], [1653.5, 29651.0], [1653.25, 20449.0], [1653.0, 5731.0], [1652.75, 19626.0], [1652.5, 25391.0], [1652.25, 2824.0], [1652.0, 2824.0], [1651.75, 2172.0], [1651.5, 659.0], [1651.25, 2610.0], [1651.0, 25186.0], [1650.75, 77437.0], [1650.5, 2512.0], [1650.25, 4843.0], [1650.0, 9151.0], [1649.75, 92190.0], [1649.25, 2142.0], [1649.0, 2111.0], [1648.75, 2142.0]], "asks": [[1654.0, 10000.0], [1654.25, 4775.0], [1654.5, 9672.0], [1654.75, 5857.0], [1655.0, 2865.0], [1655.25, 10572.0], [1655.5, 28898.0], [1655.75, 4990.0], [1656.0, 2614.0], [1656.25, 2841.0], [1656.5, 2777.0], [1656.75, 2777.0], [1657.0, 2777.0], [1657.25, 2136.0], [1657.75, 2133.0], [1658.0, 27406.0], [1658.25, 2100.0], [1658.5, 158944.0], [1658.75, 2199.0], [1659.0, 2098.0]]}}}
{"jsonrpc": "2.0", "method": "subscription", "params": {"channel": "book.ETH-11APR25.none.20.100ms", "data": {"timestamp": 1744231039684, "change_id": 65128800774, "instrument_name": "ETH-11APR25", "bids": [[1653.75, 3600.0], [1653.5, 29651.0], [1653.25, 20449.0], [1653.0, 5731.0], [1652.75, 19626.0], [1652.5, 25391.0], [1652.25, 2824.0], [1652.0, 2824.0], [1651.75, 2172.0], [1651.5, 659.0], [1651.25, 2610.0], [1651.0, 25186.0], [1650.75, 77437.0], [1650.5, 2512.0], [1650.25, 4843.0], [1650.0, 9151.0], [1649.75, 92190.0], [1649.25, 2142.0], [1649.0, 2111.0], [1648.75, 2142.0]], "asks": [[1654.0, 10000.0], [1654.25, 4775.0], [1654.5, 11579.0], [1654.75, 2857.0], [1655.0, 2865.0], [1655.25, 10572.0], [1655.5, 28898.0], [1655.75, 4990.0], [1656.0, 2614.0], [1656.25, 2841.0], [1656.5, 2777.0], [1656.75, 2777.0], [1657.0, 2777.0], [1657.25, 2136.0], [1657.75, 2133.0], [1658.0, 27406.0], [1658.25, 2100.0], [1658.5, 158944.0], [1658.75, 2199.0], [1659.0, 2098.0]]}}}
{"jsonrpc": "2.0", "method": "subscription", "params": {"channel": "book.ETH-11APR25.none.20.100ms", "data": {"timestamp": 1744231040122, "change_id": 65128801091, "instrument_name": "ETH-11APR25", "bids": [[1653.5, 29651.0], [1653.25, 20449.0], [1653.0, 5731.0], [1652.75, 19626.0], [1652.5, 25391.0], [1652.25, 2824.0], [1652.0, 2824.0], [1651.75, 2172.0], [1651.5, 659.0], [1651.25, 2610.0], [1651.0, 25186.0], [1650.75, 77437.0], [1650.5, 2512.0], [1650.25, 4843.0], [1650.0, 9151.0], [1649.75, 92190.0], [1649.25, 2142.0], [1649.0, 2111.0], [1648.75, 2142.0], [1648.5, 2587.0]], "asks": [[1654.0, 10689.0], [1654.25, 4775.0], [1654.5, 11579.0], [1654.75, 2857.0], [1655.0, 2865.0], [1655.25, 10572.0], [1655.5, 28898.0], [1655.75, 4990.0], [1656.0, 2614.0], [1656.25, 2841.0], [1656.5, 2777.0], [1656.75, 2777.0], [1657.0, 2777.0], [1657.25, 2136.0], [1657.75, 2133.0], [1658.0, 27406.0], [1658.25, 2100.0], [1658.5, 158944.0], [1658.75, 2199.0], [1659.0, 2098.0]]}}}
{"jsonrpc": "2.0", "method": "subscription", "params": {"channel": "book.ETH-11APR25.none.20.100ms", "data": {"timestamp": 1744231040472, "change_id": 65128801578, "instrument_name": "ETH-11APR25", "bids": [[1653.75, 3600.0], [1653.5, 29651.0], [1653.25, 20449.0], [1653.0, 5731.0], [1652.75, 19626.0], [1652.5, 25391.0], [1652.25, 2824.0], [1652.0, 2824.0], [1651.75, 2172.0], [1651.5, 659.0], [1651.25, 2610.0], [1651.0, 25186.0], [1650.75, 77437.0], [1650.5, 2512.0], [1650.25, 4843.0], [1650.0, 9151.0], [1649.75, 92190.0], [1649.25, 2142.0], [1649.0, 2111.0], [1648.75, 2142.0]], "asks": [[1654.0, 10000.0], [1654.25, 4775.0], [1654.5, 11579.0], [1654.75, 2857.0], [1655.0, 2865.0], [1655.25, 10572.0], [1655.5, 28567.0], [1655.75, 2614.0], [1656.0, 2614.0], [1656.25, 2841.0], [1656.5, 2777.0], [1656.75, 2777.0], [1657.0, 2777.0], [1657.25, 2136.0], [1657.75, 2133.0], [1658.0, 27406.0], [1658.25, 2100.0], [1658.5, 158944.0], [1658.75, 2199.0], [1659.0, 2098.0]]}}}
