{"jsonrpc": "2.0", "method": "subscription", "params": {"channel": "book.ETH-14MAR25.none.20.100ms", "data": {"timestamp": 1741311153280, "change_id": 61212782595, "instrument_name": "ETH-14MAR25", "bids": [[2168.0, 11200.0], [2167.75, 6374.0], [2167.5, 17378.0], [2167.25, 1170.0], [2166.75, 1549.0], [2166.5, 10010.0], [2166.25, 4627.0], [2166.0, 23476.0], [2165.5, 327.0], [2165.25, 7962.0], [2165.0, 37229.0], [2164.75, 46726.0], [2164.5, 1207.0], [2164.25, 1170.0], [2163.75, 500.0], [2163.5, 1170.0], [2163.25, 134931.0], [2163.0, 1184.0], [2162.75, 1203.0], [2161.75, 1184.0]], "asks": [[2168.75, 4927.0], [2169.0, 25970.0], [2169.25, 79356.0], [2169.5, 17600.0], [2169.75, 7516.0], [2170.0, 9647.0], [2170.5, 1222.0], [2170.75, 1202.0], [2171.0, 15971.0], [2171.25, 1202.0], [2171.5, 1207.0], [2171.75, 1177.0], [2172.0, 1177.0], [2172.25, 1202.0], [2172.5, 23972.0], [2173.0, 1222.0], [2173.25, 46288.0], [2173.75, 1177.0], [2174.0, 1177.0], [2174.25, 1727.0]]}}}
{"jsonrpc": "2.0", "method": "subscription", "params": {"channel": "book.ETH-7MAR25.none.20.100ms", "data": {"timestamp": 1741311153296, "change_id": 61212782613, "instrument_name": "ETH-7MAR25", "bids": [[2165.5, 13419.0], [2165.25, 11340.0], [2165.0, 8555.0], [2164.75, 14043.0], [2164.5, 1618.0], [2164.0, 2441.0], [2163.75, 8718.0], [2163.5, 5421.0], [2163.25, 13085.0], [2163.0, 1975.0], [2162.75, 2027.0], [2162.5, 17112.0], [2162.25, 52261.0], [2162.0, 29052.0], [2161.75, 117164.0], [2161.5, 85322.0], [2161.0, 50832.0], [2160.5, 1566.0], [2160.25, 1608.0], [2160.0, 1566.0]], "asks": [[2166.25, 1986.0], [2166.5, 28706.0], [2166.75, 102189.0], [2167.0, 39413.0], [2167.25, 9697.0], [2167.75, 1618.0], [2168.0, 1618.0], [2168.25, 1576.0], [2168.5, 52911.0], [2168.75, 1576.0], [2169.0, 3219.0], [2169.25, 3219.0], [2169.5, 1576.0], [2169.75, 1566.0], [2170.0, 1618.0], [2170.25, 1618.0], [2170.5, 1565.0], [2170.75, 50811.0], [2171.0, 1566.0], [2171.25, 18648.0]]}}}
{"jsonrpc": "2.0", "method": "subscription", "params": {"channel": "book.ETH-14MAR25.none.20.100ms", "data": {"timestamp": 1741311153694, "change_id": 61212783256, "instrument_name": "ETH-14MAR25", "bids": [[2168.25, 7960.0], [2168.0, 13438.0], [2167.75, 11448.0], [2167.5, 17378.0], [2167.25, 1170.0], [2166.75, 1549.0], [2166.5, 9683.0], [2166.25, 4627.0], [2166.0, 23476.0], [2165.25, 1227.0], [2165.0, 23677.0], [2164.75, 46399.0], [2164.5, 1207.0], [2164.25, 1170.0], [2163.75, 500.0], [2163.5, 1170.0], [2163.25, 134931.0], [2163.0, 1184.0], [2162.75, 1203.0], [2161.75, 1184.0]], "asks": [[2168.75, 3400.0], [2169.0, 75031.0], [2169.25, 4742.0], [2169.5, 7476.0], [2169.75, 14622.0], [2170.0, 9647.0], [2170.5, 1222.0], [2170.75, 1202.0], [2171.0, 15971.0], [2171.25, 1202.0], [2171.5, 1207.0], [2171.75, 1177.0], [2172.0, 1177.0], [2172.25, 1202.0], [2172.5, 23972.0], [2173.0, 1222.0], [2173.25, 46288.0], [2173.75, 1177.0], [2174.0, 1177.0], [2174.25, 1727.0]]}}}
{"jsonrpc": "2.0", "method": "subscription", "params": {"channel": "book.ETH-7MAR25.none.20.100ms", "data": {"timestamp": 1741311153700, "change_id": 61212783265, "instrument_name": "ETH-7MAR25", "bids": [[2165.75, 410.0], [2165.5, 19321.0], [2165.25, 61148.0], [2165.0, 4465.0], [2164.75, 14043.0], [2164.5, 1618.0], [2164.0, 49245.0], [2163.75, 8308.0], [2163.5, 1618.0], [2163.0, 1975.0], [2162.75, 2027.0], [2162.5, 16702.0], [2162.25, 51851.0], [2162.0, 28642.0], [2161.75, 91619.0], [2161.0, 50832.0], [2160.5, 1566.0], [2160.25, 1608.0], [2160.0, 1566.0], [2159.75, 1566.0]], "asks": [[2166.5, 1991.0], [2166.75, 90826.0], [2167.0, 4485.0], [2167.25, 10107.0], [2167.5, 1986.0], [2167.75, 2028.0], [2168.0, 1618.0], [2168.25, 1576.0], [2168.5, 52911.0], [2168.75, 1576.0], [2169.0, 3219.0], [2169.25, 41056.0], [2169.5, 1576.0], [2169.75, 1566.0], [2170.0, 1618.0], [2170.25, 1618.0], [2170.5, 1565.0], [2170.75, 50811.0], [2171.0, 1566.0], [2171.25, 18648.0]]}}}
{"jsonrpc": "2.0", "method": "subscription", "params": {"channel": "book.ETH-14MAR25.none.20.100ms", "data": {"timestamp": 1741311154080, "change_id": 61212784176, "instrument_name": "ETH-14MAR25", "bids": [[2168.5, 14927.0], [2168.25, 7781.0], [2168.0, 4742.0], [2167.75, 4622.0], [2167.5, 3400.0], [2167.25, 1170.0], [2166.75, 1222.0], [2166.5, 9683.0], [2166.25, 4627.0], [2166.0, 23476.0], [2165.25, 1227.0], [2165.0, 23677.0], [2164.75, 46399.0], [2164.5, 1207.0], [2164.25, 1170.0], [2163.75, 500.0], [2163.5, 1170.0], [2163.25, 134931.0], [2163.0, 1184.0], [2162.75, 1203.0]], "asks": [[2169.25, 74824.0], [2169.5, 3400.0], [2169.75, 14622.0], [2170.0, 12501.0], [2170.5, 1222.0], [2170.75, 1202.0], [2171.0, 15971.0], [2171.25, 1202.0], [2171.5, 1207.0], [2171.75, 1177.0], [2172.0, 1177.0], [2172.25, 1202.0], [2172.5, 23972.0], [2173.0, 1222.0], [2173.25, 46288.0], [2173.75, 1177.0], [2174.0, 1177.0], [2174.25, 1727.0], [2174.5, 91177.0], [2174.75, 1198.0]]}}}
{"jsonrpc": "2.0", "method": "subscription", "params": {"channel": "book.ETH-7MAR25.none.20.100ms", "data": {"timestamp": 1741311154080, "change_id": 61212784179, "instrument_name": "ETH-7MAR25", "bids": [[2166.0, 15544.0], [2165.75, 12010.0], [2165.5, 1986.0], [2165.25, 2454.0], [2165.0, 4465.0], [2164.75, 410.0], [2164.5, 1618.0], [2164.0, 410.0], [2163.75, 8308.0], [2163.5, 14293.0], [2163.0, 1975.0], [2162.75, 1617.0], [2162.5, 16702.0], [2162.25, 137173.0], [2162.0, 28642.0], [2161.75, 91619.0], [2161.0, 50832.0], [2160.5, 1566.0], [2160.25, 1608.0], [2160.0, 1566.0]], "asks": [[2166.5, 5.0], [2166.75, 80416.0], [2167.0, 42049.0], [2167.25, 19697.0], [2167.5, 1986.0], [2167.75, 2028.0], [2168.0, 1618.0], [2168.25, 1986.0], [2168.5, 52911.0], [2168.75, 1576.0], [2169.0, 3219.0], [2169.25, 3219.0], [2169.5, 1576.0], [2169.75, 1566.0], [2170.0, 1618.0], [2170.25, 1618.0], [2170.5, 1565.0], [2170.75, 50811.0], [2171.0, 1566.0], [2171.25, 18648.0]]}}}
{"jsonrpc": "2.0", "method": "subscription", "params": {"channel": "book.ETH-14MAR25.none.20.100ms", "data": {"timestamp": 1741311154276, "change_id": 61212784535, "instrument_name": "ETH-14MAR25", "bids": [[2168.5, 13395.0], [2168.25, 8956.0], [2168.0, 23353.0], [2167.75, 5642.0], [2167.5, 3400.0], [2167.25, 1170.0], [2166.75, 1222.0], [2166.5, 9683.0], [2166.25, 4627.0], [2166.0, 23476.0], [2165.25, 1227.0], [2165.0, 23677.0], [2164.75, 46399.0], [2164.5, 1207.0], [2164.25, 1170.0], [2163.75, 500.0], [2163.5, 1170.0], [2163.25, 134931.0], [2163.0, 1184.0], [2162.75, 1203.0]], "asks": [[2169.0, 3400.0], [2169.25, 75151.0], [2169.5, 3400.0], [2169.75, 14622.0], [2170.0, 12501.0], [2170.5, 1222.0], [2170.75, 1202.0], [2171.0, 15971.0], [2171.25, 1202.0], [2171.5, 1207.0], [2171.75, 1177.0], [2172.0, 1177.0], [2172.25, 1202.0], [2172.5, 23972.0], [2173.0, 1222.0], [2173.25, 46288.0], [2173.75, 1177.0], [2174.0, 1177.0], [2174.25, 1727.0], [2174.5, 91177.0]]}}}
{"jsonrpc": "2.0", "method": "subscription", "params": {"channel": "book.ETH-7MAR25.none.20.100ms", "data": {"timestamp": 1741311154276, "change_id": 61212784534, "instrument_name": "ETH-7MAR25", "bids": [[2166.0, 9991.0], [2165.75, 11600.0], [2165.5, 1576.0], [2165.25, 18898.0], [2165.0, 4465.0], [2164.5, 1618.0], [2163.75, 8308.0], [2163.5, 14293.0], [2163.0, 1565.0], [2162.75, 1617.0], [2162.5, 1608.0], [2162.25, 137173.0], [2162.0, 1618.0], [2161.75, 91619.0], [2161.0, 50832.0], [2160.5, 1566.0], [2160.25, 1608.0], [2160.0, 1566.0], [2159.75, 1566.0], [2159.25, 1622.0]], "asks": [[2166.5, 5.0], [2166.75, 80416.0], [2167.0, 39413.0], [2167.25, 19697.0], [2167.5, 1576.0], [2167.75, 1618.0], [2168.0, 1618.0], [2168.25, 1576.0], [2168.5, 52911.0], [2168.75, 1576.0], [2169.0, 3219.0], [2169.25, 3219.0], [2169.5, 1576.0], [2169.75, 1566.0], [2170.0, 1618.0], [2170.25, 1618.0], [2170.5, 1565.0], [2170.75, 50811.0], [2171.0, 1566.0], [2171.25, 18648.0]]}}}
{"jsonrpc": "2.0", "method": "subscription", "params": {"channel": "book.ETH-14MAR25.none.20.100ms", "data": {"timestamp": 1741311154722, "change_id": 61212785164, "instrument_name": "ETH-14MAR25", "bids": [[2168.5, 10000.0], [2168.25, 12791.0], [2168.0, 22131.0], [2167.75, 5642.0], [2167.5, 3727.0], [2167.25, 1170.0], [2167.0, 327.0], [2166.75, 4086.0], [2166.5, 11030.0], [2166.25, 11629.0], [2166.0, 23476.0], [2165.25, 1227.0], [2165.0, 24004.0], [2164.75, 46399.0], [2164.5, 1207.0], [2164.25, 1170.0], [2163.75, 500.0], [2163.5, 1170.0], [2163.25, 134931.0], [2163.0, 1184.0]], "asks": [[2169.0, 4600.0], [2169.25, 26371.0], [2169.5, 77092.0], [2169.75, 18492.0], [2170.0, 12501.0], [2170.5, 1222.0], [2170.75, 5952.0], [2171.0, 15971.0], [2171.25, 1202.0], [2171.5, 1207.0], [2171.75, 1177.0], [2172.0, 1177.0], [2172.25, 1202.0], [2172.5, 23972.0], [2173.0, 1222.0], [2173.25, 46288.0], [2173.75, 1177.0], [2174.0, 1177.0], [2174.25, 1727.0], [2174.5, 91177.0]]}}}
{"jsonrpc": "2.0", "method": "subscription", "params": {"channel": "book.ETH-7MAR25.none.20.100ms", "data": {"timestamp": 1741311154739, "change_id": 61212785237, "instrument_name": "ETH-7MAR25", "bids": [[2166.25, 1.0], [2166.0, 13471.0], [2165.75, 12879.0], [2165.5, 10102.0], [2165.25, 19308.0], [2165.0, 1608.0], [2164.75, 410.0], [2164.5, 1618.0], [2164.0, 2441.0], [2163.75, 12545.0], [2163.5, 14293.0], [2163.25, 410.0], [2163.0, 1975.0], [2162.75, 2027.0], [2162.5, 42709.0], [2162.25, 137173.0], [2162.0, 1618.0], [2161.75, 91619.0], [2161.0, 50832.0], [2160.5, 1566.0]], "asks": [[2166.5, 1581.0], [2166.75, 33970.0], [2167.0, 120458.0], [2167.25, 19697.0], [2167.5, 1576.0], [2167.75, 2028.0], [2168.0, 1618.0], [2168.25, 1576.0], [2168.5, 52911.0], [2168.75, 1576.0], [2169.0, 3219.0], [2169.25, 3219.0], [2169.5, 1576.0], [2169.75, 1566.0], [2170.0, 1618.0], [2170.25, 1618.0], [2170.5, 1565.0], [2170.75, 50811.0], [2171.0, 1566.0], [2171.25, 18648.0]]}}}
{"jsonrpc": "2.0", "method": "subscription", "params": {"channel": "book.ETH-14MAR25.none.20.100ms", "data": {"timestamp": 1741311155067, "change_id": 61212786036, "instrument_name": "ETH-14MAR25", "bids": [[2168.5, 10000.0], [2168.25, 6537.0], [2168.0, 22498.0], [2167.75, 7274.0], [2167.5, 3727.0], [2167.25, 1170.0], [2167.0, 327.0], [2166.75, 4086.0], [2166.5, 10703.0], [2166.25, 11629.0], [2166.0, 23476.0], [2165.5, 327.0], [2165.25, 8330.0], [2165.0, 37556.0], [2164.75, 46726.0], [2164.5, 1534.0], [2164.25, 1170.0], [2163.75, 500.0], [2163.5, 1170.0], [2163.25, 134931.0]], "asks": [[2168.75, 4600.0], [2169.0, 6023.0], [2169.25, 26513.0], [2169.5, 79946.0], [2169.75, 18372.0], [2170.0, 9647.0], [2170.25, 327.0], [2170.5, 1549.0], [2170.75, 5952.0], [2171.0, 16298.0], [2171.25, 1529.0], [2171.5, 1534.0], [2171.75, 1504.0], [2172.0, 1504.0], [2172.25, 8394.0], [2172.5, 23972.0], [2173.0, 15108.0], [2173.25, 46288.0], [2174.0, 1177.0], [2174.25, 1727.0]]}}}
{"jsonrpc": "2.0", "method": "subscription", "params": {"channel": "book.ETH-7MAR25.none.20.100ms", "data": {"timestamp": 1741311155036, "change_id": 61212786015, "instrument_name": "ETH-7MAR25", "bids": [[2166.25, 1.0], [2166.0, 9991.0], [2165.75, 46897.0], [2165.5, 12675.0], [2165.25, 21755.0], [2165.0, 1608.0], [2164.5, 1618.0], [2164.25, 48835.0], [2163.75, 8308.0], [2163.5, 1618.0], [2163.0, 1565.0], [2162.75, 1617.0], [2162.5, 1608.0], [2162.25, 51851.0], [2162.0, 1618.0], [2161.75, 91619.0], [2161.0, 50832.0], [2160.25, 1608.0], [2160.0, 1566.0], [2159.75, 1566.0]], "asks": [[2166.5, 1576.0], [2166.75, 76763.0], [2167.0, 14463.0], [2167.25, 47534.0], [2167.5, 1576.0], [2167.75, 1618.0], [2168.0, 1618.0], [2168.25, 1986.0], [2168.5, 52911.0], [2168.75, 1576.0], [2169.0, 3775.0], [2169.25, 3219.0], [2169.5, 1576.0], [2169.75, 1566.0], [2170.0, 1618.0], [2170.5, 1565.0], [2170.75, 50811.0], [2171.0, 1566.0], [2171.25, 18648.0], [2171.5, 1629.0]]}}}
{"jsonrpc": "2.0", "method": "subscription", "params": {"channel": "book.ETH-14MAR25.none.20.100ms", "data": {"timestamp": 1741311155389, "change_id": 61212786437, "instrument_name": "ETH-14MAR25", "bids": [[2168.25, 13400.0], [2168.0, 6354.0], [2167.75, 7394.0], [2167.5, 3727.0], [2167.25, 1170.0], [2167.0, 327.0], [2166.75, 4086.0], [2166.5, 10703.0], [2166.25, 11629.0], [2166.0, 23476.0], [2165.5, 327.0], [2165.25, 8330.0], [2165.0, 37556.0], [2164.75, 46726.0], [2164.5, 1534.0], [2164.25, 1170.0], [2163.75, 827.0], [2163.5, 1170.0], [2163.25, 134931.0], [2163.0, 1184.0]], "asks": [[2168.75, 5980.0], [2169.0, 6023.0], [2169.25, 26513.0], [2169.5, 79946.0], [2169.75, 18372.0], [2170.0, 9647.0], [2170.25, 327.0], [2170.5, 1549.0], [2170.75, 5952.0], [2171.0, 16298.0], [2171.25, 1529.0], [2171.5, 1534.0], [2171.75, 1504.0], [2172.0, 1504.0], [2172.25, 8394.0], [2172.5, 23972.0], [2172.75, 327.0], [2173.0, 15108.0], [2173.25, 46288.0], [2174.0, 1177.0]]}}}
{"jsonrpc": "2.0", "method": "subscription", "params": {"channel": "book.ETH-7MAR25.none.20.100ms", "data": {"timestamp": 1741311155359, "change_id": 61212786421, "instrument_name": "ETH-7MAR25", "bids": [[2165.75, 50238.0], [2165.5, 13954.0], [2165.25, 4843.0], [2165.0, 1608.0], [2164.75, 410.0], [2164.5, 16217.0], [2164.25, 48835.0], [2164.0, 2492.0], [2163.75, 8718.0], [2163.5, 1618.0], [2163.0, 1565.0], [2162.75, 1617.0], [2162.5, 1608.0], [2162.25, 51851.0], [2162.0, 1618.0], [2161.75, 91619.0], [2161.0, 50832.0], [2160.25, 1608.0], [2160.0, 1566.0], [2159.75, 1566.0]], "asks": [[2166.25, 1986.0], [2166.5, 24605.0], [2166.75, 81102.0], [2167.0, 14873.0], [2167.25, 47534.0], [2167.5, 1576.0], [2167.75, 1618.0], [2168.0, 1618.0], [2168.25, 1986.0], [2168.5, 52911.0], [2168.75, 1576.0], [2169.0, 3775.0], [2169.25, 3219.0], [2169.5, 1576.0], [2169.75, 1566.0], [2170.0, 1618.0], [2170.5, 1565.0], [2170.75, 50811.0], [2171.0, 1566.0], [2171.25, 18648.0]]}}}
{"jsonrpc": "2.0", "method": "subscription", "params": {"channel": "book.ETH-14MAR25.none.20.100ms", "data": {"timestamp": 1741311155638, "change_id": 61212786827, "instrument_name": "ETH-14MAR25", "bids": [[2168.25, 15980.0], [2168.0, 6354.0], [2167.75, 8616.0], [2167.5, 3727.0], [2167.25, 1170.0], [2167.0, 327.0], [2166.75, 4086.0], [2166.5, 10703.0], [2166.25, 11629.0], [2166.0, 23476.0], [2165.5, 327.0], [2165.25, 8330.0], [2165.0, 37556.0], [2164.75, 46726.0], [2164.5, 1534.0], [2164.25, 1170.0], [2163.75, 827.0], [2163.5, 1170.0], [2163.25, 134931.0], [2163.0, 1184.0]], "asks": [[2169.0, 26636.0], [2169.25, 74660.0], [2169.5, 11863.0], [2169.75, 18372.0], [2170.0, 9647.0], [2170.25, 327.0], [2170.5, 1549.0], [2170.75, 5952.0], [2171.0, 16298.0], [2171.25, 1529.0], [2171.5, 1534.0], [2171.75, 1504.0], [2172.0, 1504.0], [2172.25, 8394.0], [2172.5, 23972.0], [2172.75, 327.0], [2173.0, 15108.0], [2173.25, 46288.0], [2174.0, 1177.0], [2174.25, 1727.0]]}}}
{"jsonrpc": "2.0", "method": "subscription", "params": {"channel": "book.ETH-7MAR25.none.20.100ms", "data": {"timestamp": 1741311155567, "change_id": 61212786761, "instrument_name": "ETH-7MAR25", "bids": [[2165.75, 50238.0], [2165.5, 13954.0], [2165.25, 4843.0], [2165.0, 1608.0], [2164.75, 410.0], [2164.5, 16217.0], [2164.25, 48835.0], [2164.0, 2492.0], [2163.75, 8718.0], [2163.5, 1618.0], [2163.25, 410.0], [2163.0, 1975.0], [2162.75, 2027.0], [2162.5, 17163.0], [2162.25, 52261.0], [2162.0, 1618.0], [2161.75, 91619.0], [2161.0, 50832.0], [2160.25, 1608.0], [2160.0, 1566.0]], "asks": [[2166.5, 24605.0], [2166.75, 81102.0], [2167.0, 28672.0], [2167.25, 47944.0], [2167.5, 1986.0], [2167.75, 2028.0], [2168.0, 2028.0], [2168.25, 17398.0], [2168.5, 53321.0], [2168.75, 2542.0], [2169.0, 4115.0], [2169.25, 3629.0], [2169.5, 1986.0], [2169.75, 1976.0], [2170.0, 2028.0], [2170.25, 1986.0], [2170.5, 16808.0], [2170.75, 50811.0], [2171.0, 1566.0], [2171.25, 18648.0]]}}}
{"jsonrpc": "2.0", "method": "subscription", "params": {"channel": "book.ETH-14MAR25.none.20.100ms", "data": {"timestamp": 1741311155950, "change_id": 61212787815, "instrument_name": "ETH-14MAR25", "bids": [[2168.5, 15982.0], [2168.25, 6701.0], [2168.0, 4622.0], [2167.75, 21964.0], [2167.5, 3727.0], [2167.25, 1170.0], [2166.75, 1222.0], [2166.5, 9683.0], [2166.25, 11302.0], [2166.0, 23476.0], [2165.25, 1554.0], [2165.0, 24004.0], [2164.75, 46399.0], [2164.5, 1207.0], [2164.25, 1170.0], [2163.75, 500.0], [2163.5, 1170.0], [2163.25, 134931.0], [2163.0, 1184.0], [2162.75, 1203.0]], "asks": [[2169.25, 73905.0], [2169.5, 3520.0], [2169.75, 4622.0], [2170.0, 14076.0], [2170.25, 1222.0], [2170.5, 1222.0], [2170.75, 9680.0], [2171.0, 15971.0], [2171.25, 1202.0], [2171.5, 1207.0], [2171.75, 1504.0], [2172.0, 1177.0], [2172.25, 1529.0], [2172.5, 23972.0], [2173.0, 1549.0], [2173.25, 46288.0], [2174.0, 1177.0], [2174.25, 1727.0], [2174.5, 91177.0], [2174.75, 1198.0]]}}}
{"jsonrpc": "2.0", "method": "subscription", "params": {"channel": "book.ETH-7MAR25.none.20.100ms", "data": {"timestamp": 1741311155984, "change_id": 61212787872, "instrument_name": "ETH-7MAR25", "bids": [[2166.0, 46478.0], [2165.75, 25851.0], [2165.5, 1576.0], [2165.25, 4433.0], [2165.0, 1608.0], [2164.5, 50453.0], [2163.75, 8308.0], [2163.5, 1618.0], [2163.0, 1565.0], [2162.75, 1617.0], [2162.5, 1608.0], [2162.25, 51851.0], [2162.0, 1618.0], [2161.75, 91619.0], [2161.0, 50832.0], [2160.25, 1608.0], [2160.0, 1566.0], [2159.75, 1566.0], [2159.25, 1622.0], [2159.0, 1566.0]], "asks": [[2166.75, 75187.0], [2167.0, 14463.0], [2167.25, 1576.0], [2167.5, 1576.0], [2167.75, 1618.0], [2168.0, 9842.0], [2168.25, 1576.0], [2168.5, 1619.0], [2168.75, 1576.0], [2169.0, 3219.0], [2169.25, 3219.0], [2169.5, 1576.0], [2169.75, 1566.0], [2170.0, 90747.0], [2170.25, 1576.0], [2170.5, 1565.0], [2170.75, 50811.0], [2171.0, 1566.0], [2171.25, 18648.0], [2171.5, 1629.0]]}}}
{"jsonrpc": "2.0", "method": "subscription", "params": {"channel": "book.ETH-14MAR25.none.20.100ms", "data": {"timestamp": 1741311156202, "change_id": 61212787991, "instrument_name": "ETH-14MAR25", "bids": [[2168.5, 15982.0], [2168.25, 7720.0], [2168.0, 6009.0], [2167.75, 5642.0], [2167.5, 3727.0], [2167.25, 1170.0], [2166.75, 1222.0], [2166.5, 9683.0], [2166.25, 11302.0], [2166.0, 23476.0], [2165.25, 1554.0], [2165.0, 24004.0], [2164.75, 46399.0], [2164.5, 1207.0], [2164.25, 1170.0], [2163.75, 500.0], [2163.5, 1170.0], [2163.25, 134931.0], [2163.0, 1184.0], [2162.75, 1203.0]], "asks": [[2169.25, 74961.0], [2169.5, 4907.0], [2169.75, 8845.0], [2170.0, 14076.0], [2170.25, 1222.0], [2170.5, 1222.0], [2170.75, 9680.0], [2171.0, 15971.0], [2171.25, 1202.0], [2171.5, 1207.0], [2171.75, 1504.0], [2172.0, 1177.0], [2172.25, 1529.0], [2172.5, 23972.0], [2173.0, 1549.0], [2173.25, 46288.0], [2174.0, 1177.0], [2174.25, 1727.0], [2174.5, 91177.0], [2174.75, 1198.0]]}}}
{"jsonrpc": "2.0", "method": "subscription", "params": {"channel": "book.ETH-7MAR25.none.20.100ms", "data": {"timestamp": 1741311156386, "change_id": 61212788257, "instrument_name": "ETH-7MAR25", "bids": [[2166.0, 3953.0], [2165.75, 12010.0], [2165.5, 2906.0], [2165.25, 4843.0], [2165.0, 1608.0], [2164.75, 410.0], [2164.5, 1618.0], [2164.0, 6295.0], [2163.75, 21393.0], [2163.5, 1618.0], [2163.0, 1565.0], [2162.75, 1617.0], [2162.5, 17163.0], [2162.25, 51851.0], [2162.0, 86940.0], [2161.75, 91619.0], [2161.0, 50832.0], [2160.25, 1608.0], [2160.0, 1566.0], [2159.75, 1566.0]], "asks": [[2166.75, 2915.0], [2167.0, 82694.0], [2167.25, 23400.0], [2167.5, 39413.0], [2167.75, 4571.0], [2168.0, 9842.0], [2168.25, 1986.0], [2168.5, 1619.0], [2168.75, 52868.0], [2169.0, 3219.0], [2169.25, 3219.0], [2169.5, 1576.0], [2169.75, 1566.0], [2170.0, 1618.0], [2170.25, 1576.0], [2170.5, 1565.0], [2170.75, 50811.0], [2171.0, 1566.0], [2171.25, 18648.0], [2171.5, 1629.0]]}}}
{"jsonrpc": "2.0", "method": "subscription", "params": {"channel": "book.ETH-14MAR25.none.20.100ms", "data": {"timestamp": 1741311156714, "change_id": 61212788614, "instrument_name": "ETH-14MAR25", "bids": [[2168.75, 4600.0], [2168.5, 15982.0], [2168.25, 11868.0], [2168.0, 20262.0], [2167.75, 5642.0], [2167.5, 3727.0], [2167.25, 1170.0], [2167.0, 327.0], [2166.75, 4127.0], [2166.5, 11071.0], [2166.25, 11302.0], [2166.0, 23476.0], [2165.5, 327.0], [2165.25, 8289.0], [2165.0, 37556.0], [2164.75, 46726.0], [2164.5, 1534.0], [2164.25, 1170.0], [2163.75, 500.0], [2163.5, 1170.0]], "asks": [[2169.25, 21587.0], [2169.5, 73785.0], [2169.75, 7623.0], [2170.0, 14403.0], [2170.25, 1549.0], [2170.5, 4028.0], [2170.75, 14103.0], [2171.0, 16298.0], [2171.25, 1529.0], [2171.5, 1534.0], [2171.75, 1504.0], [2172.0, 1504.0], [2172.25, 8353.0], [2172.5, 23972.0], [2172.75, 327.0], [2173.0, 15068.0], [2173.25, 46288.0], [2174.0, 1177.0], [2174.25, 1727.0], [2174.5, 91177.0]]}}}
{"jsonrpc": "2.0", "method": "subscription", "params": {"channel": "book.ETH-7MAR25.none.20.100ms", "data": {"timestamp": 1741311156726, "change_id": 61212788660, "instrument_name": "ETH-7MAR25", "bids": [[2166.25, 3478.0], [2166.0, 15544.0], [2165.75, 11986.0], [2165.5, 2906.0], [2165.25, 4843.0], [2165.0, 1608.0], [2164.75, 410.0], [2164.5, 1618.0], [2164.0, 6295.0], [2163.75, 21393.0], [2163.5, 1618.0], [2163.25, 410.0], [2163.0, 1975.0], [2162.75, 2027.0], [2162.5, 17163.0], [2162.25, 77933.0], [2162.0, 114426.0], [2161.75, 91619.0], [2161.0, 50832.0], [2160.25, 1608.0]], "asks": [[2166.75, 23599.0], [2167.0, 82694.0], [2167.25, 23400.0], [2167.5, 39823.0], [2167.75, 4571.0], [2168.0, 10252.0], [2168.25, 1986.0], [2168.5, 17428.0], [2168.75, 52868.0], [2169.0, 3219.0], [2169.25, 3219.0], [2169.5, 1576.0], [2169.75, 1566.0], [2170.0, 1618.0], [2170.25, 1576.0], [2170.5, 1565.0], [2170.75, 50811.0], [2171.0, 1566.0], [2171.25, 18648.0], [2171.5, 1629.0]]}}}
{"jsonrpc": "2.0", "method": "subscription", "params": {"channel": "book.ETH-14MAR25.none.20.100ms", "data": {"timestamp": 1741311156827, "change_id": 61212789071, "instrument_name": "ETH-14MAR25", "bids": [[2168.5, 16706.0], [2168.25, 11868.0], [2168.0, 20262.0], [2167.75, 5642.0], [2167.5, 3727.0], [2167.25, 1170.0], [2167.0, 327.0], [2166.75, 4127.0], [2166.5, 10010.0], [2166.25, 7902.0], [2166.0, 23476.0], [2165.5, 327.0], [2165.25, 24061.0], [2165.0, 15049.0], [2164.75, 46726.0], [2164.5, 1534.0], [2164.25, 1170.0], [2163.75, 500.0], [2163.5, 1170.0], [2163.25, 134931.0]], "asks": [[2169.25, 22787.0], [2169.5, 73785.0], [2169.75, 8845.0], [2170.0, 14403.0], [2170.25, 1549.0], [2170.5, 4028.0], [2170.75, 14103.0], [2171.0, 16298.0], [2171.25, 1529.0], [2171.5, 1534.0], [2171.75, 1504.0], [2172.0, 1504.0], [2172.25, 8353.0], [2172.5, 23972.0], [2172.75, 327.0], [2173.0, 15068.0], [2173.25, 46288.0], [2174.0, 1177.0], [2174.25, 1727.0], [2174.5, 91177.0]]}}}
{"jsonrpc": "2.0", "method": "subscription", "params": {"channel": "book.ETH-7MAR25.none.20.100ms", "data": {"timestamp": 1741311156860, "change_id": 61212789041, "instrument_name": "ETH-7MAR25", "bids": [[2166.0, 3953.0], [2165.75, 11986.0], [2165.5, 2906.0], [2165.25, 4843.0], [2165.0, 1608.0], [2164.75, 410.0], [2164.5, 1618.0], [2164.0, 6295.0], [2163.75, 21393.0], [2163.5, 1618.0], [2163.25, 410.0], [2163.0, 1565.0], [2162.75, 1617.0], [2162.5, 16753.0], [2162.25, 77523.0], [2162.0, 114426.0], [2161.75, 91619.0], [2161.0, 50832.0], [2160.25, 1608.0], [2160.0, 1566.0]], "asks": [[2166.75, 23599.0], [2167.0, 82694.0], [2167.25, 23400.0], [2167.5, 39823.0], [2167.75, 4571.0], [2168.0, 9842.0], [2168.25, 1986.0], [2168.5, 17428.0], [2168.75, 52868.0], [2169.0, 3219.0], [2169.25, 3219.0], [2169.5, 1576.0], [2169.75, 1566.0], [2170.0, 1618.0], [2170.25, 1576.0], [2170.5, 1565.0], [2170.75, 50811.0], [2171.0, 1566.0], [2171.25, 18648.0], [2171.5, 1629.0]]}}}
{"jsonrpc": "2.0", "method": "subscription", "params": {"channel": "book.ETH-14MAR25.none.20.100ms", "data": {"timestamp": 1741311157276, "change_id": 61212789489, "instrument_name": "ETH-14MAR25", "bids": [[2168.5, 16512.0], [2168.25, 11868.0], [2168.0, 19040.0], [2167.75, 5642.0], [2167.5, 3727.0], [2167.25, 1170.0], [2167.0, 327.0], [2166.75, 4127.0], [2166.5, 10010.0], [2166.25, 7902.0], [2166.0, 23476.0], [2165.5, 327.0], [2165.25, 24061.0], [2165.0, 15049.0], [2164.75, 46726.0], [2164.5, 1534.0], [2164.25, 1170.0], [2163.75, 500.0], [2163.5, 1170.0], [2163.25, 134931.0]], "asks": [[2169.25, 22787.0], [2169.5, 73785.0], [2169.75, 8845.0], [2170.0, 14403.0], [2170.25, 1549.0], [2170.5, 4028.0], [2170.75, 14103.0], [2171.0, 16298.0], [2171.25, 1529.0], [2171.5, 1534.0], [2171.75, 1504.0], [2172.0, 1504.0], [2172.25, 8353.0], [2172.5, 23972.0], [2172.75, 327.0], [2173.0, 15068.0], [2173.25, 46288.0], [2174.0, 1177.0], [2174.25, 1727.0], [2174.5, 91177.0]]}}}
{"jsonrpc": "2.0", "method": "subscription", "params": {"channel": "book.ETH-7MAR25.none.20.100ms", "data": {"timestamp": 1741311157241, "change_id": 61212789347, "instrument_name": "ETH-7MAR25", "bids": [[2166.0, 3953.0], [2165.75, 11986.0], [2165.5, 2906.0], [2165.25, 4843.0], [2165.0, 1608.0], [2164.75, 410.0], [2164.5, 1618.0], [2164.0, 6295.0], [2163.75, 21393.0], [2163.5, 1618.0], [2163.25, 410.0], [2163.0, 1565.0], [2162.75, 1617.0], [2162.5, 16753.0], [2162.25, 77523.0], [2162.0, 114426.0], [2161.75, 91619.0], [2161.0, 50832.0], [2160.0, 1566.0], [2159.75, 1566.0]], "asks": [[2166.75, 23599.0], [2167.0, 82694.0], [2167.25, 23400.0], [2167.5, 39823.0], [2167.75, 4571.0], [2168.0, 9842.0], [2168.25, 1986.0], [2168.5, 17428.0], [2168.75, 52868.0], [2169.0, 1600.0], [2169.25, 3219.0], [2169.5, 1576.0], [2169.75, 1566.0], [2170.0, 1618.0], [2170.25, 1576.0], [2170.5, 1565.0], [2170.75, 50811.0], [2171.0, 1566.0], [2171.25, 18648.0], [2171.5, 1629.0]]}}}
{"jsonrpc": "2.0", "method": "subscription", "params": {"channel": "book.ETH-14MAR25.none.20.100ms", "data": {"timestamp": 1741311157558, "change_id": 61212789690, "instrument_name": "ETH-14MAR25", "bids": [[2168.5, 16512.0], [2168.25, 11868.0], [2168.0, 20262.0], [2167.75, 5642.0], [2167.5, 3727.0], [2167.25, 1170.0], [2167.0, 327.0], [2166.75, 4127.0], [2166.5, 10010.0], [2166.25, 7902.0], [2166.0, 23476.0], [2165.5, 8301.0], [2165.25, 24061.0], [2165.0, 15049.0], [2164.75, 46726.0], [2164.5, 1534.0], [2164.25, 1170.0], [2163.75, 500.0], [2163.5, 1170.0], [2163.25, 134931.0]], "asks": [[2169.25, 22787.0], [2169.5, 73785.0], [2169.75, 8845.0], [2170.0, 14403.0], [2170.25, 1549.0], [2170.5, 4028.0], [2170.75, 14103.0], [2171.0, 16298.0], [2171.25, 1529.0], [2171.5, 1534.0], [2171.75, 1504.0], [2172.0, 1504.0], [2172.25, 8353.0], [2172.5, 23972.0], [2172.75, 327.0], [2173.0, 15068.0], [2173.25, 46288.0], [2174.0, 1177.0], [2174.25, 1727.0], [2174.5, 91177.0]]}}}
{"jsonrpc": "2.0", "method": "subscription", "params": {"channel": "book.ETH-7MAR25.none.20.100ms", "data": {"timestamp": 1741311157553, "change_id": 61212789686, "instrument_name": "ETH-7MAR25", "bids": [[2166.0, 5553.0], [2165.75, 11986.0], [2165.5, 2906.0], [2165.25, 4843.0], [2165.0, 1608.0], [2164.75, 410.0], [2164.5, 1618.0], [2164.0, 6295.0], [2163.75, 21393.0], [2163.5, 1618.0], [2163.25, 410.0], [2163.0, 1565.0], [2162.75, 1617.0], [2162.5, 16753.0], [2162.25, 77523.0], [2162.0, 114426.0], [2161.75, 91619.0], [2161.0, 50832.0], [2160.0, 1566.0], [2159.75, 1566.0]], "asks": [[2166.75, 23599.0], [2167.0, 82694.0], [2167.25, 23400.0], [2167.5, 39823.0], [2167.75, 4571.0], [2168.0, 9842.0], [2168.25, 1986.0], [2168.5, 17428.0], [2168.75, 52868.0], [2169.0, 1600.0], [2169.25, 3219.0], [2169.5, 1576.0], [2169.75, 1566.0], [2170.0, 1618.0], [2170.25, 1576.0], [2170.5, 1565.0], [2170.75, 50811.0], [2171.0, 1566.0], [2171.25, 18648.0], [2171.5, 1629.0]]}}}
{"jsonrpc": "2.0", "method": "subscription", "params": {"channel": "book.ETH-14MAR25.none.20.100ms", "data": {"timestamp": 1741311157774, "change_id": 61212789839, "instrument_name": "ETH-14MAR25", "bids": [[2168.5, 16512.0], [2168.25, 11868.0], [2168.0, 20262.0], [2167.75, 5642.0], [2167.5, 3727.0], [2167.25, 1170.0], [2167.0, 327.0], [2166.75, 4127.0], [2166.5, 10010.0], [2166.25, 7902.0], [2166.0, 23476.0], [2165.5, 8301.0], [2165.25, 24061.0], [2165.0, 15049.0], [2164.75, 46726.0], [2164.5, 1534.0], [2164.25, 1170.0], [2163.75, 500.0], [2163.5, 1170.0], [2163.25, 134931.0]], "asks": [[2169.25, 26187.0], [2169.5, 73785.0], [2169.75, 8845.0], [2170.0, 14403.0], [2170.25, 1549.0], [2170.5, 4028.0], [2170.75, 14103.0], [2171.0, 16298.0], [2171.25, 1529.0], [2171.5, 1534.0], [2171.75, 1504.0], [2172.0, 1504.0], [2172.25, 8353.0], [2172.5, 23972.0], [2172.75, 327.0], [2173.0, 15068.0], [2173.25, 46288.0], [2174.0, 1177.0], [2174.25, 1727.0], [2174.5, 91177.0]]}}}
{"jsonrpc": "2.0", "method": "subscription", "params": {"channel": "book.ETH-14MAR25.none.20.100ms", "data": {"timestamp": 1741311158321, "change_id": 61212790803, "instrument_name": "ETH-14MAR25", "bids": [[2168.0, 13400.0], [2167.75, 3400.0], [2167.5, 3520.0], [2167.25, 1170.0], [2166.75, 1222.0], [2166.5, 9683.0], [2166.25, 1227.0], [2166.0, 23476.0], [2165.5, 1222.0], [2165.25, 23734.0], [2165.0, 1170.0], [2164.75, 46399.0], [2164.5, 1207.0], [2164.25, 1170.0], [2163.75, 500.0], [2163.5, 1170.0], [2163.25, 134931.0], [2163.0, 1184.0], [2162.75, 1203.0], [2161.75, 1184.0]], "asks": [[2168.75, 5198.0], [2169.0, 5808.0], [2169.25, 4728.0], [2169.5, 72278.0], [2169.75, 14622.0], [2170.0, 4076.0], [2170.25, 1222.0], [2170.5, 1222.0], [2170.75, 9353.0], [2171.0, 15971.0], [2171.25, 1202.0], [2171.5, 1207.0], [2171.75, 1177.0], [2172.0, 1177.0], [2172.25, 1202.0], [2172.5, 23972.0], [2173.0, 1222.0], [2173.25, 46288.0], [2174.0, 1177.0], [2174.25, 1727.0]]}}}
{"jsonrpc": "2.0", "method": "subscription", "params": {"channel": "book.ETH-7MAR25.none.20.100ms", "data": {"timestamp": 1741311158371, "change_id": 61212790900, "instrument_name": "ETH-7MAR25", "bids": [[2165.25, 10000.0], [2165.0, 1608.0], [2164.5, 1618.0], [2163.75, 9922.0], [2163.5, 14293.0], [2163.0, 1565.0], [2162.75, 1617.0], [2162.5, 1608.0], [2162.25, 51851.0], [2162.0, 86940.0], [2161.75, 91619.0], [2161.0, 50832.0], [2160.0, 1566.0], [2159.75, 1566.0], [2159.25, 1622.0], [2159.0, 1566.0], [2158.75, 1622.0], [2158.5, 41632.0], [2158.0, 1566.0], [2157.75, 1627.0]], "asks": [[2166.25, 1614.0], [2166.5, 1614.0], [2166.75, 76404.0], [2167.0, 14463.0], [2167.25, 1576.0], [2167.5, 39413.0], [2167.75, 1618.0], [2168.0, 9842.0], [2168.25, 1576.0], [2168.5, 1619.0], [2168.75, 52868.0], [2169.0, 1600.0], [2169.25, 3219.0], [2169.5, 1576.0], [2169.75, 1566.0], [2170.0, 1618.0], [2170.25, 1576.0], [2170.5, 1565.0], [2170.75, 50811.0], [2171.0, 1566.0]]}}}
{"jsonrpc": "2.0", "method": "subscription", "params": {"channel": "book.ETH-14MAR25.none.20.100ms", "data": {"timestamp": 1741311158687, "change_id": 61212791506, "instrument_name": "ETH-14MAR25", "bids": [[2168.0, 14600.0], [2167.75, 6374.0], [2167.5, 3400.0], [2167.25, 1170.0], [2166.75, 1222.0], [2166.5, 9683.0], [2166.25, 1227.0], [2166.0, 23476.0], [2165.5, 1222.0], [2165.25, 23734.0], [2165.0, 1170.0], [2164.75, 46399.0], [2164.5, 1207.0], [2164.25, 1170.0], [2163.75, 500.0], [2163.5, 1170.0], [2163.25, 134931.0], [2163.0, 1184.0], [2162.75, 1203.0], [2161.75, 1184.0]], "asks": [[2168.75, 4600.0], [2169.0, 4720.0], [2169.25, 72305.0], [2169.5, 17462.0], [2169.75, 4622.0], [2170.0, 1222.0], [2170.25, 1222.0], [2170.5, 1222.0], [2170.75, 9353.0], [2171.0, 15971.0], [2171.25, 1202.0], [2171.5, 1207.0], [2171.75, 1177.0], [2172.0, 1177.0], [2172.25, 1202.0], [2172.5, 23972.0], [2173.0, 1222.0], [2173.25, 46288.0], [2174.0, 1177.0], [2174.25, 1727.0]]}}}
{"jsonrpc": "2.0", "method": "subscription", "params": {"channel": "book.ETH-7MAR25.none.20.100ms", "data": {"timestamp": 1741311158613, "change_id": 61212791440, "instrument_name": "ETH-7MAR25", "bids": [[2165.5, 9990.0], [2165.25, 12857.0], [2165.0, 1608.0], [2164.5, 1618.0], [2163.75, 9922.0], [2163.5, 14293.0], [2163.0, 1565.0], [2162.75, 1617.0], [2162.5, 1608.0], [2162.25, 51851.0], [2162.0, 86940.0], [2161.75, 91619.0], [2161.0, 50832.0], [2160.0, 1566.0], [2159.75, 1566.0], [2159.25, 1622.0], [2159.0, 1566.0], [2158.75, 1622.0], [2158.5, 41632.0], [2158.0, 1566.0]], "asks": [[2166.25, 1614.0], [2166.5, 4471.0], [2166.75, 86404.0], [2167.0, 39443.0], [2167.25, 1576.0], [2167.5, 1576.0], [2167.75, 1618.0], [2168.0, 9842.0], [2168.25, 1576.0], [2168.5, 1619.0], [2168.75, 52868.0], [2169.0, 1600.0], [2169.25, 3219.0], [2169.5, 1576.0], [2169.75, 1566.0], [2170.0, 1618.0], [2170.25, 1576.0], [2170.5, 1565.0], [2170.75, 50811.0], [2171.0, 1566.0]]}}}
{"jsonrpc": "2.0", "method": "subscription", "params": {"channel": "book.ETH-14MAR25.none.20.100ms", "data": {"timestamp": 1741311158947, "change_id": 61212792164, "instrument_name": "ETH-14MAR25", "bids": [[2168.0, 15451.0], [2167.75, 3994.0], [2167.5, 3727.0], [2167.25, 1170.0], [2166.75, 1222.0], [2166.5, 9683.0], [2166.25, 1227.0], [2166.0, 23476.0], [2165.5, 1222.0], [2165.25, 23734.0], [2165.0, 1170.0], [2164.75, 46399.0], [2164.5, 1207.0], [2164.25, 1170.0], [2163.75, 500.0], [2163.5, 1170.0], [2163.25, 134931.0], [2163.0, 1184.0], [2162.75, 1203.0], [2161.75, 1184.0]], "asks": [[2168.75, 6016.0], [2169.0, 26412.0], [2169.25, 77544.0], [2169.5, 17462.0], [2169.75, 13005.0], [2170.0, 1222.0], [2170.25, 1222.0], [2170.5, 1222.0], [2170.75, 1202.0], [2171.0, 15971.0], [2171.25, 1202.0], [2171.5, 1207.0], [2171.75, 1177.0], [2172.0, 1177.0], [2172.25, 1202.0], [2172.5, 23972.0], [2173.0, 1222.0], [2173.25, 46288.0], [2174.0, 1177.0], [2174.25, 1727.0]]}}}
{"jsonrpc": "2.0", "method": "subscription", "params": {"channel": "book.ETH-7MAR25.none.20.100ms", "data": {"timestamp": 1741311159041, "change_id": 61212792275, "instrument_name": "ETH-7MAR25", "bids": [[2165.75, 9992.0], [2165.5, 4341.0], [2165.25, 20150.0], [2165.0, 18929.0], [2164.75, 410.0], [2164.5, 1618.0], [2164.0, 2977.0], [2163.75, 14210.0], [2163.5, 14293.0], [2163.25, 410.0], [2163.0, 1975.0], [2162.75, 2027.0], [2162.5, 17163.0], [2162.25, 77933.0], [2162.0, 114426.0], [2161.75, 91619.0], [2161.0, 50832.0], [2160.0, 1566.0], [2159.75, 1566.0], [2159.25, 1622.0]], "asks": [[2166.25, 2955.0], [2166.5, 30392.0], [2166.75, 98237.0], [2167.0, 42412.0], [2167.25, 10479.0], [2167.5, 1986.0], [2167.75, 2028.0], [2168.0, 2028.0], [2168.25, 1986.0], [2168.5, 17479.0], [2168.75, 53781.0], [2169.0, 4180.0], [2169.25, 3629.0], [2169.5, 1986.0], [2169.75, 1976.0], [2170.0, 2028.0], [2170.25, 1986.0], [2170.5, 16808.0], [2170.75, 50811.0], [2171.0, 1566.0]]}}}
{"jsonrpc": "2.0", "method": "subscription", "params": {"channel": "book.ETH-14MAR25.none.20.100ms", "data": {"timestamp": 1741311159371, "change_id": 61212792773, "instrument_name": "ETH-14MAR25", "bids": [[2168.25, 15939.0], [2168.0, 11035.0], [2167.75, 22424.0], [2167.5, 3727.0], [2167.25, 1170.0], [2166.75, 1222.0], [2166.5, 9683.0], [2166.25, 1227.0], [2166.0, 23476.0], [2165.5, 1222.0], [2165.25, 23734.0], [2165.0, 1170.0], [2164.75, 46399.0], [2164.5, 1207.0], [2164.25, 1170.0], [2163.75, 500.0], [2163.5, 1170.0], [2163.25, 134931.0], [2163.0, 1184.0], [2162.75, 1203.0]], "asks": [[2169.0, 21692.0], [2169.25, 74659.0], [2169.5, 8808.0], [2169.75, 4622.0], [2170.0, 11222.0], [2170.25, 1222.0], [2170.5, 9519.0], [2170.75, 1202.0], [2171.0, 15971.0], [2171.25, 1202.0], [2171.5, 1207.0], [2171.75, 1177.0], [2172.0, 1177.0], [2172.25, 1202.0], [2172.5, 23972.0], [2173.0, 1222.0], [2173.25, 46288.0], [2174.0, 1177.0], [2174.25, 1727.0], [2174.5, 91177.0]]}}}
{"jsonrpc": "2.0", "method": "subscription", "params": {"channel": "book.ETH-7MAR25.none.20.100ms", "data": {"timestamp": 1741311159367, "change_id": 61212792761, "instrument_name": "ETH-7MAR25", "bids": [[2166.0, 411.0], [2165.75, 5084.0], [2165.5, 12904.0], [2165.25, 10150.0], [2165.0, 18929.0], [2164.75, 410.0], [2164.5, 1618.0], [2164.0, 2977.0], [2163.75, 14210.0], [2163.5, 14293.0], [2163.25, 410.0], [2163.0, 1975.0], [2162.75, 2027.0], [2162.5, 17163.0], [2162.25, 77933.0], [2162.0, 114016.0], [2161.75, 91619.0], [2161.0, 50832.0], [2160.0, 1566.0], [2159.75, 1566.0]], "asks": [[2166.5, 25921.0], [2166.75, 88237.0], [2167.0, 47950.0], [2167.25, 20479.0], [2167.5, 1986.0], [2167.75, 2028.0], [2168.0, 2028.0], [2168.25, 1986.0], [2168.5, 17479.0], [2168.75, 53832.0], [2169.0, 4180.0], [2169.25, 3629.0], [2169.5, 1986.0], [2169.75, 1928.0], [2170.0, 2028.0], [2170.25, 1923.0], [2170.5, 16398.0], [2170.75, 50811.0], [2171.0, 1566.0], [2171.25, 18648.0]]}}}
{"jsonrpc": "2.0", "method": "subscription", "params": {"channel": "book.ETH-14MAR25.none.20.100ms", "data": {"timestamp": 1741311159651, "change_id": 61212793125, "instrument_name": "ETH-14MAR25", "bids": [[2168.25, 15939.0], [2168.0, 11035.0], [2167.75, 22424.0], [2167.5, 3727.0], [2167.25, 1170.0], [2166.75, 4127.0], [2166.5, 9683.0], [2166.25, 1227.0], [2166.0, 23476.0], [2165.5, 1222.0], [2165.25, 23734.0], [2165.0, 15090.0], [2164.75, 46399.0], [2164.5, 1207.0], [2164.25, 1170.0], [2163.75, 500.0], [2163.5, 1170.0], [2163.25, 134931.0], [2163.0, 1184.0], [2162.75, 1203.0]], "asks": [[2169.0, 22892.0], [2169.25, 74659.0], [2169.5, 11680.0], [2169.75, 14622.0], [2170.0, 1222.0], [2170.25, 4078.0], [2170.5, 9519.0], [2170.75, 1202.0], [2171.0, 15971.0], [2171.25, 1202.0], [2171.5, 1534.0], [2171.75, 1177.0], [2172.0, 1177.0], [2172.25, 1202.0], [2172.5, 23972.0], [2173.0, 15108.0], [2173.25, 46288.0], [2174.0, 1177.0], [2174.25, 1727.0], [2174.5, 91177.0]]}}}
{"jsonrpc": "2.0", "method": "subscription", "params": {"channel": "book.ETH-7MAR25.none.20.100ms", "data": {"timestamp": 1741311159645, "change_id": 61212793109, "instrument_name": "ETH-7MAR25", "bids": [[2166.0, 1.0], [2165.75, 3484.0], [2165.5, 12904.0], [2165.25, 10150.0], [2165.0, 18929.0], [2164.75, 410.0], [2164.5, 1618.0], [2164.0, 2977.0], [2163.75, 14210.0], [2163.5, 14293.0], [2163.25, 410.0], [2163.0, 1975.0], [2162.75, 2027.0], [2162.5, 17163.0], [2162.25, 77933.0], [2162.0, 114016.0], [2161.75, 91619.0], [2161.0, 50832.0], [2159.75, 1566.0], [2159.25, 1622.0]], "asks": [[2166.5, 25921.0], [2166.75, 88237.0], [2167.0, 55269.0], [2167.25, 10479.0], [2167.5, 1986.0], [2167.75, 2028.0], [2168.0, 2028.0], [2168.25, 1986.0], [2168.5, 17479.0], [2168.75, 53832.0], [2169.0, 4180.0], [2169.25, 3629.0], [2169.5, 1986.0], [2169.75, 1928.0], [2170.0, 2028.0], [2170.25, 1923.0], [2170.5, 16398.0], [2170.75, 50811.0], [2171.0, 1566.0], [2171.25, 18648.0]]}}}
{"jsonrpc": "2.0", "method": "subscription", "params": {"channel": "book.ETH-14MAR25.none.20.100ms", "data": {"timestamp": 1741311159916, "change_id": 61212793625, "instrument_name": "ETH-14MAR25", "bids": [[2168.25, 15939.0], [2168.0, 11035.0], [2167.75, 22424.0], [2167.5, 3727.0], [2167.25, 1170.0], [2166.75, 4127.0], [2166.5, 9683.0], [2166.25, 1227.0], [2166.0, 23476.0], [2165.5, 1222.0], [2165.25, 1227.0], [2165.0, 37597.0], [2164.75, 46399.0], [2164.25, 1170.0], [2163.75, 827.0], [2163.5, 1170.0], [2163.25, 134931.0], [2163.0, 1184.0], [2162.75, 1203.0], [2161.75, 1184.0]], "asks": [[2169.0, 26292.0], [2169.25, 74659.0], [2169.5, 11680.0], [2169.75, 14622.0], [2170.0, 1222.0], [2170.25, 4078.0], [2170.5, 9519.0], [2170.75, 1202.0], [2171.0, 15971.0], [2171.25, 1202.0], [2171.5, 1207.0], [2172.0, 1177.0], [2172.25, 1202.0], [2172.5, 23972.0], [2173.0, 15108.0], [2173.25, 46288.0], [2174.0, 1177.0], [2174.25, 1727.0], [2174.5, 91177.0], [2174.75, 1198.0]]}}}
{"jsonrpc": "2.0", "method": "subscription", "params": {"channel": "book.ETH-7MAR25.none.20.100ms", "data": {"timestamp": 1741311159857, "change_id": 61212793515, "instrument_name": "ETH-7MAR25", "bids": [[2165.75, 3484.0], [2165.5, 12904.0], [2165.25, 10150.0], [2165.0, 18929.0], [2164.75, 410.0], [2164.5, 1618.0], [2164.0, 2977.0], [2163.75, 14210.0], [2163.5, 14293.0], [2163.25, 410.0], [2163.0, 1975.0], [2162.75, 2027.0], [2162.5, 17163.0], [2162.25, 77933.0], [2162.0, 114016.0], [2161.75, 91619.0], [2161.0, 50832.0], [2159.75, 1566.0], [2159.25, 1622.0], [2159.0, 1566.0]], "asks": [[2166.5, 25921.0], [2166.75, 88237.0], [2167.0, 55269.0], [2167.25, 10479.0], [2167.5, 1986.0], [2167.75, 2028.0], [2168.0, 2028.0], [2168.25, 1986.0], [2168.5, 17479.0], [2168.75, 53832.0], [2169.0, 4180.0], [2169.25, 3629.0], [2169.5, 1986.0], [2169.75, 1928.0], [2170.0, 2028.0], [2170.25, 1923.0], [2170.5, 16398.0], [2170.75, 50811.0], [2171.0, 1566.0], [2171.25, 18648.0]]}}}
{"jsonrpc": "2.0", "method": "subscription", "params": {"channel": "book.ETH-14MAR25.none.20.100ms", "data": {"timestamp": 1741311160202, "change_id": 61212793815, "instrument_name": "ETH-14MAR25", "bids": [[2168.25, 15939.0], [2168.0, 11035.0], [2167.75, 22424.0], [2167.5, 3727.0], [2167.25, 1170.0], [2166.75, 4127.0], [2166.5, 9683.0], [2166.25, 1227.0], [2166.0, 23476.0], [2165.5, 1222.0], [2165.25, 1227.0], [2165.0, 37597.0], [2164.75, 46399.0], [2164.25, 1170.0], [2163.75, 827.0], [2163.5, 1170.0], [2163.25, 134931.0], [2163.0, 1184.0], [2162.75, 1203.0], [2161.75, 1184.0]], "asks": [[2169.0, 25092.0], [2169.25, 74659.0], [2169.5, 11680.0], [2169.75, 14622.0], [2170.0, 1222.0], [2170.25, 4078.0], [2170.5, 9519.0], [2170.75, 1202.0], [2171.0, 15971.0], [2171.25, 1202.0], [2171.5, 1207.0], [2172.0, 1177.0], [2172.25, 1202.0], [2172.5, 23972.0], [2173.0, 15108.0], [2173.25, 46288.0], [2174.0, 1177.0], [2174.25, 1727.0], [2174.5, 91177.0], [2174.75, 1198.0]]}}}
{"jsonrpc": "2.0", "method": "subscription", "params": {"channel": "book.ETH-7MAR25.none.20.100ms", "data": {"timestamp": 1741311160368, "change_id": 61212794046, "instrument_name": "ETH-7MAR25", "bids": [[2165.75, 12010.0], [2165.5, 2904.0], [2165.25, 10150.0], [2165.0, 18929.0], [2164.75, 410.0], [2164.5, 1618.0], [2164.0, 6407.0], [2163.75, 23007.0], [2163.5, 1618.0], [2163.25, 410.0], [2163.0, 1975.0], [2162.75, 2027.0], [2162.5, 40816.0], [2162.25, 137583.0], [2162.0, 28694.0], [2161.75, 91619.0], [2161.0, 50832.0], [2159.75, 1566.0], [2159.25, 1622.0], [2159.0, 1566.0]], "asks": [[2166.5, 25921.0], [2166.75, 80692.0], [2167.0, 17432.0], [2167.25, 10479.0], [2167.5, 1986.0], [2167.75, 2028.0], [2168.0, 2028.0], [2168.25, 13362.0], [2168.5, 55316.0], [2168.75, 53832.0], [2169.0, 4180.0], [2169.25, 3629.0], [2169.5, 1986.0], [2169.75, 1928.0], [2170.0, 2028.0], [2170.25, 1923.0], [2170.5, 16398.0], [2170.75, 50811.0], [2171.0, 1566.0], [2171.25, 18648.0]]}}}
{"jsonrpc": "2.0", "method": "subscription", "params": {"channel": "book.ETH-14MAR25.none.20.100ms", "data": {"timestamp": 1741311160611, "change_id": 61212794335, "instrument_name": "ETH-14MAR25", "bids": [[2168.25, 15939.0], [2168.0, 11035.0], [2167.75, 22424.0], [2167.5, 3727.0], [2167.25, 1170.0], [2166.75, 4127.0], [2166.5, 9683.0], [2166.25, 1227.0], [2166.0, 23476.0], [2165.5, 1222.0], [2165.25, 1227.0], [2165.0, 37597.0], [2164.75, 46399.0], [2164.25, 1170.0], [2163.75, 827.0], [2163.5, 1170.0], [2163.25, 134931.0], [2163.0, 1184.0], [2162.75, 1203.0], [2161.75, 1184.0]], "asks": [[2169.0, 25092.0], [2169.25, 74659.0], [2169.5, 11680.0], [2169.75, 14622.0], [2170.0, 1222.0], [2170.25, 4078.0], [2170.5, 9519.0], [2170.75, 1202.0], [2171.0, 15971.0], [2171.25, 1202.0], [2171.5, 1207.0], [2172.0, 1177.0], [2172.25, 1202.0], [2172.5, 23972.0], [2173.0, 15108.0], [2173.25, 46288.0], [2174.0, 1177.0], [2174.25, 1727.0], [2174.5, 91177.0], [2174.75, 1198.0]]}}}
{"jsonrpc": "2.0", "method": "subscription", "params": {"channel": "book.ETH-7MAR25.none.20.100ms", "data": {"timestamp": 1741311160674, "change_id": 61212794354, "instrument_name": "ETH-7MAR25", "bids": [[2165.75, 10410.0], [2165.5, 2904.0], [2165.25, 10150.0], [2165.0, 18929.0], [2164.75, 410.0], [2164.5, 1618.0], [2164.0, 6407.0], [2163.75, 23007.0], [2163.5, 1618.0], [2163.25, 410.0], [2163.0, 1975.0], [2162.75, 2027.0], [2162.5, 40816.0], [2162.25, 137583.0], [2162.0, 28694.0], [2161.75, 91619.0], [2161.0, 50832.0], [2159.75, 1566.0], [2159.25, 1622.0], [2159.0, 1566.0]], "asks": [[2166.5, 25921.0], [2166.75, 80692.0], [2167.0, 17432.0], [2167.25, 10479.0], [2167.5, 1986.0], [2167.75, 2028.0], [2168.0, 2028.0], [2168.25, 13362.0], [2168.5, 55316.0], [2168.75, 53832.0], [2169.0, 4180.0], [2169.25, 3629.0], [2169.5, 1986.0], [2169.75, 1928.0], [2170.0, 2028.0], [2170.25, 1923.0], [2170.5, 16398.0], [2170.75, 50811.0], [2171.0, 1566.0], [2171.25, 18648.0]]}}}
{"jsonrpc": "2.0", "method": "subscription", "params": {"channel": "book.ETH-14MAR25.none.20.100ms", "data": {"timestamp": 1741311161016, "change_id": 61212795026, "instrument_name": "ETH-14MAR25", "bids": [[2168.5, 13400.0], [2168.25, 5939.0], [2168.0, 11043.0], [2167.75, 22424.0], [2167.5, 3727.0], [2167.25, 1170.0], [2167.0, 327.0], [2166.75, 4127.0], [2166.5, 9683.0], [2166.25, 1227.0], [2166.0, 23476.0], [2165.75, 327.0], [2165.5, 1222.0], [2165.25, 1227.0], [2165.0, 37597.0], [2164.75, 46399.0], [2164.5, 327.0], [2164.25, 1170.0], [2163.75, 827.0], [2163.5, 1170.0]], "asks": [[2169.0, 21692.0], [2169.25, 73404.0], [2169.5, 7618.0], [2169.75, 14949.0], [2170.0, 4076.0], [2170.25, 4078.0], [2170.5, 9519.0], [2170.75, 1202.0], [2171.0, 15971.0], [2171.25, 1529.0], [2171.5, 1207.0], [2172.0, 1177.0], [2172.25, 1202.0], [2172.5, 23972.0], [2172.75, 327.0], [2173.0, 15108.0], [2173.25, 46288.0], [2174.0, 1177.0], [2174.25, 1727.0], [2174.5, 91177.0]]}}}
{"jsonrpc": "2.0", "method": "subscription", "params": {"channel": "book.ETH-7MAR25.none.20.100ms", "data": {"timestamp": 1741311160994, "change_id": 61212794998, "instrument_name": "ETH-7MAR25", "bids": [[2166.0, 14535.0], [2165.75, 53936.0], [2165.5, 15579.0], [2165.25, 10150.0], [2165.0, 18929.0], [2164.75, 410.0], [2164.5, 16269.0], [2164.25, 48835.0], [2164.0, 2977.0], [2163.75, 10332.0], [2163.5, 1618.0], [2163.25, 410.0], [2163.0, 1975.0], [2162.75, 2027.0], [2162.5, 17163.0], [2162.25, 52261.0], [2162.0, 28694.0], [2161.75, 91619.0], [2161.0, 50832.0], [2159.75, 1566.0]], "asks": [[2166.5, 18838.0], [2166.75, 79078.0], [2167.0, 17432.0], [2167.25, 10479.0], [2167.5, 1986.0], [2167.75, 2028.0], [2168.0, 2028.0], [2168.25, 13362.0], [2168.5, 55316.0], [2168.75, 53832.0], [2169.0, 4180.0], [2169.25, 3629.0], [2169.5, 1986.0], [2169.75, 1928.0], [2170.0, 2028.0], [2170.25, 1923.0], [2170.5, 16398.0], [2170.75, 51221.0], [2171.0, 1566.0], [2171.25, 18648.0]]}}}
{"jsonrpc": "2.0", "method": "subscription", "params": {"channel": "book.ETH-14MAR25.none.20.100ms", "data": {"timestamp": 1741311161351, "change_id": 61212795431, "instrument_name": "ETH-14MAR25", "bids": [[2168.5, 11200.0], [2168.25, 6059.0], [2168.0, 5459.0], [2167.75, 5082.0], [2167.5, 3727.0], [2167.25, 1170.0], [2167.0, 327.0], [2166.75, 4127.0], [2166.5, 9683.0], [2166.25, 1227.0], [2166.0, 23476.0], [2165.75, 327.0], [2165.5, 1222.0], [2165.25, 1227.0], [2165.0, 37597.0], [2164.75, 46399.0], [2164.5, 327.0], [2164.25, 1170.0], [2163.75, 827.0], [2163.5, 1170.0]], "asks": [[2169.0, 21692.0], [2169.25, 73404.0], [2169.5, 8826.0], [2169.75, 14949.0], [2170.0, 4076.0], [2170.25, 4078.0], [2170.5, 9519.0], [2170.75, 1202.0], [2171.0, 15971.0], [2171.25, 1529.0], [2171.5, 1207.0], [2172.0, 1177.0], [2172.25, 1202.0], [2172.5, 23972.0], [2172.75, 327.0], [2173.0, 15108.0], [2173.25, 46288.0], [2174.0, 1177.0], [2174.25, 1727.0], [2174.5, 91177.0]]}}}
{"jsonrpc": "2.0", "method": "subscription", "params": {"channel": "book.ETH-7MAR25.none.20.100ms", "data": {"timestamp": 1741311161329, "change_id": 61212795411, "instrument_name": "ETH-7MAR25", "bids": [[2166.0, 10373.0], [2165.75, 50722.0], [2165.5, 15579.0], [2165.25, 4881.0], [2165.0, 1608.0], [2164.75, 15085.0], [2164.5, 50453.0], [2164.0, 2977.0], [2163.75, 10332.0], [2163.5, 1618.0], [2163.25, 410.0], [2163.0, 1975.0], [2162.75, 2027.0], [2162.5, 17163.0], [2162.25, 52261.0], [2162.0, 28694.0], [2161.75, 91619.0], [2161.0, 50832.0], [2159.75, 1566.0], [2159.25, 1622.0]], "asks": [[2166.5, 20451.0], [2166.75, 79078.0], [2167.0, 17432.0], [2167.25, 10479.0], [2167.5, 1986.0], [2167.75, 2028.0], [2168.0, 2028.0], [2168.25, 13362.0], [2168.5, 55316.0], [2168.75, 53832.0], [2169.0, 4180.0], [2169.25, 3629.0], [2169.5, 1986.0], [2169.75, 1928.0], [2170.0, 2028.0], [2170.25, 1923.0], [2170.5, 16398.0], [2170.75, 51221.0], [2171.0, 1566.0], [2171.25, 18648.0]]}}}
{"jsonrpc": "2.0", "method": "subscription", "params": {"channel": "book.ETH-14MAR25.none.20.100ms", "data": {"timestamp": 1741311161689, "change_id": 61212795992, "instrument_name": "ETH-14MAR25", "bids": [[2168.0, 15451.0], [2167.75, 3994.0], [2167.5, 3727.0], [2167.25, 1170.0], [2167.0, 327.0], [2166.75, 4127.0], [2166.5, 9683.0], [2166.25, 1227.0], [2166.0, 23476.0], [2165.75, 327.0], [2165.5, 1222.0], [2165.25, 1227.0], [2165.0, 37597.0], [2164.75, 46399.0], [2164.5, 327.0], [2164.25, 1170.0], [2163.75, 827.0], [2163.5, 1170.0], [2163.25, 134931.0], [2163.0, 1184.0]], "asks": [[2168.75, 4927.0], [2169.0, 22892.0], [2169.25, 74541.0], [2169.5, 11680.0], [2169.75, 14949.0], [2170.0, 1222.0], [2170.25, 4078.0], [2170.5, 9519.0], [2170.75, 1202.0], [2171.0, 15971.0], [2171.25, 1529.0], [2171.5, 1207.0], [2172.0, 1177.0], [2172.25, 1202.0], [2172.5, 23972.0], [2172.75, 327.0], [2173.0, 15108.0], [2173.25, 46288.0], [2174.0, 1177.0], [2174.25, 1727.0]]}}}
{"jsonrpc": "2.0", "method": "subscription", "params": {"channel": "book.ETH-7MAR25.none.20.100ms", "data": {"timestamp": 1741311161675, "change_id": 61212795984, "instrument_name": "ETH-7MAR25", "bids": [[2165.5, 52918.0], [2165.25, 13267.0], [2165.0, 2018.0], [2164.75, 2024.0], [2164.5, 16269.0], [2164.25, 48835.0], [2164.0, 2977.0], [2163.75, 10332.0], [2163.5, 1618.0], [2163.25, 410.0], [2163.0, 1975.0], [2162.75, 2027.0], [2162.5, 17163.0], [2162.25, 52261.0], [2162.0, 28694.0], [2161.75, 91619.0], [2161.0, 50832.0], [2159.75, 1566.0], [2159.25, 1622.0], [2159.0, 1566.0]], "asks": [[2166.0, 1615.0], [2166.25, 2024.0], [2166.5, 20451.0], [2166.75, 80692.0], [2167.0, 17432.0], [2167.25, 10479.0], [2167.5, 1986.0], [2167.75, 2028.0], [2168.0, 2028.0], [2168.25, 13362.0], [2168.5, 55316.0], [2168.75, 53832.0], [2169.0, 4180.0], [2169.25, 3629.0], [2169.5, 1986.0], [2169.75, 1928.0], [2170.0, 2028.0], [2170.25, 1923.0], [2170.5, 16398.0], [2170.75, 51221.0]]}}}
{"jsonrpc": "2.0", "method": "subscription", "params": {"channel": "book.ETH-14MAR25.none.20.100ms", "data": {"timestamp": 1741311162004, "change_id": 61212796733, "instrument_name": "ETH-14MAR25", "bids": [[2168.25, 7780.0], [2168.0, 15451.0], [2167.75, 3994.0], [2167.5, 4935.0], [2167.25, 2552.0], [2167.0, 4935.0], [2166.75, 4127.0], [2166.5, 9683.0], [2166.25, 1227.0], [2166.0, 23476.0], [2165.75, 327.0], [2165.5, 1222.0], [2165.25, 8330.0], [2165.0, 37597.0], [2164.75, 46399.0], [2164.5, 327.0], [2164.25, 1170.0], [2163.75, 827.0], [2163.5, 1170.0], [2163.25, 134931.0]], "asks": [[2168.75, 4600.0], [2169.0, 26412.0], [2169.25, 77279.0], [2169.5, 18808.0], [2169.75, 4949.0], [2170.0, 1549.0], [2170.25, 4078.0], [2170.5, 9519.0], [2170.75, 1202.0], [2171.0, 15971.0], [2171.25, 1529.0], [2171.5, 1207.0], [2172.0, 1177.0], [2172.25, 8394.0], [2172.5, 23972.0], [2172.75, 327.0], [2173.0, 15108.0], [2173.25, 46288.0], [2174.0, 1177.0], [2174.25, 1727.0]]}}}
{"jsonrpc": "2.0", "method": "subscription", "params": {"channel": "book.ETH-7MAR25.none.20.100ms", "data": {"timestamp": 1741311162009, "change_id": 61212796746, "instrument_name": "ETH-7MAR25", "bids": [[2165.75, 15229.0], [2165.5, 54518.0], [2165.25, 14881.0], [2165.0, 2018.0], [2164.75, 2024.0], [2164.5, 16269.0], [2164.25, 48835.0], [2164.0, 2977.0], [2163.75, 10332.0], [2163.5, 1618.0], [2163.25, 410.0], [2163.0, 1975.0], [2162.75, 2027.0], [2162.5, 17163.0], [2162.25, 52261.0], [2162.0, 28694.0], [2161.75, 91619.0], [2161.0, 50832.0], [2159.25, 1622.0], [2159.0, 1566.0]], "asks": [[2166.5, 23308.0], [2166.75, 86814.0], [2167.0, 4575.0], [2167.25, 10479.0], [2167.5, 1986.0], [2167.75, 2028.0], [2168.0, 2028.0], [2168.25, 13362.0], [2168.5, 55316.0], [2168.75, 53832.0], [2169.0, 4180.0], [2169.25, 3629.0], [2169.5, 1986.0], [2169.75, 1928.0], [2170.0, 2028.0], [2170.25, 1923.0], [2170.5, 16398.0], [2170.75, 51221.0], [2171.0, 1566.0], [2171.25, 18648.0]]}}}
{"jsonrpc": "2.0", "method": "subscription", "params": {"channel": "book.ETH-14MAR25.none.20.100ms", "data": {"timestamp": 1741311162355, "change_id": 61212797116, "instrument_name": "ETH-14MAR25", "bids": [[2168.0, 20588.0], [2167.75, 21336.0], [2167.5, 4935.0], [2167.25, 2552.0], [2167.0, 4935.0], [2166.75, 4127.0], [2166.5, 10010.0], [2166.25, 1554.0], [2166.0, 23476.0], [2165.75, 327.0], [2165.5, 1222.0], [2165.25, 8330.0], [2165.0, 37597.0], [2164.75, 46399.0], [2164.5, 327.0], [2164.25, 1170.0], [2163.75, 827.0], [2163.5, 1170.0], [2163.25, 134931.0], [2163.0, 1184.0]], "asks": [[2168.5, 3400.0], [2168.75, 5615.0], [2169.0, 25212.0], [2169.25, 77279.0], [2169.5, 18808.0], [2169.75, 4949.0], [2170.0, 1549.0], [2170.25, 4078.0], [2170.5, 9519.0], [2170.75, 5993.0], [2171.0, 16298.0], [2171.25, 1529.0], [2171.5, 1207.0], [2172.0, 1177.0], [2172.25, 8394.0], [2172.5, 23972.0], [2172.75, 327.0], [2173.0, 15108.0], [2173.25, 46288.0], [2174.0, 1177.0]]}}}
{"jsonrpc": "2.0", "method": "subscription", "params": {"channel": "book.ETH-7MAR25.none.20.100ms", "data": {"timestamp": 1741311162348, "change_id": 61212797100, "instrument_name": "ETH-7MAR25", "bids": [[2165.75, 1.0], [2165.5, 52918.0], [2165.25, 18484.0], [2165.0, 19338.0], [2164.75, 2024.0], [2164.5, 16269.0], [2164.25, 50449.0], [2164.0, 2977.0], [2163.75, 10332.0], [2163.5, 1618.0], [2163.25, 410.0], [2163.0, 1975.0], [2162.75, 2027.0], [2162.5, 17163.0], [2162.25, 52261.0], [2162.0, 28694.0], [2161.75, 91619.0], [2161.0, 50832.0], [2159.25, 1622.0], [2159.0, 1566.0]], "asks": [[2166.0, 1614.0], [2166.25, 2955.0], [2166.5, 23308.0], [2166.75, 86814.0], [2167.0, 4575.0], [2167.25, 10479.0], [2167.5, 1986.0], [2167.75, 2028.0], [2168.0, 2028.0], [2168.25, 13362.0], [2168.5, 55316.0], [2168.75, 53832.0], [2169.0, 4180.0], [2169.25, 3629.0], [2169.5, 1986.0], [2169.75, 1928.0], [2170.0, 2028.0], [2170.25, 1923.0], [2170.5, 16398.0], [2170.75, 51221.0]]}}}
{"jsonrpc": "2.0", "method": "subscription", "params": {"channel": "book.ETH-14MAR25.none.20.100ms", "data": {"timestamp": 1741311162683, "change_id": 61212797458, "instrument_name": "ETH-14MAR25", "bids": [[2168.0, 14251.0], [2167.75, 3994.0], [2167.5, 4935.0], [2167.25, 2552.0], [2167.0, 4935.0], [2166.75, 4127.0], [2166.5, 10010.0], [2166.25, 8270.0], [2166.0, 23476.0], [2165.75, 327.0], [2165.5, 1549.0], [2165.25, 8330.0], [2165.0, 37597.0], [2164.75, 46399.0], [2164.5, 327.0], [2164.25, 1170.0], [2163.75, 827.0], [2163.5, 1170.0], [2163.25, 134931.0], [2163.0, 1184.0]], "asks": [[2168.75, 5615.0], [2169.0, 25212.0], [2169.25, 79329.0], [2169.5, 26831.0], [2169.75, 4949.0], [2170.0, 1549.0], [2170.25, 1549.0], [2170.5, 1549.0], [2170.75, 5993.0], [2171.0, 16298.0], [2171.25, 1529.0], [2171.5, 1207.0], [2171.75, 327.0], [2172.0, 1504.0], [2172.25, 8394.0], [2172.5, 23972.0], [2172.75, 327.0], [2173.0, 15108.0], [2173.25, 46288.0], [2174.0, 1177.0]]}}}
{"jsonrpc": "2.0", "method": "subscription", "params": {"channel": "book.ETH-7MAR25.none.20.100ms", "data": {"timestamp": 1741311162680, "change_id": 61212797455, "instrument_name": "ETH-7MAR25", "bids": [[2165.5, 52918.0], [2165.25, 13267.0], [2165.0, 2018.0], [2164.75, 2024.0], [2164.5, 16269.0], [2164.25, 50449.0], [2164.0, 2977.0], [2163.75, 10332.0], [2163.5, 1618.0], [2163.25, 410.0], [2163.0, 1975.0], [2162.75, 2027.0], [2162.5, 17163.0], [2162.25, 52261.0], [2162.0, 28694.0], [2161.75, 91619.0], [2161.0, 50832.0], [2159.25, 1622.0], [2159.0, 1566.0], [2158.75, 1622.0]], "asks": [[2166.0, 1614.0], [2166.25, 2955.0], [2166.5, 23308.0], [2166.75, 89322.0], [2167.0, 10309.0], [2167.25, 1986.0], [2167.5, 1986.0], [2167.75, 2028.0], [2168.0, 2028.0], [2168.25, 13362.0], [2168.5, 55316.0], [2168.75, 53832.0], [2169.0, 4180.0], [2169.25, 3629.0], [2169.5, 1986.0], [2169.75, 1928.0], [2170.0, 2028.0], [2170.25, 1923.0], [2170.5, 16398.0], [2170.75, 51221.0]]}}}
{"jsonrpc": "2.0", "method": "subscription", "params": {"channel": "book.ETH-14MAR25.none.20.100ms", "data": {"timestamp": 1741311163007, "change_id": 61212798462, "instrument_name": "ETH-14MAR25", "bids": [[2168.25, 3400.0], [2168.0, 12092.0], [2167.75, 9563.0], [2167.5, 18689.0], [2167.25, 2552.0], [2167.0, 5954.0], [2166.75, 7527.0], [2166.5, 10010.0], [2166.25, 1554.0], [2166.0, 1222.0], [2165.75, 327.0], [2165.5, 1549.0], [2165.25, 8330.0], [2165.0, 37597.0], [2164.75, 68653.0], [2164.5, 327.0], [2164.25, 1170.0], [2163.75, 827.0], [2163.5, 1170.0], [2163.25, 134931.0]], "asks": [[2168.75, 2215.0], [2169.0, 25212.0], [2169.25, 77279.0], [2169.5, 18811.0], [2169.75, 11549.0], [2170.0, 1549.0], [2170.25, 1549.0], [2170.5, 1549.0], [2170.75, 5993.0], [2171.0, 16298.0], [2171.25, 1529.0], [2171.5, 1207.0], [2171.75, 327.0], [2172.0, 1504.0], [2172.25, 8394.0], [2172.5, 23972.0], [2172.75, 327.0], [2173.0, 15108.0], [2173.25, 46288.0], [2174.0, 1177.0]]}}}
{"jsonrpc": "2.0", "method": "subscription", "params": {"channel": "book.ETH-7MAR25.none.20.100ms", "data": {"timestamp": 1741311162953, "change_id": 61212798412, "instrument_name": "ETH-7MAR25", "bids": [[2166.0, 1.0], [2165.75, 2998.0], [2165.5, 24046.0], [2165.25, 52336.0], [2165.0, 15579.0], [2164.75, 4881.0], [2164.5, 2028.0], [2164.25, 16697.0], [2164.0, 53426.0], [2163.75, 10332.0], [2163.5, 1618.0], [2163.25, 410.0], [2163.0, 1975.0], [2162.75, 2027.0], [2162.5, 17163.0], [2162.25, 52261.0], [2162.0, 28694.0], [2161.75, 91619.0], [2161.0, 50832.0], [2159.25, 1622.0]], "asks": [[2166.5, 23308.0], [2166.75, 82009.0], [2167.0, 20309.0], [2167.25, 1986.0], [2167.5, 1986.0], [2167.75, 2028.0], [2168.0, 2028.0], [2168.25, 13362.0], [2168.5, 55316.0], [2168.75, 53832.0], [2169.0, 4180.0], [2169.25, 3629.0], [2169.5, 1986.0], [2169.75, 1928.0], [2170.0, 2028.0], [2170.25, 1923.0], [2170.5, 16398.0], [2170.75, 51221.0], [2171.0, 51408.0], [2171.25, 18648.0]]}}}
{"jsonrpc": "2.0", "method": "subscription", "params": {"channel": "book.ETH-14MAR25.none.20.100ms", "data": {"timestamp": 1741311163189, "change_id": 61212799000, "instrument_name": "ETH-14MAR25", "bids": [[2168.5, 4600.0], [2168.25, 14927.0], [2168.0, 2220.0], [2167.75, 5082.0], [2167.5, 4935.0], [2167.25, 2552.0], [2167.0, 5954.0], [2166.75, 7527.0], [2166.5, 10010.0], [2166.25, 1554.0], [2166.0, 1222.0], [2165.75, 327.0], [2165.5, 1549.0], [2165.25, 8330.0], [2165.0, 37597.0], [2164.75, 68653.0], [2164.5, 327.0], [2164.25, 1170.0], [2163.75, 827.0], [2163.5, 1170.0]], "asks": [[2169.0, 21692.0], [2169.25, 74421.0], [2169.5, 10908.0], [2169.75, 13915.0], [2170.0, 9439.0], [2170.25, 1549.0], [2170.5, 1549.0], [2170.75, 5993.0], [2171.0, 16298.0], [2171.25, 1529.0], [2171.5, 1207.0], [2171.75, 327.0], [2172.0, 1504.0], [2172.25, 8394.0], [2172.5, 23972.0], [2172.75, 327.0], [2173.0, 15108.0], [2173.25, 46288.0], [2174.0, 1177.0], [2174.25, 1727.0]]}}}
{"jsonrpc": "2.0", "method": "subscription", "params": {"channel": "book.ETH-7MAR25.none.20.100ms", "data": {"timestamp": 1741311163346, "change_id": 61212799022, "instrument_name": "ETH-7MAR25", "bids": [[2166.0, 410.0], [2165.75, 26020.0], [2165.5, 52701.0], [2165.25, 22775.0], [2165.0, 19344.0], [2164.75, 2024.0], [2164.5, 16701.0], [2164.25, 50859.0], [2164.0, 4591.0], [2163.75, 10332.0], [2163.5, 1618.0], [2163.25, 410.0], [2163.0, 1975.0], [2162.75, 2027.0], [2162.5, 17163.0], [2162.25, 52261.0], [2162.0, 28694.0], [2161.75, 91619.0], [2161.0, 50832.0], [2159.25, 1622.0]], "asks": [[2166.25, 1.0], [2166.5, 22922.0], [2166.75, 82009.0], [2167.0, 23166.0], [2167.25, 1986.0], [2167.5, 1986.0], [2167.75, 2028.0], [2168.0, 2028.0], [2168.25, 13362.0], [2168.5, 55316.0], [2168.75, 53832.0], [2169.0, 4180.0], [2169.25, 3629.0], [2169.5, 1986.0], [2169.75, 1928.0], [2170.0, 2028.0], [2170.25, 1923.0], [2170.5, 16398.0], [2170.75, 50811.0], [2171.0, 51408.0]]}}}
{"jsonrpc": "2.0", "method": "subscription", "params": {"channel": "book.ETH-14MAR25.none.20.100ms", "data": {"timestamp": 1741311163625, "change_id": 61212799703, "instrument_name": "ETH-14MAR25", "bids": [[2168.5, 16795.0], [2168.25, 9684.0], [2168.0, 7896.0], [2167.75, 4817.0], [2167.5, 13220.0], [2167.25, 2552.0], [2167.0, 5954.0], [2166.75, 4949.0], [2166.5, 1529.0], [2166.25, 1554.0], [2166.0, 1222.0], [2165.75, 327.0], [2165.5, 1549.0], [2165.25, 7969.0], [2165.0, 44273.0], [2164.75, 68653.0], [2164.5, 327.0], [2164.25, 1170.0], [2163.75, 827.0], [2163.5, 1170.0]], "asks": [[2169.25, 71084.0], [2169.5, 3847.0], [2169.75, 2404.0], [2170.0, 7402.0], [2170.25, 13927.0], [2170.5, 9479.0], [2170.75, 5993.0], [2171.0, 16298.0], [2171.25, 1529.0], [2171.5, 1207.0], [2171.75, 327.0], [2172.0, 1504.0], [2172.25, 8394.0], [2172.5, 23972.0], [2172.75, 327.0], [2173.0, 15108.0], [2173.25, 46288.0], [2174.0, 1177.0], [2174.25, 1727.0], [2174.5, 91177.0]]}}}
{"jsonrpc": "2.0", "method": "subscription", "params": {"channel": "book.ETH-7MAR25.none.20.100ms", "data": {"timestamp": 1741311163630, "change_id": 61212799695, "instrument_name": "ETH-7MAR25", "bids": [[2166.0, 38087.0], [2165.75, 25889.0], [2165.5, 3214.0], [2165.25, 4471.0], [2165.0, 1614.0], [2164.75, 9865.0], [2164.5, 50453.0], [2164.25, 1614.0], [2164.0, 1614.0], [2163.75, 1614.0], [2163.5, 1618.0], [2163.0, 1565.0], [2162.75, 1617.0], [2162.5, 1608.0], [2162.25, 51851.0], [2162.0, 1618.0], [2161.75, 91619.0], [2161.0, 50832.0], [2159.25, 1622.0], [2159.0, 1566.0]], "asks": [[2166.75, 74790.0], [2167.0, 4463.0], [2167.25, 1576.0], [2167.5, 49413.0], [2167.75, 9775.0], [2168.0, 1618.0], [2168.25, 1576.0], [2168.5, 1619.0], [2168.75, 52868.0], [2169.0, 3214.0], [2169.25, 3219.0], [2169.5, 1576.0], [2169.75, 1566.0], [2170.0, 1618.0], [2170.25, 1576.0], [2170.5, 1565.0], [2170.75, 50811.0], [2171.0, 51408.0], [2171.25, 18648.0], [2171.5, 1629.0]]}}}
{"jsonrpc": "2.0", "method": "subscription", "params": {"channel": "book.ETH-14MAR25.none.20.100ms", "data": {"timestamp": 1741311163883, "change_id": 61212799811, "instrument_name": "ETH-14MAR25", "bids": [[2168.5, 16795.0], [2168.25, 9804.0], [2168.0, 11176.0], [2167.75, 4817.0], [2167.5, 13220.0], [2167.25, 2552.0], [2167.0, 5954.0], [2166.75, 4949.0], [2166.5, 1529.0], [2166.25, 1554.0], [2166.0, 1222.0], [2165.75, 327.0], [2165.5, 1549.0], [2165.25, 7969.0], [2165.0, 44273.0], [2164.75, 68653.0], [2164.5, 327.0], [2164.25, 1170.0], [2163.75, 827.0], [2163.5, 1170.0]], "asks": [[2169.0, 3400.0], [2169.25, 74484.0], [2169.5, 3847.0], [2169.75, 2404.0], [2170.0, 7402.0], [2170.25, 13927.0], [2170.5, 9479.0], [2170.75, 5993.0], [2171.0, 16298.0], [2171.25, 1529.0], [2171.5, 1207.0], [2171.75, 327.0], [2172.0, 1504.0], [2172.25, 8394.0], [2172.5, 23972.0], [2172.75, 327.0], [2173.0, 15108.0], [2173.25, 46288.0], [2174.0, 1177.0], [2174.25, 1727.0]]}}}
{"jsonrpc": "2.0", "method": "subscription", "params": {"channel": "book.ETH-7MAR25.none.20.100ms", "data": {"timestamp": 1741311163919, "change_id": 61212800217, "instrument_name": "ETH-7MAR25", "bids": [[2166.0, 45854.0], [2165.75, 26299.0], [2165.5, 2955.0], [2165.25, 4881.0], [2165.0, 4574.0], [2164.75, 25001.0], [2164.5, 50453.0], [2164.25, 1614.0], [2164.0, 1614.0], [2163.75, 2024.0], [2163.5, 1618.0], [2163.0, 1565.0], [2162.75, 1617.0], [2162.5, 1608.0], [2162.25, 51851.0], [2162.0, 1618.0], [2161.75, 91619.0], [2161.0, 50832.0], [2159.25, 1622.0], [2159.0, 1566.0]], "asks": [[2166.75, 76129.0], [2167.0, 4873.0], [2167.25, 16400.0], [2167.5, 52346.0], [2167.75, 10185.0], [2168.0, 2028.0], [2168.25, 1986.0], [2168.5, 1619.0], [2168.75, 52868.0], [2169.0, 3214.0], [2169.25, 3219.0], [2169.5, 1576.0], [2169.75, 1566.0], [2170.0, 1618.0], [2170.25, 1576.0], [2170.5, 1975.0], [2170.75, 50811.0], [2171.0, 51408.0], [2171.25, 18648.0], [2171.5, 1629.0]]}}}
{"jsonrpc": "2.0", "method": "subscription", "params": {"channel": "book.ETH-14MAR25.none.20.100ms", "data": {"timestamp": 1741311164213, "change_id": 61212800530, "instrument_name": "ETH-14MAR25", "bids": [[2168.5, 16795.0], [2168.25, 9804.0], [2168.0, 11176.0], [2167.75, 4817.0], [2167.5, 13220.0], [2167.25, 2552.0], [2167.0, 5954.0], [2166.75, 4949.0], [2166.5, 1529.0], [2166.25, 1554.0], [2166.0, 1222.0], [2165.75, 327.0], [2165.5, 1549.0], [2165.25, 7969.0], [2165.0, 44273.0], [2164.75, 68653.0], [2164.5, 327.0], [2164.25, 1170.0], [2163.75, 827.0], [2163.5, 1170.0]], "asks": [[2169.25, 74484.0], [2169.5, 3847.0], [2169.75, 5297.0], [2170.0, 14403.0], [2170.25, 3927.0], [2170.5, 9479.0], [2170.75, 5993.0], [2171.0, 16298.0], [2171.25, 1529.0], [2171.5, 1207.0], [2171.75, 327.0], [2172.0, 1504.0], [2172.25, 8394.0], [2172.5, 23972.0], [2172.75, 327.0], [2173.0, 15108.0], [2173.25, 46288.0], [2174.0, 1177.0], [2174.25, 1727.0], [2174.5, 91177.0]]}}}
{"jsonrpc": "2.0", "method": "subscription", "params": {"channel": "book.ETH-7MAR25.none.20.100ms", "data": {"timestamp": 1741311164208, "change_id": 61212800525, "instrument_name": "ETH-7MAR25", "bids": [[2166.0, 45854.0], [2165.75, 24685.0], [2165.5, 2955.0], [2165.25, 4881.0], [2165.0, 4574.0], [2164.75, 25001.0], [2164.5, 50863.0], [2164.25, 2024.0], [2164.0, 2024.0], [2163.75, 2024.0], [2163.5, 1618.0], [2163.25, 410.0], [2163.0, 1975.0], [2162.75, 2027.0], [2162.5, 1608.0], [2162.25, 51851.0], [2162.0, 1618.0], [2161.75, 91619.0], [2161.0, 50832.0], [2159.0, 1566.0]], "asks": [[2166.5, 1.0], [2166.75, 24885.0], [2167.0, 81550.0], [2167.25, 26400.0], [2167.5, 42346.0], [2167.75, 10185.0], [2168.0, 2028.0], [2168.25, 1986.0], [2168.5, 17479.0], [2168.75, 53832.0], [2169.0, 4180.0], [2169.25, 3629.0], [2169.5, 1986.0], [2169.75, 1976.0], [2170.0, 2028.0], [2170.25, 1986.0], [2170.5, 16757.0], [2170.75, 50811.0], [2171.0, 51408.0], [2171.25, 18648.0]]}}}
{"jsonrpc": "2.0", "method": "subscription", "params": {"channel": "book.ETH-14MAR25.none.20.100ms", "data": {"timestamp": 1741311164554, "change_id": 61212801566, "instrument_name": "ETH-14MAR25", "bids": [[2168.0, 10000.0], [2167.75, 2974.0], [2167.5, 3400.0], [2167.25, 1170.0], [2167.0, 4608.0], [2166.75, 12626.0], [2166.25, 1227.0], [2166.0, 1222.0], [2165.5, 1222.0], [2165.25, 1227.0], [2165.0, 23677.0], [2164.75, 68653.0], [2164.25, 1170.0], [2163.75, 500.0], [2163.5, 1170.0], [2163.25, 134931.0], [2163.0, 1184.0], [2162.75, 1203.0], [2161.75, 1184.0], [2161.5, 41222.0]], "asks": [[2168.5, 4600.0], [2168.75, 4600.0], [2169.0, 4728.0], [2169.25, 72305.0], [2169.5, 25343.0], [2169.75, 1222.0], [2170.0, 1222.0], [2170.5, 1222.0], [2170.75, 1202.0], [2171.0, 15971.0], [2171.25, 1202.0], [2171.5, 1207.0], [2172.0, 1177.0], [2172.25, 1202.0], [2172.5, 23972.0], [2173.0, 1222.0], [2173.25, 46288.0], [2174.0, 1177.0], [2174.25, 1727.0], [2174.5, 91177.0]]}}}
{"jsonrpc": "2.0", "method": "subscription", "params": {"channel": "book.ETH-7MAR25.none.20.100ms", "data": {"timestamp": 1741311164629, "change_id": 61212801580, "instrument_name": "ETH-7MAR25", "bids": [[2165.0, 14457.0], [2164.75, 1614.0], [2164.5, 9674.0], [2164.25, 1614.0], [2164.0, 1614.0], [2163.75, 1614.0], [2163.5, 14293.0], [2163.25, 1614.0], [2163.0, 1565.0], [2162.75, 1617.0], [2162.5, 1608.0], [2162.25, 51851.0], [2162.0, 86940.0], [2161.75, 91619.0], [2161.0, 50832.0], [2159.0, 1566.0], [2158.75, 1622.0], [2158.5, 41632.0], [2158.0, 1566.0], [2157.75, 1627.0]], "asks": [[2166.25, 2857.0], [2166.5, 1614.0], [2166.75, 93277.0], [2167.0, 39443.0], [2167.25, 1576.0], [2167.5, 1576.0], [2167.75, 1618.0], [2168.0, 1618.0], [2168.25, 1576.0], [2168.5, 1619.0], [2168.75, 52868.0], [2169.0, 3214.0], [2169.25, 3219.0], [2169.5, 1576.0], [2169.75, 1566.0], [2170.0, 1618.0], [2170.25, 1576.0], [2170.5, 1565.0], [2170.75, 50811.0], [2171.0, 51408.0]]}}}
{"jsonrpc": "2.0", "method": "subscription", "params": {"channel": "book.ETH-14MAR25.none.20.100ms", "data": {"timestamp": 1741311164991, "change_id": 61212802384, "instrument_name": "ETH-14MAR25", "bids": [[2168.0, 10000.0], [2167.75, 2974.0], [2167.5, 3400.0], [2167.25, 1170.0], [2167.0, 4608.0], [2166.75, 16645.0], [2166.25, 16315.0], [2166.0, 1222.0], [2165.75, 3400.0], [2165.5, 1222.0], [2165.25, 1227.0], [2165.0, 1170.0], [2164.75, 68653.0], [2164.25, 1170.0], [2163.75, 500.0], [2163.5, 1170.0], [2163.25, 134931.0], [2163.0, 1184.0], [2162.75, 1203.0], [2161.75, 1184.0]], "asks": [[2168.5, 4600.0], [2168.75, 4720.0], [2169.0, 4608.0], [2169.25, 82305.0], [2169.5, 15343.0], [2169.75, 1222.0], [2170.0, 1222.0], [2170.5, 1222.0], [2170.75, 1202.0], [2171.0, 15971.0], [2171.25, 1202.0], [2171.5, 1207.0], [2172.0, 1177.0], [2172.25, 1202.0], [2172.5, 23972.0], [2173.0, 1222.0], [2173.25, 46288.0], [2174.0, 1177.0], [2174.25, 1727.0], [2174.5, 91177.0]]}}}
{"jsonrpc": "2.0", "method": "subscription", "params": {"channel": "book.ETH-7MAR25.none.20.100ms", "data": {"timestamp": 1741311164989, "change_id": 61212802403, "instrument_name": "ETH-7MAR25", "bids": [[2165.75, 1.0], [2165.5, 13988.0], [2165.25, 55409.0], [2165.0, 26299.0], [2164.75, 2905.0], [2164.5, 4885.0], [2164.25, 16697.0], [2164.0, 50859.0], [2163.75, 2024.0], [2163.5, 2028.0], [2163.25, 2024.0], [2163.0, 1975.0], [2162.75, 2027.0], [2162.5, 1608.0], [2162.25, 51851.0], [2162.0, 1618.0], [2161.75, 91619.0], [2161.0, 50832.0], [2159.0, 1566.0], [2158.75, 1622.0]], "asks": [[2166.0, 1614.0], [2166.25, 7955.0], [2166.5, 36597.0], [2166.75, 95110.0], [2167.0, 39853.0], [2167.25, 1986.0], [2167.5, 1986.0], [2167.75, 2028.0], [2168.0, 2028.0], [2168.25, 1986.0], [2168.5, 17479.0], [2168.75, 53832.0], [2169.0, 18953.0], [2169.25, 52874.0], [2169.5, 1986.0], [2169.75, 1976.0], [2170.0, 2028.0], [2170.25, 1576.0], [2170.5, 1565.0], [2170.75, 1566.0]]}}}
{"jsonrpc": "2.0", "method": "subscription", "params": {"channel": "book.ETH-14MAR25.none.20.100ms", "data": {"timestamp": 1741311165323, "change_id": 61212802801, "instrument_name": "ETH-14MAR25", "bids": [[2168.25, 3400.0], [2168.0, 12092.0], [2167.75, 7638.0], [2167.5, 16297.0], [2167.25, 2552.0], [2167.0, 9602.0], [2166.75, 16972.0], [2166.5, 6103.0], [2166.25, 16642.0], [2166.0, 2201.0], [2165.75, 3727.0], [2165.5, 1549.0], [2165.25, 1554.0], [2165.0, 21766.0], [2164.75, 68653.0], [2164.5, 327.0], [2164.25, 1170.0], [2163.75, 500.0], [2163.5, 1170.0], [2163.25, 134931.0]], "asks": [[2168.75, 5579.0], [2169.0, 28092.0], [2169.25, 87028.0], [2169.5, 15670.0], [2169.75, 1549.0], [2170.0, 1222.0], [2170.25, 327.0], [2170.5, 1549.0], [2170.75, 5952.0], [2171.0, 16298.0], [2171.25, 1529.0], [2171.5, 1207.0], [2171.75, 327.0], [2172.0, 1504.0], [2172.25, 8394.0], [2172.5, 23972.0], [2172.75, 327.0], [2173.0, 15108.0], [2173.25, 46288.0], [2174.0, 1177.0]]}}}
{"jsonrpc": "2.0", "method": "subscription", "params": {"channel": "book.ETH-7MAR25.none.20.100ms", "data": {"timestamp": 1741311165316, "change_id": 61212802784, "instrument_name": "ETH-7MAR25", "bids": [[2165.5, 15588.0], [2165.25, 51567.0], [2165.0, 18126.0], [2164.75, 14252.0], [2164.5, 4885.0], [2164.25, 16697.0], [2164.0, 59100.0], [2163.75, 2024.0], [2163.5, 2028.0], [2163.25, 2024.0], [2163.0, 1975.0], [2162.75, 2027.0], [2162.5, 1608.0], [2162.25, 51851.0], [2162.0, 1618.0], [2161.75, 91619.0], [2161.0, 50832.0], [2159.0, 1566.0], [2158.75, 1622.0], [2158.5, 41632.0]], "asks": [[2166.0, 1.0], [2166.25, 27932.0], [2166.5, 87941.0], [2166.75, 21689.0], [2167.0, 39853.0], [2167.25, 1986.0], [2167.5, 1986.0], [2167.75, 2028.0], [2168.0, 2028.0], [2168.25, 1986.0], [2168.5, 17479.0], [2168.75, 53832.0], [2169.0, 18953.0], [2169.25, 52874.0], [2169.5, 1986.0], [2169.75, 1976.0], [2170.0, 2028.0], [2170.25, 1986.0], [2170.5, 1565.0], [2170.75, 1566.0]]}}}
{"jsonrpc": "2.0", "method": "subscription", "params": {"channel": "book.ETH-14MAR25.none.20.100ms", "data": {"timestamp": 1741311165665, "change_id": 61212803204, "instrument_name": "ETH-14MAR25", "bids": [[2168.0, 10000.0], [2167.75, 7518.0], [2167.5, 16297.0], [2167.25, 2672.0], [2167.0, 7335.0], [2166.75, 9553.0], [2166.5, 1535.0], [2166.25, 1554.0], [2166.0, 2201.0], [2165.75, 3727.0], [2165.5, 1549.0], [2165.25, 1554.0], [2165.0, 44273.0], [2164.75, 68653.0], [2164.5, 327.0], [2164.25, 1170.0], [2163.75, 827.0], [2163.5, 1170.0], [2163.25, 134931.0], [2163.0, 1184.0]], "asks": [[2168.5, 5980.0], [2168.75, 25801.0], [2169.0, 75056.0], [2169.25, 19211.0], [2169.5, 15670.0], [2169.75, 1549.0], [2170.0, 1222.0], [2170.25, 327.0], [2170.5, 1549.0], [2170.75, 1529.0], [2171.0, 1529.0], [2171.25, 1529.0], [2171.5, 1207.0], [2171.75, 327.0], [2172.0, 1504.0], [2172.25, 8394.0], [2172.5, 23972.0], [2172.75, 327.0], [2173.0, 15108.0], [2173.25, 46288.0]]}}}
{"jsonrpc": "2.0", "method": "subscription", "params": {"channel": "book.ETH-7MAR25.none.20.100ms", "data": {"timestamp": 1741311165662, "change_id": 61212803201, "instrument_name": "ETH-7MAR25", "bids": [[2165.25, 11961.0], [2165.0, 5041.0], [2164.75, 13842.0], [2164.5, 4475.0], [2164.25, 4448.0], [2164.0, 10216.0], [2163.75, 1976.0], [2163.5, 5853.0], [2163.25, 14699.0], [2163.0, 1975.0], [2162.75, 2027.0], [2162.5, 17163.0], [2162.25, 51851.0], [2162.0, 86940.0], [2161.75, 91619.0], [2161.0, 50832.0], [2159.0, 1566.0], [2158.75, 1622.0], [2158.5, 41632.0], [2158.0, 1566.0]], "asks": [[2165.75, 1.0], [2166.0, 1991.0], [2166.25, 26062.0], [2166.5, 87531.0], [2166.75, 10215.0], [2167.0, 1956.0], [2167.25, 1926.0], [2167.5, 1986.0], [2167.75, 2028.0], [2168.0, 2028.0], [2168.25, 8655.0], [2168.5, 55316.0], [2168.75, 53832.0], [2169.0, 18953.0], [2169.25, 52874.0], [2169.5, 1986.0], [2169.75, 1976.0], [2170.0, 2028.0], [2170.25, 1986.0], [2170.5, 1565.0]]}}}
{"jsonrpc": "2.0", "method": "subscription", "params": {"channel": "book.ETH-14MAR25.none.20.100ms", "data": {"timestamp": 1741311165993, "change_id": 61212804219, "instrument_name": "ETH-14MAR25", "bids": [[2167.75, 1200.0], [2167.5, 28189.0], [2167.25, 8890.0], [2167.0, 7335.0], [2166.75, 9226.0], [2166.5, 1208.0], [2166.25, 1227.0], [2166.0, 1222.0], [2165.75, 3400.0], [2165.5, 1222.0], [2165.25, 1227.0], [2165.0, 1170.0], [2164.75, 68653.0], [2164.25, 1170.0], [2163.5, 23677.0], [2163.25, 134931.0], [2163.0, 1684.0], [2162.75, 1203.0], [2161.75, 1184.0], [2161.5, 41222.0]], "asks": [[2168.5, 4927.0], [2168.75, 72929.0], [2169.0, 7462.0], [2169.25, 14935.0], [2169.5, 9089.0], [2169.75, 1222.0], [2170.0, 1222.0], [2170.5, 1222.0], [2170.75, 15971.0], [2171.0, 1202.0], [2171.25, 1202.0], [2171.5, 1207.0], [2171.75, 327.0], [2172.0, 1177.0], [2172.25, 1202.0], [2172.5, 23972.0], [2173.0, 15108.0], [2173.25, 46288.0], [2174.0, 1177.0], [2174.25, 1727.0]]}}}
{"jsonrpc": "2.0", "method": "subscription", "params": {"channel": "book.ETH-7MAR25.none.20.100ms", "data": {"timestamp": 1741311165970, "change_id": 61212804118, "instrument_name": "ETH-7MAR25", "bids": [[2165.5, 9991.0], [2165.25, 10000.0], [2165.0, 1614.0], [2164.75, 12961.0], [2164.5, 4475.0], [2164.25, 1614.0], [2164.0, 9855.0], [2163.75, 1614.0], [2163.5, 1618.0], [2163.25, 14289.0], [2163.0, 1565.0], [2162.75, 1617.0], [2162.5, 1608.0], [2162.25, 51851.0], [2162.0, 86940.0], [2161.75, 91619.0], [2161.0, 50832.0], [2159.0, 1566.0], [2158.75, 1622.0], [2158.5, 41632.0]], "asks": [[2166.0, 1614.0], [2166.25, 77892.0], [2166.5, 11614.0], [2166.75, 9856.0], [2167.0, 1606.0], [2167.25, 1576.0], [2167.5, 1576.0], [2167.75, 1618.0], [2168.0, 1618.0], [2168.25, 1576.0], [2168.5, 39456.0], [2168.75, 52868.0], [2169.0, 3214.0], [2169.25, 52464.0], [2169.5, 1576.0], [2169.75, 1566.0], [2170.0, 1618.0], [2170.25, 1576.0], [2170.5, 1565.0], [2170.75, 1566.0]]}}}
{"jsonrpc": "2.0", "method": "subscription", "params": {"channel": "book.ETH-14MAR25.none.20.100ms", "data": {"timestamp": 1741311166308, "change_id": 61212804619, "instrument_name": "ETH-14MAR25", "bids": [[2167.5, 16827.0], [2167.25, 7720.0], [2167.0, 4935.0], [2166.75, 3944.0], [2166.5, 9535.0], [2166.25, 1554.0], [2166.0, 2242.0], [2165.75, 3727.0], [2165.5, 1549.0], [2165.25, 1554.0], [2165.0, 21766.0], [2164.75, 68653.0], [2164.5, 327.0], [2164.25, 1170.0], [2164.0, 327.0], [2163.75, 8311.0], [2163.5, 64156.0], [2163.25, 134931.0], [2163.0, 1684.0], [2162.75, 1203.0]], "asks": [[2168.25, 5939.0], [2168.5, 25882.0], [2168.75, 73234.0], [2169.0, 11844.0], [2169.25, 17294.0], [2169.5, 9416.0], [2169.75, 1549.0], [2170.0, 1222.0], [2170.25, 327.0], [2170.5, 6013.0], [2170.75, 16298.0], [2171.0, 1529.0], [2171.25, 1529.0], [2171.5, 1207.0], [2171.75, 327.0], [2172.0, 1504.0], [2172.25, 8394.0], [2172.5, 23972.0], [2173.0, 15108.0], [2173.25, 46288.0]]}}}
{"jsonrpc": "2.0", "method": "subscription", "params": {"channel": "book.ETH-7MAR25.none.20.100ms", "data": {"timestamp": 1741311166098, "change_id": 61212804327, "instrument_name": "ETH-7MAR25", "bids": [[2165.25, 10000.0], [2165.0, 1614.0], [2164.75, 12961.0], [2164.5, 4475.0], [2164.25, 1614.0], [2164.0, 9855.0], [2163.75, 1614.0], [2163.5, 1618.0], [2163.25, 14289.0], [2163.0, 1565.0], [2162.75, 1617.0], [2162.5, 1608.0], [2162.25, 51851.0], [2162.0, 86940.0], [2161.75, 91619.0], [2161.0, 50832.0], [2159.0, 1566.0], [2158.75, 1622.0], [2158.5, 41632.0], [2158.0, 1566.0]], "asks": [[2166.0, 1614.0], [2166.25, 77892.0], [2166.5, 11614.0], [2166.75, 9856.0], [2167.0, 1606.0], [2167.25, 1576.0], [2167.5, 1576.0], [2167.75, 1618.0], [2168.0, 1618.0], [2168.25, 1576.0], [2168.5, 39456.0], [2168.75, 52868.0], [2169.0, 3214.0], [2169.25, 52464.0], [2169.5, 1576.0], [2169.75, 1566.0], [2170.0, 1618.0], [2170.25, 1576.0], [2170.5, 1565.0], [2170.75, 1566.0]]}}}
{"jsonrpc": "2.0", "method": "subscription", "params": {"channel": "book.ETH-14MAR25.none.20.100ms", "data": {"timestamp": 1741311166648, "change_id": 61212805411, "instrument_name": "ETH-14MAR25", "bids": [[2167.5, 16827.0], [2167.25, 12789.0], [2167.0, 22272.0], [2166.75, 3944.0], [2166.5, 9535.0], [2166.25, 1554.0], [2166.0, 2242.0], [2165.75, 3727.0], [2165.5, 1549.0], [2165.25, 1554.0], [2165.0, 21766.0], [2164.75, 68653.0], [2164.5, 327.0], [2164.25, 1170.0], [2164.0, 327.0], [2163.75, 8311.0], [2163.5, 64156.0], [2163.25, 134931.0], [2163.0, 1684.0], [2162.75, 1203.0]], "asks": [[2168.25, 2616.0], [2168.5, 25551.0], [2168.75, 75763.0], [2169.0, 18477.0], [2169.25, 7294.0], [2169.5, 9416.0], [2169.75, 1549.0], [2170.0, 1222.0], [2170.25, 327.0], [2170.5, 6013.0], [2170.75, 16298.0], [2171.0, 1529.0], [2171.25, 1529.0], [2171.5, 1207.0], [2171.75, 327.0], [2172.0, 1504.0], [2172.25, 8394.0], [2172.5, 23972.0], [2173.0, 15108.0], [2173.25, 46288.0]]}}}
{"jsonrpc": "2.0", "method": "subscription", "params": {"channel": "book.ETH-7MAR25.none.20.100ms", "data": {"timestamp": 1741311166599, "change_id": 61212805374, "instrument_name": "ETH-7MAR25", "bids": [[2165.25, 9991.0], [2165.0, 11600.0], [2164.75, 1614.0], [2164.5, 4475.0], [2164.25, 1614.0], [2164.0, 9855.0], [2163.75, 1614.0], [2163.5, 1618.0], [2163.25, 14289.0], [2163.0, 1565.0], [2162.75, 1617.0], [2162.5, 1608.0], [2162.25, 51851.0], [2162.0, 86940.0], [2161.75, 91619.0], [2161.25, 1614.0], [2161.0, 50832.0], [2158.75, 1622.0], [2158.5, 41632.0], [2158.0, 1566.0]], "asks": [[2166.0, 1614.0], [2166.25, 87892.0], [2166.5, 1614.0], [2166.75, 9856.0], [2167.0, 1606.0], [2167.25, 1576.0], [2167.5, 1576.0], [2167.75, 1618.0], [2168.0, 1618.0], [2168.25, 1576.0], [2168.5, 1619.0], [2168.75, 52868.0], [2169.0, 41051.0], [2169.25, 52464.0], [2169.5, 1576.0], [2169.75, 1566.0], [2170.0, 1618.0], [2170.5, 1565.0], [2170.75, 1566.0], [2171.0, 51408.0]]}}}
{"jsonrpc": "2.0", "method": "subscription", "params": {"channel": "book.ETH-14MAR25.none.20.100ms", "data": {"timestamp": 1741311166904, "change_id": 61212806813, "instrument_name": "ETH-14MAR25", "bids": [[2167.5, 10000.0], [2167.25, 6254.0], [2167.0, 3520.0], [2166.5, 1208.0], [2166.25, 9639.0], [2166.0, 1222.0], [2165.75, 3400.0], [2165.5, 1222.0], [2165.25, 1227.0], [2165.0, 1170.0], [2164.75, 68653.0], [2164.25, 1170.0], [2164.0, 22507.0], [2163.75, 1208.0], [2163.5, 1170.0], [2163.25, 134931.0], [2163.0, 1684.0], [2162.75, 1203.0], [2161.75, 1184.0], [2161.5, 41222.0]], "asks": [[2168.0, 4600.0], [2168.25, 5808.0], [2168.5, 72285.0], [2168.75, 13400.0], [2169.0, 7462.0], [2169.25, 1208.0], [2169.5, 9089.0], [2170.0, 1222.0], [2170.5, 15991.0], [2170.75, 1202.0], [2171.0, 1202.0], [2171.25, 23972.0], [2171.5, 1207.0], [2172.0, 1177.0], [2172.25, 1202.0], [2172.5, 1202.0], [2173.0, 1222.0], [2173.25, 46288.0], [2174.0, 1177.0], [2174.25, 1727.0]]}}}
{"jsonrpc": "2.0", "method": "subscription", "params": {"channel": "book.ETH-7MAR25.none.20.100ms", "data": {"timestamp": 1741311166967, "change_id": 61212806785, "instrument_name": "ETH-7MAR25", "bids": [[2165.0, 1600.0], [2164.5, 12857.0], [2164.25, 1614.0], [2164.0, 1614.0], [2163.75, 1614.0], [2163.5, 1618.0], [2163.25, 9731.0], [2163.0, 14240.0], [2162.75, 1617.0], [2162.5, 1608.0], [2162.25, 51851.0], [2162.0, 86940.0], [2161.75, 91619.0], [2161.25, 1614.0], [2161.0, 50832.0], [2158.75, 1622.0], [2158.5, 41632.0], [2158.0, 1566.0], [2157.75, 1627.0], [2157.5, 1566.0]], "asks": [[2165.5, 1614.0], [2165.75, 4471.0], [2166.0, 11614.0], [2166.25, 75035.0], [2166.5, 39451.0], [2166.75, 9856.0], [2167.0, 1606.0], [2167.25, 1576.0], [2167.5, 1576.0], [2167.75, 52910.0], [2168.0, 1618.0], [2168.25, 1576.0], [2168.5, 1619.0], [2168.75, 1576.0], [2169.0, 3214.0], [2169.25, 52464.0], [2169.5, 1576.0], [2169.75, 1566.0], [2170.0, 1618.0], [2170.5, 1565.0]]}}}
{"jsonrpc": "2.0", "method": "subscription", "params": {"channel": "book.ETH-14MAR25.none.20.100ms", "data": {"timestamp": 1741311167309, "change_id": 61212807642, "instrument_name": "ETH-14MAR25", "bids": [[2167.0, 14600.0], [2166.75, 2854.0], [2166.5, 1655.0], [2166.25, 4046.0], [2166.0, 10512.0], [2165.75, 3400.0], [2165.5, 1222.0], [2165.25, 1227.0], [2165.0, 1170.0], [2164.75, 23481.0], [2164.25, 1170.0], [2163.75, 1208.0], [2163.5, 23677.0], [2163.25, 134931.0], [2163.0, 46356.0], [2162.75, 1203.0], [2161.75, 1184.0], [2161.5, 1222.0], [2161.25, 17117.0], [2160.75, 500.0]], "asks": [[2167.75, 3400.0], [2168.0, 4600.0], [2168.25, 4728.0], [2168.5, 75019.0], [2168.75, 13400.0], [2169.0, 4608.0], [2169.25, 1208.0], [2169.5, 9089.0], [2170.0, 1222.0], [2170.5, 15991.0], [2170.75, 1202.0], [2171.0, 1202.0], [2171.25, 23972.0], [2171.5, 1207.0], [2172.0, 1177.0], [2172.25, 1202.0], [2172.5, 1202.0], [2172.75, 45340.0], [2173.0, 1222.0], [2173.25, 46288.0]]}}}
{"jsonrpc": "2.0", "method": "subscription", "params": {"channel": "book.ETH-7MAR25.none.20.100ms", "data": {"timestamp": 1741311167299, "change_id": 61212807635, "instrument_name": "ETH-7MAR25", "bids": [[2165.0, 1600.0], [2164.5, 10000.0], [2164.25, 1614.0], [2164.0, 4881.0], [2163.75, 1614.0], [2163.5, 1618.0], [2163.25, 13593.0], [2163.0, 14240.0], [2162.75, 1617.0], [2162.5, 1608.0], [2162.25, 77523.0], [2162.0, 86940.0], [2161.75, 91619.0], [2161.25, 1614.0], [2161.0, 50832.0], [2158.75, 1622.0], [2158.5, 41632.0], [2158.0, 1566.0], [2157.75, 1627.0], [2157.5, 1566.0]], "asks": [[2165.25, 1625.0], [2165.5, 1614.0], [2165.75, 29520.0], [2166.0, 85035.0], [2166.25, 1614.0], [2166.5, 1614.0], [2166.75, 10266.0], [2167.0, 1576.0], [2167.25, 1576.0], [2167.5, 55286.0], [2167.75, 52910.0], [2168.0, 1618.0], [2168.25, 1576.0], [2168.5, 1619.0], [2168.75, 2540.0], [2169.0, 3214.0], [2169.25, 52464.0], [2169.5, 1576.0], [2169.75, 1566.0], [2170.0, 1618.0]]}}}
{"jsonrpc": "2.0", "method": "subscription", "params": {"channel": "book.ETH-14MAR25.none.20.100ms", "data": {"timestamp": 1741311167601, "change_id": 61212808439, "instrument_name": "ETH-14MAR25", "bids": [[2167.25, 4600.0], [2167.0, 14600.0], [2166.75, 4062.0], [2166.5, 1208.0], [2166.25, 1347.0], [2166.0, 9656.0], [2165.75, 3400.0], [2165.5, 1222.0], [2165.25, 1227.0], [2165.0, 1170.0], [2164.75, 23481.0], [2164.25, 1170.0], [2163.75, 1208.0], [2163.5, 23677.0], [2163.25, 134931.0], [2163.0, 46356.0], [2162.75, 1203.0], [2161.75, 1184.0], [2161.5, 1222.0], [2161.25, 17117.0]], "asks": [[2167.75, 3400.0], [2168.0, 4600.0], [2168.25, 4728.0], [2168.5, 81619.0], [2168.75, 3400.0], [2169.0, 4608.0], [2169.25, 1208.0], [2169.5, 9089.0], [2170.0, 1222.0], [2170.5, 15991.0], [2170.75, 1202.0], [2171.0, 1202.0], [2171.25, 23972.0], [2171.5, 1207.0], [2172.0, 1177.0], [2172.25, 1202.0], [2172.5, 1202.0], [2172.75, 45340.0], [2173.0, 1222.0], [2173.25, 46288.0]]}}}
{"jsonrpc": "2.0", "method": "subscription", "params": {"channel": "book.ETH-7MAR25.none.20.100ms", "data": {"timestamp": 1741311167591, "change_id": 61212808404, "instrument_name": "ETH-7MAR25", "bids": [[2164.5, 1600.0], [2164.25, 11614.0], [2164.0, 4471.0], [2163.75, 1614.0], [2163.5, 1618.0], [2163.25, 1614.0], [2163.0, 22593.0], [2162.75, 1617.0], [2162.5, 1608.0], [2162.25, 1576.0], [2162.0, 86940.0], [2161.75, 91619.0], [2161.25, 51889.0], [2161.0, 50832.0], [2158.75, 1622.0], [2158.5, 1632.0], [2158.0, 1566.0], [2157.75, 1627.0], [2157.5, 41566.0], [2157.25, 8724.0]], "asks": [[2165.25, 11.0], [2165.5, 1614.0], [2165.75, 14471.0], [2166.0, 112872.0], [2166.25, 1614.0], [2166.5, 1614.0], [2166.75, 9856.0], [2167.0, 1576.0], [2167.25, 1576.0], [2167.5, 1576.0], [2167.75, 52910.0], [2168.0, 1618.0], [2168.25, 1576.0], [2168.5, 1619.0], [2168.75, 1576.0], [2169.0, 3214.0], [2169.25, 52464.0], [2169.5, 1576.0], [2169.75, 1566.0], [2170.0, 1618.0]]}}}
{"jsonrpc": "2.0", "method": "subscription", "params": {"channel": "book.ETH-14MAR25.none.20.100ms", "data": {"timestamp": 1741311167946, "change_id": 61212809548, "instrument_name": "ETH-14MAR25", "bids": [[2167.5, 11200.0], [2167.25, 5978.0], [2167.0, 5906.0], [2166.75, 4062.0], [2166.5, 18540.0], [2166.25, 4627.0], [2166.0, 9656.0], [2165.75, 3400.0], [2165.5, 1222.0], [2165.25, 1227.0], [2165.0, 1170.0], [2164.75, 23481.0], [2164.25, 1170.0], [2163.75, 1208.0], [2163.5, 23677.0], [2163.25, 134931.0], [2163.0, 46356.0], [2162.75, 1203.0], [2161.75, 1184.0], [2161.5, 1222.0]], "asks": [[2168.25, 1200.0], [2168.5, 67677.0], [2168.75, 7462.0], [2169.0, 4608.0], [2169.25, 11208.0], [2169.5, 9089.0], [2170.0, 1222.0], [2170.5, 15991.0], [2170.75, 1202.0], [2171.0, 1202.0], [2171.25, 23972.0], [2171.5, 1207.0], [2172.0, 1177.0], [2172.25, 1202.0], [2172.5, 1202.0], [2172.75, 45340.0], [2173.0, 1222.0], [2173.25, 46288.0], [2174.0, 1177.0], [2174.25, 1727.0]]}}}
{"jsonrpc": "2.0", "method": "subscription", "params": {"channel": "book.ETH-7MAR25.none.20.100ms", "data": {"timestamp": 1741311167975, "change_id": 61212809653, "instrument_name": "ETH-7MAR25", "bids": [[2165.0, 1.0], [2164.75, 12010.0], [2164.5, 2024.0], [2164.25, 2024.0], [2164.0, 4471.0], [2163.75, 1614.0], [2163.5, 1618.0], [2163.25, 1614.0], [2163.0, 22593.0], [2162.75, 1617.0], [2162.5, 1608.0], [2162.25, 1576.0], [2162.0, 1618.0], [2161.75, 91619.0], [2161.5, 86936.0], [2161.25, 51889.0], [2161.0, 50832.0], [2158.75, 1622.0], [2158.5, 1632.0], [2158.0, 1566.0]], "asks": [[2165.25, 10.0], [2166.0, 77892.0], [2166.25, 1614.0], [2166.5, 11614.0], [2166.75, 9856.0], [2167.0, 1576.0], [2167.25, 1576.0], [2167.5, 1576.0], [2167.75, 1618.0], [2168.0, 1618.0], [2168.25, 1576.0], [2168.5, 1619.0], [2168.75, 1576.0], [2169.0, 92343.0], [2169.25, 52464.0], [2169.5, 1576.0], [2169.75, 1566.0], [2170.0, 1618.0], [2170.5, 1565.0], [2170.75, 1566.0]]}}}
{"jsonrpc": "2.0", "method": "subscription", "params": {"channel": "book.ETH-14MAR25.none.20.100ms", "data": {"timestamp": 1741311168297, "change_id": 61212810505, "instrument_name": "ETH-14MAR25", "bids": [[2167.5, 13265.0], [2167.25, 7425.0], [2167.0, 4935.0], [2166.75, 3796.0], [2166.5, 9974.0], [2166.25, 12050.0], [2166.0, 25723.0], [2165.75, 3400.0], [2165.5, 1222.0], [2165.25, 1227.0], [2165.0, 1170.0], [2164.75, 23481.0], [2164.25, 1170.0], [2163.75, 1208.0], [2163.5, 1170.0], [2163.25, 134931.0], [2163.0, 46356.0], [2162.75, 1203.0], [2161.75, 1184.0], [2161.5, 1222.0]], "asks": [[2168.25, 68746.0], [2168.75, 7441.0], [2169.0, 14608.0], [2169.25, 9461.0], [2169.5, 1208.0], [2170.0, 1222.0], [2170.5, 15991.0], [2170.75, 1202.0], [2171.0, 1202.0], [2171.25, 23972.0], [2171.5, 1207.0], [2172.0, 1177.0], [2172.25, 1202.0], [2172.5, 1202.0], [2172.75, 45340.0], [2173.0, 1222.0], [2173.25, 46288.0], [2174.0, 1177.0], [2174.25, 1727.0], [2174.5, 91177.0]]}}}
{"jsonrpc": "2.0", "method": "subscription", "params": {"channel": "book.ETH-7MAR25.none.20.100ms", "data": {"timestamp": 1741311168308, "change_id": 61212810552, "instrument_name": "ETH-7MAR25", "bids": [[2165.0, 3429.0], [2164.75, 12941.0], [2164.5, 4881.0], [2164.25, 2024.0], [2164.0, 2024.0], [2163.75, 50859.0], [2163.5, 1618.0], [2163.25, 2024.0], [2163.0, 10328.0], [2162.75, 2027.0], [2162.5, 1608.0], [2162.25, 1576.0], [2162.0, 1618.0], [2161.75, 91619.0], [2161.5, 1614.0], [2161.25, 51889.0], [2161.0, 50832.0], [2158.75, 1622.0], [2158.5, 1632.0], [2158.0, 1566.0]], "asks": [[2165.75, 1631.0], [2166.0, 77892.0], [2166.25, 14158.0], [2166.5, 47855.0], [2166.75, 1614.0], [2167.0, 1576.0], [2167.25, 1576.0], [2167.5, 1576.0], [2167.75, 52910.0], [2168.0, 1618.0], [2168.25, 1576.0], [2168.5, 1619.0], [2168.75, 1576.0], [2169.0, 3214.0], [2169.25, 52464.0], [2169.5, 1576.0], [2169.75, 1566.0], [2170.0, 1618.0], [2170.5, 1565.0], [2170.75, 1566.0]]}}}
{"jsonrpc": "2.0", "method": "subscription", "params": {"channel": "book.ETH-14MAR25.none.20.100ms", "data": {"timestamp": 1741311168638, "change_id": 61212811134, "instrument_name": "ETH-14MAR25", "bids": [[2167.75, 4600.0], [2167.5, 13265.0], [2167.25, 10789.0], [2167.0, 15482.0], [2166.75, 3796.0], [2166.5, 9974.0], [2166.25, 12050.0], [2166.0, 25723.0], [2165.75, 3727.0], [2165.5, 1549.0], [2165.25, 1554.0], [2165.0, 8214.0], [2164.75, 23481.0], [2164.5, 327.0], [2164.25, 1170.0], [2163.75, 1208.0], [2163.5, 41649.0], [2163.25, 134931.0], [2163.0, 46356.0], [2162.75, 1203.0]], "asks": [[2168.25, 67546.0], [2168.5, 2268.0], [2168.75, 10756.0], [2169.0, 14935.0], [2169.25, 9461.0], [2169.5, 1208.0], [2170.0, 1222.0], [2170.5, 15991.0], [2170.75, 1202.0], [2171.0, 1202.0], [2171.25, 23972.0], [2171.5, 1207.0], [2172.0, 1177.0], [2172.25, 1202.0], [2172.5, 1202.0], [2172.75, 45340.0], [2173.0, 1222.0], [2173.25, 46288.0], [2174.0, 1177.0], [2174.25, 1727.0]]}}}
{"jsonrpc": "2.0", "method": "subscription", "params": {"channel": "book.ETH-7MAR25.none.20.100ms", "data": {"timestamp": 1741311168635, "change_id": 61212811116, "instrument_name": "ETH-7MAR25", "bids": [[2165.0, 38087.0], [2164.75, 25866.0], [2164.5, 4471.0], [2164.25, 1614.0], [2164.0, 1614.0], [2163.75, 50449.0], [2163.5, 1618.0], [2163.25, 1614.0], [2163.0, 9918.0], [2162.75, 1617.0], [2162.5, 1608.0], [2162.25, 1576.0], [2162.0, 1618.0], [2161.75, 91619.0], [2161.5, 1614.0], [2161.25, 51889.0], [2161.0, 50832.0], [2158.75, 1622.0], [2158.5, 1632.0], [2158.0, 1566.0]], "asks": [[2165.75, 40.0], [2166.0, 77892.0], [2166.25, 11614.0], [2166.5, 10018.0], [2166.75, 1614.0], [2167.0, 1576.0], [2167.25, 1576.0], [2167.5, 1576.0], [2167.75, 1618.0], [2168.0, 1618.0], [2168.25, 1576.0], [2168.5, 1619.0], [2168.75, 1576.0], [2169.0, 92343.0], [2169.25, 52464.0], [2169.5, 1576.0], [2169.75, 1566.0], [2170.0, 1618.0], [2170.5, 1565.0], [2170.75, 1566.0]]}}}
{"jsonrpc": "2.0", "method": "subscription", "params": {"channel": "book.ETH-14MAR25.none.20.100ms", "data": {"timestamp": 1741311168801, "change_id": 61212811821, "instrument_name": "ETH-14MAR25", "bids": [[2167.75, 14600.0], [2167.5, 7972.0], [2167.25, 11856.0], [2167.0, 15482.0], [2166.75, 3796.0], [2166.5, 9974.0], [2166.25, 12050.0], [2166.0, 25723.0], [2165.75, 3727.0], [2165.5, 1549.0], [2165.25, 1554.0], [2165.0, 8214.0], [2164.75, 23481.0], [2164.5, 327.0], [2164.25, 1170.0], [2164.0, 327.0], [2163.75, 1535.0], [2163.5, 41649.0], [2163.25, 134931.0], [2163.0, 46856.0]], "asks": [[2168.25, 67546.0], [2168.5, 2268.0], [2168.75, 10756.0], [2169.0, 17405.0], [2169.25, 9788.0], [2169.5, 1208.0], [2169.75, 327.0], [2170.0, 1549.0], [2170.25, 5984.0], [2170.5, 16318.0], [2170.75, 1529.0], [2171.0, 8353.0], [2171.25, 24299.0], [2171.5, 1207.0], [2171.75, 327.0], [2172.0, 1504.0], [2172.25, 1529.0], [2172.5, 14804.0], [2172.75, 45340.0], [2173.0, 1222.0]]}}}
