{"jsonrpc": "2.0", "id": 1, "result": ["book.ETH-19SEP25.none.20.100ms"], "usIn": 1758104547235622, "usOut": 1758104547235786, "usDiff": 164, "testnet": false}
{"jsonrpc": "2.0", "method": "subscription", "params": {"channel": "book.ETH-19SEP25.none.20.100ms", "data": {"timestamp": 1758104546915, "change_id": 86851763156, "instrument_name": "ETH-19SEP25", "bids": [[4485.0, 12193.0], [4484.75, 10667.0], [4484.5, 8150.0], [4484.25, 15435.0], [4484.0, 36568.0], [4483.75, 1500.0], [4483.5, 530.0], [4482.25, 4451.0], [4482.0, 16455.0], [4481.75, 5400.0], [4481.5, 519.0], [4479.25, 7535.0], [4479.0, 25115.0], [4478.75, 535.0], [4477.25, 395.0], [4477.0, 9096.0], [4476.75, 25949.0], [4476.5, 27159.0], [4476.25, 90530.0], [4476.0, 10.0]], "asks": [[4485.25, 12601.0], [4485.5, 31150.0], [4485.75, 7150.0], [4486.0, 9136.0], [4486.25, 15270.0], [4486.5, 18631.0], [4486.75, 46074.0], [4487.0, 208.0], [4487.25, 534.0], [4488.5, 209.0], [4488.75, 535.0], [4489.25, 4268.0], [4489.5, 16007.0], [4489.75, 5935.0], [4490.0, 8919.0], [4490.25, 25539.0], [4493.25, 524.0], [4494.5, 6278.0], [4494.75, 20928.0], [4496.0, 7796.0]]}}}
{"jsonrpc": "2.0", "method": "subscription", "params": {"channel": "book.ETH-19SEP25.none.20.100ms", "data": {"timestamp": 1758104547996, "change_id": 86851764202, "instrument_name": "ETH-19SEP25", "bids": [[4485.0, 12193.0], [4484.75, 10667.0], [4484.5, 8150.0], [4484.25, 15435.0], [4484.0, 36568.0], [4483.75, 1500.0], [4483.5, 530.0], [4482.25, 4451.0], [4482.0, 16455.0], [4481.75, 5400.0], [4481.5, 519.0], [4479.25, 7535.0], [4479.0, 25115.0], [4478.75, 535.0], [4477.25, 395.0], [4477.0, 9096.0], [4476.75, 25949.0], [4476.5, 27159.0], [4476.25, 90530.0], [4476.0, 10.0]], "asks": [[4485.25, 9507.0], [4485.5, 34244.0], [4485.75, 7150.0], [4486.0, 9136.0], [4486.25, 15270.0], [4486.5, 18631.0], [4486.75, 46074.0], [4487.0, 208.0], [4487.25, 534.0], [4488.5, 209.0], [4488.75, 535.0], [4489.5, 1781.0], [4489.75, 10029.0], [4490.0, 22565.0], [4490.25, 25539.0], [4493.25, 524.0], [4494.5, 6278.0], [4494.75, 20928.0], [4496.0, 7796.0], [4496.25, 25987.0]]}}}
{"jsonrpc": "2.0", "method": "subscription", "params": {"channel": "book.ETH-19SEP25.none.20.100ms", "data": {"timestamp": 1758104548523, "change_id": 86851764750, "instrument_name": "ETH-19SEP25", "bids": [[4485.0, 12193.0], [4484.75, 10667.0], [4484.5, 8150.0], [4484.25, 15435.0], [4484.0, 36568.0], [4483.75, 1500.0], [4483.5, 530.0], [4482.25, 4451.0], [4482.0, 16455.0], [4481.75, 5400.0], [4481.5, 519.0], [4479.25, 7535.0], [4479.0, 25115.0], [4478.75, 535.0], [4477.25, 395.0], [4477.0, 9096.0], [4476.75, 25949.0], [4476.5, 27159.0], [4476.25, 90530.0], [4476.0, 10.0]], "asks": [[4485.25, 9507.0], [4485.5, 37673.0], [4485.75, 19268.0], [4486.0, 5950.0], [4486.25, 3150.0], [4486.5, 18631.0], [4486.75, 46074.0], [4487.0, 208.0], [4487.25, 534.0], [4488.5, 209.0], [4488.75, 535.0], [4489.5, 1781.0], [4489.75, 10029.0], [4490.0, 22565.0], [4490.25, 25539.0], [4493.25, 524.0], [4494.5, 6278.0], [4494.75, 20928.0], [4496.0, 7796.0], [4496.25, 25987.0]]}}}
{"jsonrpc": "2.0", "method": "subscription", "params": {"channel": "book.ETH-19SEP25.none.20.100ms", "data": {"timestamp": 1758104549007, "change_id": 86851765249, "instrument_name": "ETH-19SEP25", "bids": [[4485.0, 6693.0], [4484.75, 7573.0], [4484.5, 8150.0], [4484.25, 12700.0], [4484.0, 24450.0], [4483.75, 1500.0], [4483.5, 530.0], [4482.0, 519.0], [4481.5, 2139.0], [4481.25, 5400.0], [4481.0, 4809.0], [4480.75, 14281.0], [4480.5, 525.0], [4479.25, 7535.0], [4479.0, 25115.0], [4478.75, 535.0], [4477.25, 395.0], [4477.0, 9096.0], [4476.75, 25949.0], [4476.5, 27159.0]], "asks": [[4485.25, 9507.0], [4485.5, 37673.0], [4485.75, 19268.0], [4486.0, 5950.0], [4486.25, 3150.0], [4486.5, 18631.0], [4486.75, 46074.0], [4487.0, 208.0], [4487.25, 534.0], [4488.5, 209.0], [4488.75, 535.0], [4489.5, 1781.0], [4489.75, 10029.0], [4490.0, 22565.0], [4490.25, 25539.0], [4493.25, 524.0], [4494.5, 6278.0], [4494.75, 20928.0], [4496.0, 7796.0], [4496.25, 25987.0]]}}}
{"jsonrpc": "2.0", "method": "subscription", "params": {"channel": "book.ETH-19SEP25.none.20.100ms", "data": {"timestamp": 1758104549312, "change_id": 86851765707, "instrument_name": "ETH-19SEP25", "bids": [[4485.0, 6693.0], [4484.75, 8299.0], [4484.5, 11244.0], [4484.25, 12700.0], [4484.0, 36573.0], [4483.75, 1500.0], [4483.5, 530.0], [4482.0, 519.0], [4481.5, 2139.0], [4481.25, 5400.0], [4481.0, 4809.0], [4480.75, 14281.0], [4480.5, 525.0], [4479.25, 7535.0], [4479.0, 25115.0], [4478.75, 535.0], [4477.25, 395.0], [4477.0, 9096.0], [4476.75, 25949.0], [4476.5, 27159.0]], "asks": [[4485.25, 9507.0], [4485.5, 37673.0], [4485.75, 19268.0], [4486.0, 5950.0], [4486.25, 3150.0], [4486.5, 18631.0], [4486.75, 46074.0], [4487.0, 208.0], [4487.25, 534.0], [4488.5, 209.0], [4488.75, 535.0], [4489.5, 1781.0], [4489.75, 10029.0], [4490.0, 22565.0], [4490.25, 25539.0], [4493.25, 524.0], [4494.5, 6278.0], [4494.75, 20928.0], [4496.0, 7796.0], [4496.25, 25987.0]]}}}
{"jsonrpc": "2.0", "method": "subscription", "params": {"channel": "book.ETH-19SEP25.none.20.100ms", "data": {"timestamp": 1758104549585, "change_id": 86851766047, "instrument_name": "ETH-19SEP25", "bids": [[4485.0, 6693.0], [4484.75, 8299.0], [4484.5, 11244.0], [4484.25, 15437.0], [4484.0, 36573.0], [4483.75, 1500.0], [4483.5, 530.0], [4482.0, 519.0], [4481.5, 2139.0], [4481.25, 5400.0], [4481.0, 4809.0], [4480.75, 14281.0], [4480.5, 525.0], [4479.25, 7535.0], [4479.0, 25115.0], [4478.75, 535.0], [4477.25, 395.0], [4477.0, 9096.0], [4476.75, 25949.0], [4476.5, 27159.0]], "asks": [[4485.25, 9507.0], [4485.5, 34244.0], [4485.75, 7150.0], [4486.0, 5950.0], [4486.25, 3150.0], [4486.5, 9988.0], [4486.75, 15116.0], [4487.0, 208.0], [4487.25, 534.0], [4488.5, 209.0], [4488.75, 535.0], [4489.5, 1781.0], [4489.75, 10029.0], [4490.0, 22565.0], [4490.25, 25539.0], [4493.25, 524.0], [4494.5, 6278.0], [4494.75, 20928.0], [4496.0, 7796.0], [4496.25, 25987.0]]}}}
{"jsonrpc": "2.0", "method": "subscription", "params": {"channel": "book.ETH-19SEP25.none.20.100ms", "data": {"timestamp": 1758104549733, "change_id": 86851766287, "instrument_name": "ETH-19SEP25", "bids": [[4485.0, 12193.0], [4484.75, 10667.0], [4484.5, 8150.0], [4484.25, 15437.0], [4484.0, 36573.0], [4483.75, 1500.0], [4483.5, 530.0], [4482.0, 519.0], [4481.5, 2139.0], [4481.25, 5400.0], [4481.0, 4809.0], [4480.75, 14281.0], [4480.5, 525.0], [4479.25, 7535.0], [4479.0, 25115.0], [4478.75, 535.0], [4477.25, 395.0], [4477.0, 9096.0], [4476.75, 25949.0], [4476.5, 27159.0]], "asks": [[4485.25, 9507.0], [4485.5, 37674.0], [4485.75, 19272.0], [4486.0, 5950.0], [4486.25, 3150.0], [4486.5, 9988.0], [4486.75, 15116.0], [4487.0, 208.0], [4487.25, 534.0], [4488.5, 209.0], [4488.75, 535.0], [4489.5, 1781.0], [4489.75, 10029.0], [4490.0, 22565.0], [4490.25, 25539.0], [4493.25, 524.0], [4494.5, 6278.0], [4494.75, 20928.0], [4496.0, 7796.0], [4496.25, 25987.0]]}}}
{"jsonrpc": "2.0", "method": "subscription", "params": {"channel": "book.ETH-19SEP25.none.20.100ms", "data": {"timestamp": 1758104550304, "change_id": 86851766879, "instrument_name": "ETH-19SEP25", "bids": [[4485.0, 12193.0], [4484.75, 7573.0], [4484.5, 8150.0], [4484.25, 15437.0], [4484.0, 36572.0], [4483.75, 1500.0], [4483.5, 530.0], [4482.0, 519.0], [4481.5, 2139.0], [4481.25, 5400.0], [4481.0, 4809.0], [4480.75, 14281.0], [4480.5, 525.0], [4479.75, 7535.0], [4479.5, 25115.0], [4478.75, 535.0], [4477.25, 395.0], [4477.0, 9096.0], [4476.75, 25949.0], [4476.5, 27159.0]], "asks": [[4485.25, 9507.0], [4485.5, 37674.0], [4485.75, 19272.0], [4486.0, 5950.0], [4486.25, 3150.0], [4486.5, 9988.0], [4486.75, 15116.0], [4487.0, 208.0], [4487.25, 534.0], [4488.5, 209.0], [4488.75, 535.0], [4489.5, 1781.0], [4489.75, 10029.0], [4490.0, 22565.0], [4490.25, 25539.0], [4493.25, 524.0], [4494.5, 6278.0], [4494.75, 20928.0], [4496.0, 7796.0], [4496.25, 25987.0]]}}}
{"jsonrpc": "2.0", "method": "subscription", "params": {"channel": "book.ETH-19SEP25.none.20.100ms", "data": {"timestamp": 1758104550420, "change_id": 86851766970, "instrument_name": "ETH-19SEP25", "bids": [[4485.0, 12193.0], [4484.75, 8299.0], [4484.5, 11244.0], [4484.25, 15437.0], [4484.0, 36572.0], [4483.75, 1500.0], [4483.5, 530.0], [4482.0, 519.0], [4481.5, 2139.0], [4481.25, 5400.0], [4481.0, 4809.0], [4480.75, 14281.0], [4480.5, 525.0], [4479.75, 7535.0], [4479.5, 25115.0], [4478.75, 535.0], [4477.25, 395.0], [4477.0, 9096.0], [4476.75, 25949.0], [4476.5, 27159.0]], "asks": [[4485.25, 9507.0], [4485.5, 37674.0], [4485.75, 19272.0], [4486.0, 5950.0], [4486.25, 3150.0], [4486.5, 9988.0], [4486.75, 15116.0], [4487.0, 208.0], [4487.25, 534.0], [4488.5, 209.0], [4488.75, 535.0], [4489.5, 1781.0], [4489.75, 10029.0], [4490.0, 22565.0], [4490.25, 25539.0], [4493.25, 524.0], [4494.5, 6278.0], [4494.75, 20928.0], [4496.0, 7796.0], [4496.25, 25987.0]]}}}
{"jsonrpc": "2.0", "method": "subscription", "params": {"channel": "book.ETH-19SEP25.none.20.100ms", "data": {"timestamp": 1758104550831, "change_id": 86851767397, "instrument_name": "ETH-19SEP25", "bids": [[4485.0, 12193.0], [4484.75, 10667.0], [4484.5, 8150.0], [4484.25, 15437.0], [4484.0, 36572.0], [4483.75, 1500.0], [4483.5, 530.0], [4482.0, 519.0], [4481.5, 2139.0], [4481.25, 5400.0], [4481.0, 4809.0], [4480.75, 14281.0], [4480.5, 525.0], [4479.75, 7535.0], [4479.5, 25115.0], [4478.75, 535.0], [4477.25, 395.0], [4477.0, 9096.0], [4476.75, 25949.0], [4476.5, 27159.0]], "asks": [[4485.25, 12601.0], [4485.5, 34580.0], [4485.75, 19272.0], [4486.0, 5950.0], [4486.25, 3150.0], [4486.5, 9988.0], [4486.75, 15116.0], [4487.0, 208.0], [4487.25, 534.0], [4488.5, 209.0], [4488.75, 535.0], [4489.5, 1781.0], [4489.75, 10029.0], [4490.0, 22565.0], [4490.25, 25539.0], [4493.25, 524.0], [4494.5, 6278.0], [4494.75, 20928.0], [4496.0, 7796.0], [4496.25, 25987.0]]}}}
{"jsonrpc": "2.0", "method": "subscription", "params": {"channel": "book.ETH-19SEP25.none.20.100ms", "data": {"timestamp": 1758104551328, "change_id": 86851768141, "instrument_name": "ETH-19SEP25", "bids": [[4485.0, 6693.0], [4484.75, 2073.0], [4484.5, 8150.0], [4484.25, 12700.0], [4484.0, 24450.0], [4483.75, 1500.0], [4482.0, 519.0], [4481.5, 2139.0], [4481.25, 5400.0], [4481.0, 525.0], [4480.5, 525.0], [4480.0, 14466.0], [4479.75, 7535.0], [4479.5, 25115.0], [4478.75, 535.0], [4477.25, 395.0], [4477.0, 9096.0], [4476.75, 25949.0], [4476.5, 27159.0], [4476.25, 90530.0]], "asks": [[4485.25, 12601.0], [4485.5, 34580.0], [4485.75, 19272.0], [4486.0, 5950.0], [4486.25, 3150.0], [4486.5, 9988.0], [4486.75, 15116.0], [4487.0, 208.0], [4487.25, 534.0], [4488.5, 209.0], [4488.75, 535.0], [4489.5, 1781.0], [4489.75, 10029.0], [4490.0, 22565.0], [4490.25, 25539.0], [4493.25, 524.0], [4494.5, 6278.0], [4494.75, 20928.0], [4496.0, 7796.0], [4496.25, 25987.0]]}}}
{"jsonrpc": "2.0", "method": "subscription", "params": {"channel": "book.ETH-19SEP25.none.20.100ms", "data": {"timestamp": 1758104551650, "change_id": 86851769709, "instrument_name": "ETH-19SEP25", "bids": [[4485.0, 110.0], [4484.75, 160.0], [4484.25, 928.0], [4484.0, 3094.0], [4483.5, 31318.0], [4483.25, 300.0], [4483.0, 2500.0], [4482.0, 519.0], [4481.75, 4319.0], [4481.5, 16016.0], [4481.25, 5400.0], [4481.0, 525.0], [4480.5, 525.0], [4480.0, 525.0], [4479.75, 7535.0], [4479.5, 25115.0], [4478.75, 535.0], [4477.25, 395.0], [4477.0, 9096.0], [4476.75, 25949.0]], "asks": [[4485.25, 24722.0], [4485.5, 31150.0], [4485.75, 8650.0], [4486.0, 5500.0], [4486.25, 2175.0], [4486.5, 9988.0], [4486.75, 15116.0], [4487.0, 208.0], [4487.25, 534.0], [4488.5, 209.0], [4488.75, 535.0], [4489.5, 1781.0], [4489.75, 10029.0], [4490.0, 22565.0], [4490.25, 25539.0], [4493.25, 524.0], [4494.5, 6278.0], [4494.75, 20928.0], [4496.0, 7796.0], [4496.25, 25987.0]]}}}
{"jsonrpc": "2.0", "method": "subscription", "params": {"channel": "book.ETH-19SEP25.none.20.100ms", "data": {"timestamp": 1758104551917, "change_id": 86851770041, "instrument_name": "ETH-19SEP25", "bids": [[4485.0, 110.0], [4484.75, 160.0], [4484.0, 1650.0], [4483.75, 5500.0], [4483.5, 32818.0], [4483.25, 300.0], [4483.0, 1000.0], [4482.0, 519.0], [4481.75, 4319.0], [4481.5, 16016.0], [4481.25, 5400.0], [4481.0, 525.0], [4480.5, 525.0], [4480.0, 525.0], [4479.75, 7535.0], [4479.5, 25115.0], [4478.75, 535.0], [4477.25, 395.0], [4477.0, 9096.0], [4476.75, 25949.0]], "asks": [[4485.25, 24722.0], [4485.5, 31150.0], [4485.75, 17729.0], [4486.0, 36658.0], [4486.25, 685.0], [4486.5, 4488.0], [4486.75, 14956.0], [4487.0, 208.0], [4487.25, 534.0], [4488.5, 209.0], [4488.75, 535.0], [4489.5, 1781.0], [4489.75, 10029.0], [4490.0, 22565.0], [4490.25, 25539.0], [4493.25, 524.0], [4494.5, 6278.0], [4494.75, 20928.0], [4496.0, 7796.0], [4496.25, 25987.0]]}}}
{"jsonrpc": "2.0", "method": "subscription", "params": {"channel": "book.ETH-19SEP25.none.20.100ms", "data": {"timestamp": 1758104552289, "change_id": 86851770710, "instrument_name": "ETH-19SEP25", "bids": [[4485.0, 110.0], [4484.75, 160.0], [4484.0, 8644.0], [4483.75, 29500.0], [4483.5, 8818.0], [4483.25, 300.0], [4483.0, 1000.0], [4482.0, 519.0], [4481.75, 4319.0], [4481.5, 16016.0], [4481.25, 5400.0], [4481.0, 525.0], [4480.5, 525.0], [4480.0, 525.0], [4479.75, 7535.0], [4479.5, 25115.0], [4478.75, 535.0], [4477.25, 395.0], [4477.0, 9096.0], [4476.75, 25949.0]], "asks": [[4485.25, 24722.0], [4485.5, 31150.0], [4485.75, 17729.0], [4486.0, 36658.0], [4486.25, 685.0], [4486.5, 4488.0], [4486.75, 14956.0], [4487.0, 208.0], [4487.25, 534.0], [4488.5, 209.0], [4488.75, 535.0], [4489.5, 1781.0], [4489.75, 10029.0], [4490.0, 22565.0], [4490.25, 25539.0], [4493.25, 524.0], [4494.5, 6278.0], [4494.75, 20928.0], [4496.0, 7796.0], [4496.25, 25987.0]]}}}
{"jsonrpc": "2.0", "method": "subscription", "params": {"channel": "book.ETH-19SEP25.none.20.100ms", "data": {"timestamp": 1758104552417, "change_id": 86851770866, "instrument_name": "ETH-19SEP25", "bids": [[4485.0, 110.0], [4484.75, 160.0], [4484.5, 928.0], [4484.25, 3094.0], [4484.0, 8644.0], [4483.75, 29500.0], [4483.5, 8818.0], [4483.25, 300.0], [4483.0, 1000.0], [4482.0, 519.0], [4481.75, 4319.0], [4481.5, 16016.0], [4481.25, 5400.0], [4481.0, 525.0], [4480.5, 525.0], [4480.0, 525.0], [4479.75, 7535.0], [4479.5, 25115.0], [4478.75, 535.0], [4477.25, 395.0]], "asks": [[4485.25, 24722.0], [4485.5, 31150.0], [4485.75, 17729.0], [4486.0, 36658.0], [4486.25, 685.0], [4486.5, 4488.0], [4486.75, 14956.0], [4487.0, 208.0], [4487.25, 534.0], [4488.5, 209.0], [4488.75, 535.0], [4489.5, 1781.0], [4489.75, 10029.0], [4490.0, 22565.0], [4490.25, 25539.0], [4493.25, 524.0], [4494.5, 6278.0], [4494.75, 20928.0], [4496.0, 7796.0], [4496.25, 25987.0]]}}}
{"jsonrpc": "2.0", "method": "subscription", "params": {"channel": "book.ETH-19SEP25.none.20.100ms", "data": {"timestamp": 1758104552984, "change_id": 86851771830, "instrument_name": "ETH-19SEP25", "bids": [[4485.0, 110.0], [4484.75, 4904.0], [4484.5, 7034.0], [4484.25, 12700.0], [4484.0, 25650.0], [4483.75, 5500.0], [4483.5, 8818.0], [4483.25, 300.0], [4483.0, 1000.0], [4482.0, 519.0], [4481.75, 4319.0], [4481.5, 16016.0], [4481.25, 5400.0], [4481.0, 525.0], [4480.5, 525.0], [4480.0, 525.0], [4479.75, 7535.0], [4479.5, 25115.0], [4478.75, 535.0], [4477.25, 395.0]], "asks": [[4485.25, 21629.0], [4485.5, 31150.0], [4485.75, 7150.0], [4486.0, 5706.0], [4486.25, 525.0], [4486.5, 4488.0], [4486.75, 14956.0], [4487.0, 368.0], [4487.25, 534.0], [4488.5, 209.0], [4488.75, 535.0], [4489.5, 1781.0], [4489.75, 10029.0], [4490.0, 22565.0], [4490.25, 25539.0], [4493.25, 524.0], [4494.5, 6278.0], [4494.75, 20928.0], [4496.0, 7796.0], [4496.25, 25987.0]]}}}
{"jsonrpc": "2.0", "method": "subscription", "params": {"channel": "book.ETH-19SEP25.none.20.100ms", "data": {"timestamp": 1758104553316, "change_id": 86851772513, "instrument_name": "ETH-19SEP25", "bids": [[4485.0, 110.0], [4484.75, 4904.0], [4484.5, 7034.0], [4484.25, 12700.0], [4484.0, 27150.0], [4483.75, 7695.0], [4483.5, 7318.0], [4483.25, 300.0], [4483.0, 1000.0], [4482.0, 519.0], [4481.75, 4319.0], [4481.5, 16016.0], [4481.25, 5400.0], [4481.0, 525.0], [4480.5, 525.0], [4480.0, 525.0], [4479.75, 7535.0], [4479.5, 25115.0], [4478.75, 535.0], [4477.25, 395.0]], "asks": [[4485.25, 12601.0], [4485.5, 43272.0], [4485.75, 7150.0], [4486.0, 5500.0], [4486.25, 450.0], [4486.5, 5988.0], [4486.75, 14956.0], [4487.0, 368.0], [4487.25, 534.0], [4488.5, 209.0], [4488.75, 535.0], [4489.5, 1781.0], [4489.75, 10029.0], [4490.0, 22565.0], [4490.25, 25539.0], [4493.25, 524.0], [4494.5, 6278.0], [4494.75, 20928.0], [4496.0, 7796.0], [4496.25, 25987.0]]}}}
{"jsonrpc": "2.0", "method": "subscription", "params": {"channel": "book.ETH-19SEP25.none.20.100ms", "data": {"timestamp": 1758104553570, "change_id": 86851772860, "instrument_name": "ETH-19SEP25", "bids": [[4485.0, 110.0], [4484.75, 2532.0], [4484.5, 10128.0], [4484.25, 12700.0], [4484.0, 27150.0], [4483.75, 7695.0], [4483.5, 7318.0], [4483.25, 300.0], [4483.0, 1000.0], [4482.0, 519.0], [4481.75, 4319.0], [4481.5, 16016.0], [4481.25, 5400.0], [4481.0, 525.0], [4480.5, 525.0], [4480.0, 525.0], [4479.75, 7535.0], [4479.5, 25115.0], [4478.75, 535.0], [4477.25, 395.0]], "asks": [[4485.25, 12601.0], [4485.5, 43273.0], [4485.75, 7150.0], [4486.0, 5500.0], [4486.25, 450.0], [4486.5, 5988.0], [4486.75, 14956.0], [4487.0, 368.0], [4487.25, 534.0], [4488.5, 209.0], [4488.75, 535.0], [4489.5, 1781.0], [4489.75, 10029.0], [4490.0, 22565.0], [4490.25, 25539.0], [4493.25, 524.0], [4494.5, 6278.0], [4494.75, 20928.0], [4496.0, 7796.0], [4496.25, 25987.0]]}}}
{"jsonrpc": "2.0", "method": "subscription", "params": {"channel": "book.ETH-19SEP25.none.20.100ms", "data": {"timestamp": 1758104553894, "change_id": 86851773362, "instrument_name": "ETH-19SEP25", "bids": [[4485.0, 5610.0], [4484.75, 2532.0], [4484.5, 10128.0], [4484.25, 12700.0], [4484.0, 27150.0], [4483.75, 7695.0], [4483.5, 7318.0], [4483.25, 300.0], [4483.0, 1000.0], [4482.0, 519.0], [4481.75, 4319.0], [4481.5, 16016.0], [4481.25, 5400.0], [4481.0, 525.0], [4480.5, 525.0], [4480.0, 525.0], [4479.75, 7535.0], [4479.5, 25115.0], [4478.75, 535.0], [4477.25, 395.0]], "asks": [[4485.25, 12601.0], [4485.5, 41623.0], [4485.75, 9545.0], [4486.0, 37953.0], [4486.5, 4488.0], [4486.75, 14956.0], [4487.0, 368.0], [4487.25, 534.0], [4488.5, 209.0], [4488.75, 2155.0], [4489.0, 5400.0], [4489.25, 519.0], [4489.75, 4629.0], [4490.0, 22565.0], [4490.25, 25539.0], [4493.25, 524.0], [4494.5, 6278.0], [4494.75, 20928.0], [4496.0, 7796.0], [4496.25, 25987.0]]}}}
{"jsonrpc": "2.0", "method": "subscription", "params": {"channel": "book.ETH-19SEP25.none.20.100ms", "data": {"timestamp": 1758104554150, "change_id": 86851773678, "instrument_name": "ETH-19SEP25", "bids": [[4485.0, 5610.0], [4484.75, 2532.0], [4484.5, 10128.0], [4484.25, 12700.0], [4484.0, 27150.0], [4483.75, 7695.0], [4483.5, 7318.0], [4483.25, 300.0], [4483.0, 1000.0], [4482.0, 519.0], [4481.75, 4319.0], [4481.5, 16016.0], [4481.25, 5400.0], [4480.5, 525.0], [4480.0, 525.0], [4479.75, 7535.0], [4479.5, 25115.0], [4478.75, 535.0], [4477.25, 395.0], [4477.0, 9096.0]], "asks": [[4485.25, 12601.0], [4485.5, 41623.0], [4485.75, 9545.0], [4486.0, 37953.0], [4486.5, 4488.0], [4486.75, 14956.0], [4487.0, 368.0], [4487.25, 534.0], [4488.5, 209.0], [4488.75, 2155.0], [4489.0, 5400.0], [4489.25, 519.0], [4489.75, 4629.0], [4490.0, 22565.0], [4490.25, 25539.0], [4493.25, 524.0], [4494.5, 6278.0], [4494.75, 20928.0], [4496.0, 7796.0], [4496.25, 25987.0]]}}}
{"jsonrpc": "2.0", "method": "subscription", "params": {"channel": "book.ETH-19SEP25.none.20.100ms", "data": {"timestamp": 1758104554532, "change_id": 86851774051, "instrument_name": "ETH-19SEP25", "bids": [[4485.0, 5610.0], [4484.75, 1810.0], [4484.5, 7034.0], [4484.25, 12700.0], [4484.0, 27150.0], [4483.75, 7695.0], [4483.5, 7318.0], [4483.25, 300.0], [4483.0, 1000.0], [4482.0, 519.0], [4481.75, 4319.0], [4481.5, 16016.0], [4481.25, 5400.0], [4480.5, 525.0], [4480.0, 525.0], [4479.75, 7535.0], [4479.5, 25115.0], [4478.75, 535.0], [4477.25, 395.0], [4477.0, 9096.0]], "asks": [[4485.25, 12601.0], [4485.5, 41623.0], [4485.75, 9545.0], [4486.0, 37953.0], [4486.5, 4488.0], [4486.75, 14956.0], [4487.0, 368.0], [4487.25, 534.0], [4488.5, 209.0], [4488.75, 2155.0], [4489.0, 5400.0], [4489.25, 519.0], [4489.75, 4629.0], [4490.0, 22565.0], [4490.25, 25539.0], [4493.25, 524.0], [4494.5, 6278.0], [4494.75, 20928.0], [4496.0, 7796.0], [4496.25, 25987.0]]}}}
{"jsonrpc": "2.0", "method": "subscription", "params": {"channel": "book.ETH-19SEP25.none.20.100ms", "data": {"timestamp": 1758104554677, "change_id": 86851774381, "instrument_name": "ETH-19SEP25", "bids": [[4485.0, 5610.0], [4484.75, 2532.0], [4484.5, 10128.0], [4484.25, 12700.0], [4484.0, 27150.0], [4483.75, 7695.0], [4483.5, 7318.0], [4483.25, 300.0], [4483.0, 1000.0], [4482.0, 519.0], [4481.75, 4319.0], [4481.5, 16016.0], [4481.25, 5400.0], [4480.5, 525.0], [4480.0, 525.0], [4479.75, 7535.0], [4479.5, 25115.0], [4478.75, 535.0], [4477.25, 395.0], [4477.0, 9096.0]], "asks": [[4485.25, 12601.0], [4485.5, 41623.0], [4485.75, 9545.0], [4486.0, 32453.0], [4486.5, 4488.0], [4486.75, 14956.0], [4487.0, 368.0], [4487.25, 534.0], [4488.5, 209.0], [4488.75, 2155.0], [4489.0, 5400.0], [4489.25, 519.0], [4489.75, 4629.0], [4490.0, 22565.0], [4490.25, 25539.0], [4493.25, 524.0], [4494.5, 6278.0], [4494.75, 20928.0], [4496.0, 7796.0], [4496.25, 25987.0]]}}}
{"jsonrpc": "2.0", "method": "subscription", "params": {"channel": "book.ETH-19SEP25.none.20.100ms", "data": {"timestamp": 1758104555275, "change_id": 86851775168, "instrument_name": "ETH-19SEP25", "bids": [[4485.0, 110.0], [4484.75, 1810.0], [4484.5, 7886.0], [4484.25, 9044.0], [4484.0, 3150.0], [4483.75, 9137.0], [4483.5, 36123.0], [4483.25, 300.0], [4483.0, 1000.0], [4482.0, 519.0], [4481.5, 2139.0], [4481.25, 5400.0], [4480.5, 525.0], [4480.0, 525.0], [4479.75, 7535.0], [4479.5, 29721.0], [4479.25, 13623.0], [4478.75, 535.0], [4477.25, 395.0], [4477.0, 9096.0]], "asks": [[4485.25, 12601.0], [4485.5, 41623.0], [4485.75, 9545.0], [4486.0, 32453.0], [4486.5, 4488.0], [4486.75, 14956.0], [4487.0, 368.0], [4487.25, 534.0], [4488.5, 209.0], [4488.75, 2155.0], [4489.0, 5400.0], [4489.25, 519.0], [4489.75, 4629.0], [4490.0, 22565.0], [4490.25, 25539.0], [4493.25, 524.0], [4494.5, 6278.0], [4494.75, 20928.0], [4496.0, 7796.0], [4496.25, 25987.0]]}}}
{"jsonrpc": "2.0", "method": "subscription", "params": {"channel": "book.ETH-19SEP25.none.20.100ms", "data": {"timestamp": 1758104555439, "change_id": 86851775359, "instrument_name": "ETH-19SEP25", "bids": [[4485.0, 110.0], [4484.75, 1810.0], [4484.5, 7886.0], [4484.25, 9044.0], [4484.0, 10144.0], [4483.75, 33137.0], [4483.5, 12123.0], [4483.25, 300.0], [4483.0, 1519.0], [4482.5, 13999.0], [4482.0, 519.0], [4481.5, 2139.0], [4481.25, 5400.0], [4480.5, 525.0], [4480.0, 525.0], [4479.75, 7535.0], [4479.5, 25634.0], [4478.75, 535.0], [4477.25, 395.0], [4477.0, 9096.0]], "asks": [[4485.25, 12601.0], [4485.5, 41623.0], [4485.75, 9545.0], [4486.0, 32453.0], [4486.5, 4648.0], [4486.75, 14956.0], [4487.0, 208.0], [4487.25, 534.0], [4488.5, 209.0], [4488.75, 2155.0], [4489.0, 5400.0], [4489.25, 519.0], [4489.75, 4629.0], [4490.0, 22565.0], [4490.25, 25539.0], [4493.25, 524.0], [4494.5, 6278.0], [4494.75, 20928.0], [4496.0, 7796.0], [4496.25, 25987.0]]}}}
{"jsonrpc": "2.0", "method": "subscription", "params": {"channel": "book.ETH-19SEP25.none.20.100ms", "data": {"timestamp": 1758104555863, "change_id": 86851776220, "instrument_name": "ETH-19SEP25", "bids": [[4485.0, 110.0], [4484.75, 1810.0], [4484.5, 7034.0], [4484.25, 7544.0], [4484.0, 17238.0], [4483.75, 29500.0], [4483.5, 12122.0], [4483.25, 1800.0], [4483.0, 1519.0], [4482.0, 4803.0], [4481.75, 14281.0], [4481.5, 2139.0], [4481.25, 5400.0], [4480.5, 525.0], [4480.0, 525.0], [4479.75, 7535.0], [4479.5, 25634.0], [4478.75, 535.0], [4477.25, 395.0], [4477.0, 9096.0]], "asks": [[4485.25, 12601.0], [4485.5, 41623.0], [4485.75, 9545.0], [4486.0, 32453.0], [4486.5, 4648.0], [4486.75, 14956.0], [4487.0, 208.0], [4487.25, 534.0], [4488.5, 209.0], [4488.75, 2155.0], [4489.0, 5400.0], [4489.25, 519.0], [4489.75, 4629.0], [4490.0, 22565.0], [4490.25, 25539.0], [4493.25, 524.0], [4494.5, 6278.0], [4494.75, 20928.0], [4496.0, 7796.0], [4496.25, 25987.0]]}}}
{"jsonrpc": "2.0", "method": "subscription", "params": {"channel": "book.ETH-19SEP25.none.20.100ms", "data": {"timestamp": 1758104556205, "change_id": 86851776661, "instrument_name": "ETH-19SEP25", "bids": [[4485.0, 110.0], [4484.75, 1810.0], [4484.5, 7886.0], [4484.25, 10638.0], [4484.0, 14144.0], [4483.75, 29500.0], [4483.5, 12122.0], [4483.25, 1800.0], [4483.0, 1519.0], [4482.0, 4803.0], [4481.75, 14281.0], [4481.5, 2139.0], [4481.25, 5400.0], [4480.5, 525.0], [4480.0, 525.0], [4479.75, 7535.0], [4479.5, 25634.0], [4478.75, 535.0], [4477.25, 395.0], [4477.0, 9096.0]], "asks": [[4485.25, 12601.0], [4485.5, 41623.0], [4485.75, 9545.0], [4486.0, 32453.0], [4486.5, 4648.0], [4486.75, 14956.0], [4487.0, 208.0], [4487.25, 534.0], [4488.5, 209.0], [4488.75, 2155.0], [4489.0, 5400.0], [4489.25, 519.0], [4489.75, 4629.0], [4490.0, 22565.0], [4490.25, 25539.0], [4493.25, 524.0], [4494.5, 6278.0], [4494.75, 20928.0], [4496.0, 7796.0], [4496.25, 25987.0]]}}}
{"jsonrpc": "2.0", "method": "subscription", "params": {"channel": "book.ETH-19SEP25.none.20.100ms", "data": {"timestamp": 1758104556529, "change_id": 86851776935, "instrument_name": "ETH-19SEP25", "bids": [[4485.0, 110.0], [4484.75, 1810.0], [4484.5, 7886.0], [4484.25, 10638.0], [4484.0, 14144.0], [4483.75, 29500.0], [4483.5, 12122.0], [4483.25, 1800.0], [4483.0, 1519.0], [4482.0, 4803.0], [4481.75, 14281.0], [4481.5, 2139.0], [4481.25, 5400.0], [4480.5, 525.0], [4480.0, 525.0], [4479.75, 7535.0], [4479.5, 25634.0], [4478.75, 535.0], [4477.25, 395.0], [4477.0, 9096.0]], "asks": [[4485.25, 12601.0], [4485.5, 29500.0], [4485.75, 9545.0], [4486.0, 32453.0], [4486.5, 4648.0], [4486.75, 14956.0], [4487.0, 208.0], [4487.25, 534.0], [4488.5, 209.0], [4488.75, 2155.0], [4489.0, 5400.0], [4489.25, 519.0], [4489.75, 4629.0], [4490.0, 22565.0], [4490.25, 25539.0], [4493.25, 524.0], [4494.5, 6278.0], [4494.75, 20928.0], [4496.0, 7796.0], [4496.25, 25987.0]]}}}
{"jsonrpc": "2.0", "method": "subscription", "params": {"channel": "book.ETH-19SEP25.none.20.100ms", "data": {"timestamp": 1758104556864, "change_id": 86851777402, "instrument_name": "ETH-19SEP25", "bids": [[4485.0, 110.0], [4484.75, 1810.0], [4484.5, 7886.0], [4484.25, 10638.0], [4484.0, 14144.0], [4483.75, 31000.0], [4483.25, 300.0], [4483.0, 1519.0], [4482.0, 4803.0], [4481.75, 14281.0], [4481.5, 2139.0], [4481.25, 5400.0], [4480.5, 525.0], [4480.0, 525.0], [4479.75, 7535.0], [4479.5, 25634.0], [4478.75, 535.0], [4477.25, 395.0], [4477.0, 9096.0], [4476.75, 25949.0]], "asks": [[4485.25, 24728.0], [4485.5, 29500.0], [4485.75, 9545.0], [4486.0, 32453.0], [4486.5, 4648.0], [4486.75, 14956.0], [4487.0, 208.0], [4487.25, 534.0], [4488.5, 209.0], [4488.75, 2155.0], [4489.0, 5400.0], [4489.25, 519.0], [4489.75, 4629.0], [4490.0, 22565.0], [4490.25, 25539.0], [4493.25, 524.0], [4494.5, 6278.0], [4494.75, 20928.0], [4496.0, 7796.0], [4496.25, 25987.0]]}}}
{"jsonrpc": "2.0", "method": "subscription", "params": {"channel": "book.ETH-19SEP25.none.20.100ms", "data": {"timestamp": 1758104557282, "change_id": 86851778146, "instrument_name": "ETH-19SEP25", "bids": [[4485.0, 110.0], [4484.75, 4904.0], [4484.5, 7034.0], [4484.25, 14095.0], [4484.0, 31150.0], [4483.75, 10638.0], [4483.5, 12126.0], [4483.25, 300.0], [4483.0, 1519.0], [4482.0, 4803.0], [4481.75, 14281.0], [4481.5, 2139.0], [4481.25, 5400.0], [4480.0, 525.0], [4479.75, 7535.0], [4479.5, 25634.0], [4478.75, 535.0], [4477.25, 395.0], [4477.0, 9096.0], [4476.75, 25949.0]], "asks": [[4485.25, 12601.0], [4485.5, 29500.0], [4486.5, 4488.0], [4486.75, 14956.0], [4487.0, 208.0], [4487.25, 694.0], [4488.5, 209.0], [4488.75, 2155.0], [4489.0, 5400.0], [4489.25, 519.0], [4489.75, 4629.0], [4490.0, 22565.0], [4490.25, 25539.0], [4493.25, 524.0], [4494.5, 6278.0], [4494.75, 20928.0], [4496.0, 7796.0], [4496.25, 25987.0], [4496.75, 12000.0], [4497.75, 530.0]]}}}
{"jsonrpc": "2.0", "method": "subscription", "params": {"channel": "book.ETH-19SEP25.none.20.100ms", "data": {"timestamp": 1758104557309, "change_id": 86851778176, "instrument_name": "ETH-19SEP25", "bids": [[4485.0, 110.0], [4484.75, 4904.0], [4484.5, 7034.0], [4484.25, 14095.0], [4484.0, 31150.0], [4483.75, 10638.0], [4483.5, 12126.0], [4483.25, 300.0], [4483.0, 1519.0], [4482.0, 4803.0], [4481.75, 14281.0], [4481.5, 2139.0], [4481.25, 5400.0], [4480.0, 525.0], [4479.75, 7535.0], [4479.5, 25634.0], [4478.75, 535.0], [4477.25, 395.0], [4477.0, 9096.0], [4476.75, 25949.0]], "asks": [[4485.25, 24727.0], [4485.5, 29500.0], [4486.25, 450.0], [4486.5, 5988.0], [4486.75, 14956.0], [4487.0, 208.0], [4487.25, 694.0], [4488.5, 209.0], [4488.75, 2155.0], [4489.0, 5400.0], [4489.25, 519.0], [4489.75, 4629.0], [4490.0, 22565.0], [4490.25, 25539.0], [4493.25, 524.0], [4494.5, 6278.0], [4494.75, 20928.0], [4496.0, 7796.0], [4496.25, 25987.0], [4496.75, 12000.0]]}}}
{"jsonrpc": "2.0", "method": "subscription", "params": {"channel": "book.ETH-19SEP25.none.20.100ms", "data": {"timestamp": 1758104557917, "change_id": 86851778902, "instrument_name": "ETH-19SEP25", "bids": [[4485.0, 5610.0], [4484.75, 4904.0], [4484.5, 7034.0], [4484.25, 15595.0], [4484.0, 31150.0], [4483.75, 9138.0], [4483.5, 12126.0], [4483.25, 300.0], [4483.0, 1519.0], [4482.0, 4803.0], [4481.75, 14281.0], [4481.5, 2139.0], [4481.25, 5400.0], [4480.0, 525.0], [4479.75, 7535.0], [4479.5, 25634.0], [4478.75, 535.0], [4477.25, 395.0], [4477.0, 9096.0], [4476.75, 25949.0]], "asks": [[4485.25, 9507.0], [4485.5, 39221.0], [4486.25, 450.0], [4486.5, 5988.0], [4486.75, 14956.0], [4487.0, 208.0], [4487.25, 694.0], [4488.5, 209.0], [4488.75, 2155.0], [4489.0, 5400.0], [4489.25, 519.0], [4489.75, 535.0], [4490.0, 8919.0], [4490.25, 25539.0], [4491.25, 4171.0], [4491.5, 13903.0], [4493.25, 524.0], [4494.5, 6278.0], [4494.75, 20928.0], [4496.0, 7796.0]]}}}
{"jsonrpc": "2.0", "method": "subscription", "params": {"channel": "book.ETH-19SEP25.none.20.100ms", "data": {"timestamp": 1758104558267, "change_id": 86851779427, "instrument_name": "ETH-19SEP25", "bids": [[4485.0, 5610.0], [4484.75, 1810.0], [4484.5, 7034.0], [4484.25, 14095.0], [4484.0, 31150.0], [4483.75, 9138.0], [4483.5, 13626.0], [4483.25, 300.0], [4483.0, 1519.0], [4482.0, 519.0], [4481.5, 6005.0], [4481.25, 18963.0], [4480.0, 525.0], [4479.75, 7535.0], [4479.5, 25634.0], [4478.75, 535.0], [4477.25, 395.0], [4477.0, 9096.0], [4476.75, 25949.0], [4476.5, 27159.0]], "asks": [[4485.25, 12601.0], [4485.5, 36127.0], [4486.25, 450.0], [4486.5, 5988.0], [4486.75, 14956.0], [4487.0, 208.0], [4487.25, 694.0], [4488.5, 209.0], [4488.75, 6258.0], [4489.0, 19752.0], [4489.25, 519.0], [4489.75, 535.0], [4490.0, 8919.0], [4490.25, 25539.0], [4493.25, 524.0], [4494.5, 6278.0], [4494.75, 20928.0], [4496.0, 7796.0], [4496.25, 25987.0], [4496.75, 12000.0]]}}}
{"jsonrpc": "2.0", "method": "subscription", "params": {"channel": "book.ETH-19SEP25.none.20.100ms", "data": {"timestamp": 1758104558611, "change_id": 86851779876, "instrument_name": "ETH-19SEP25", "bids": [[4485.0, 110.0], [4484.75, 1810.0], [4484.5, 7886.0], [4484.25, 17189.0], [4484.0, 31150.0], [4483.75, 5500.0], [4483.5, 1500.0], [4483.25, 300.0], [4483.0, 1519.0], [4482.0, 519.0], [4481.5, 6005.0], [4481.25, 18963.0], [4480.0, 525.0], [4479.75, 7535.0], [4479.5, 25634.0], [4478.75, 535.0], [4477.25, 395.0], [4477.0, 9096.0], [4476.75, 25949.0], [4476.5, 27159.0]], "asks": [[4485.25, 12601.0], [4485.5, 24000.0], [4485.75, 9286.0], [4486.0, 32453.0], [4486.5, 4488.0], [4486.75, 15116.0], [4487.0, 208.0], [4487.25, 534.0], [4488.5, 209.0], [4488.75, 6258.0], [4489.0, 19752.0], [4489.25, 519.0], [4489.75, 535.0], [4490.0, 8919.0], [4490.25, 25539.0], [4493.25, 524.0], [4494.5, 6278.0], [4494.75, 20928.0], [4496.0, 7796.0], [4496.25, 25987.0]]}}}
{"jsonrpc": "2.0", "method": "subscription", "params": {"channel": "book.ETH-19SEP25.none.20.100ms", "data": {"timestamp": 1758104558933, "change_id": 86851780352, "instrument_name": "ETH-19SEP25", "bids": [[4485.0, 110.0], [4484.75, 2532.0], [4484.5, 10128.0], [4484.25, 14095.0], [4484.0, 25650.0], [4483.75, 9588.0], [4483.5, 13626.0], [4483.25, 300.0], [4483.0, 1519.0], [4482.0, 519.0], [4481.5, 2139.0], [4481.25, 5400.0], [4481.0, 519.0], [4480.75, 14196.0], [4480.0, 525.0], [4479.75, 7535.0], [4479.5, 25634.0], [4478.75, 535.0], [4477.25, 395.0], [4477.0, 9096.0]], "asks": [[4485.25, 7101.0], [4485.5, 36126.0], [4485.75, 9286.0], [4486.0, 32453.0], [4486.5, 4488.0], [4486.75, 15116.0], [4487.0, 208.0], [4487.25, 534.0], [4488.5, 209.0], [4488.75, 6258.0], [4489.0, 19752.0], [4489.25, 519.0], [4489.75, 535.0], [4490.0, 7299.0], [4490.25, 25539.0], [4493.25, 524.0], [4494.5, 6278.0], [4494.75, 20928.0], [4496.0, 7796.0], [4496.25, 25987.0]]}}}
{"jsonrpc": "2.0", "method": "subscription", "params": {"channel": "book.ETH-19SEP25.none.20.100ms", "data": {"timestamp": 1758104559171, "change_id": 86851780808, "instrument_name": "ETH-19SEP25", "bids": [[4485.0, 110.0], [4484.75, 4904.0], [4484.5, 7034.0], [4484.25, 14095.0], [4484.0, 27150.0], [4483.75, 9588.0], [4483.5, 12126.0], [4483.25, 300.0], [4483.0, 1519.0], [4482.0, 519.0], [4481.5, 2139.0], [4481.25, 5400.0], [4481.0, 519.0], [4480.75, 14196.0], [4480.0, 525.0], [4479.75, 7535.0], [4479.5, 25634.0], [4478.75, 535.0], [4477.25, 395.0], [4477.0, 9096.0]], "asks": [[4485.25, 4007.0], [4485.5, 39220.0], [4485.75, 9286.0], [4486.0, 32453.0], [4486.5, 4488.0], [4486.75, 15116.0], [4487.0, 208.0], [4487.25, 534.0], [4488.5, 209.0], [4488.75, 6258.0], [4489.0, 19752.0], [4489.25, 519.0], [4489.75, 535.0], [4490.0, 7299.0], [4490.25, 25539.0], [4493.25, 524.0], [4494.5, 6278.0], [4494.75, 20928.0], [4496.0, 7796.0], [4496.25, 25987.0]]}}}
{"jsonrpc": "2.0", "method": "subscription", "params": {"channel": "book.ETH-19SEP25.none.20.100ms", "data": {"timestamp": 1758104559551, "change_id": 86851781128, "instrument_name": "ETH-19SEP25", "bids": [[4485.0, 110.0], [4484.75, 4904.0], [4484.5, 7034.0], [4484.25, 14095.0], [4484.0, 27150.0], [4483.75, 9588.0], [4483.5, 12126.0], [4483.25, 300.0], [4483.0, 1519.0], [4482.0, 519.0], [4481.5, 2139.0], [4481.25, 5400.0], [4481.0, 519.0], [4480.75, 14196.0], [4480.5, 519.0], [4480.0, 25640.0], [4479.5, 519.0], [4478.75, 535.0], [4477.25, 395.0], [4477.0, 9096.0]], "asks": [[4485.25, 3094.0], [4485.5, 36125.0], [4485.75, 450.0], [4486.0, 1500.0], [4486.5, 4488.0], [4486.75, 15116.0], [4487.0, 208.0], [4487.25, 534.0], [4488.5, 209.0], [4488.75, 6258.0], [4489.0, 19752.0], [4489.25, 519.0], [4489.75, 535.0], [4490.0, 7299.0], [4490.25, 25539.0], [4493.25, 524.0], [4494.5, 6278.0], [4494.75, 20928.0], [4496.0, 7796.0], [4496.25, 25987.0]]}}}
{"jsonrpc": "2.0", "method": "subscription", "params": {"channel": "book.ETH-19SEP25.none.20.100ms", "data": {"timestamp": 1758104559889, "change_id": 86851781545, "instrument_name": "ETH-19SEP25", "bids": [[4485.0, 5610.0], [4484.75, 4904.0], [4484.5, 7034.0], [4484.25, 14095.0], [4484.0, 27150.0], [4483.75, 9588.0], [4483.5, 12126.0], [4483.25, 300.0], [4483.0, 1519.0], [4482.0, 519.0], [4481.5, 2139.0], [4481.25, 5400.0], [4481.0, 519.0], [4480.75, 14196.0], [4480.5, 519.0], [4480.0, 25640.0], [4479.5, 519.0], [4478.75, 535.0], [4477.25, 395.0], [4477.0, 9096.0]], "asks": [[4485.25, 11744.0], [4485.5, 36125.0], [4485.75, 450.0], [4486.0, 10786.0], [4486.25, 30954.0], [4486.5, 4488.0], [4486.75, 15116.0], [4487.0, 208.0], [4487.25, 534.0], [4488.5, 209.0], [4488.75, 6258.0], [4489.0, 19752.0], [4489.25, 519.0], [4489.75, 535.0], [4490.0, 7299.0], [4490.25, 25539.0], [4493.25, 524.0], [4494.5, 6278.0], [4494.75, 20928.0], [4496.0, 7796.0]]}}}
{"jsonrpc": "2.0", "method": "subscription", "params": {"channel": "book.ETH-19SEP25.none.20.100ms", "data": {"timestamp": 1758104560235, "change_id": 86851781944, "instrument_name": "ETH-19SEP25", "bids": [[4485.0, 5610.0], [4484.75, 4904.0], [4484.5, 7034.0], [4484.25, 14095.0], [4484.0, 27150.0], [4483.75, 9588.0], [4483.5, 12126.0], [4483.25, 300.0], [4483.0, 1519.0], [4482.0, 519.0], [4481.5, 2139.0], [4481.25, 5400.0], [4481.0, 519.0], [4480.75, 14196.0], [4480.5, 519.0], [4480.25, 7692.0], [4480.0, 25640.0], [4478.75, 535.0], [4477.25, 395.0], [4477.0, 9096.0]], "asks": [[4485.25, 8650.0], [4485.5, 39219.0], [4485.75, 450.0], [4486.0, 10786.0], [4486.25, 30954.0], [4486.5, 4488.0], [4486.75, 15116.0], [4487.0, 208.0], [4487.25, 534.0], [4488.5, 209.0], [4488.75, 6258.0], [4489.0, 19752.0], [4489.75, 535.0], [4490.0, 7299.0], [4490.25, 25539.0], [4493.25, 524.0], [4494.5, 6278.0], [4494.75, 20928.0], [4496.0, 7796.0], [4496.25, 25987.0]]}}}
{"jsonrpc": "2.0", "method": "subscription", "params": {"channel": "book.ETH-19SEP25.none.20.100ms", "data": {"timestamp": 1758104560597, "change_id": 86851782476, "instrument_name": "ETH-19SEP25", "bids": [[4485.0, 8704.0], [4484.75, 1810.0], [4484.5, 14158.0], [4484.25, 29950.0], [4484.0, 3150.0], [4483.75, 9588.0], [4483.5, 12126.0], [4483.25, 300.0], [4483.0, 1519.0], [4482.0, 519.0], [4481.5, 2139.0], [4481.25, 5400.0], [4481.0, 519.0], [4480.75, 14196.0], [4480.5, 519.0], [4480.25, 7692.0], [4480.0, 25640.0], [4478.75, 535.0], [4477.25, 395.0], [4477.0, 9096.0]], "asks": [[4485.25, 3150.0], [4485.5, 27094.0], [4486.5, 4488.0], [4486.75, 14956.0], [4487.0, 208.0], [4487.25, 534.0], [4487.5, 160.0], [4488.5, 209.0], [4488.75, 2155.0], [4489.0, 5400.0], [4489.75, 535.0], [4490.0, 7299.0], [4490.25, 25539.0], [4493.25, 524.0], [4494.5, 6278.0], [4494.75, 20928.0], [4496.0, 7796.0], [4496.25, 25987.0], [4496.75, 12000.0], [4497.75, 530.0]]}}}
{"jsonrpc": "2.0", "method": "subscription", "params": {"channel": "book.ETH-19SEP25.none.20.100ms", "data": {"timestamp": 1758104560926, "change_id": 86851783049, "instrument_name": "ETH-19SEP25", "bids": [[4485.0, 8704.0], [4484.75, 1810.0], [4484.5, 15658.0], [4484.25, 29500.0], [4484.0, 1650.0], [4483.75, 9588.0], [4483.5, 12126.0], [4483.25, 300.0], [4483.0, 1519.0], [4482.0, 519.0], [4481.5, 2139.0], [4481.25, 5400.0], [4481.0, 519.0], [4480.75, 14196.0], [4480.5, 519.0], [4480.25, 7692.0], [4480.0, 25640.0], [4478.75, 535.0], [4477.25, 395.0], [4477.0, 9096.0]], "asks": [[4485.25, 3150.0], [4485.5, 31786.0], [4485.75, 15219.0], [4486.5, 4488.0], [4486.75, 15406.0], [4487.0, 1708.0], [4487.25, 534.0], [4487.5, 160.0], [4488.5, 209.0], [4488.75, 2155.0], [4489.0, 5400.0], [4489.25, 519.0], [4489.75, 535.0], [4490.0, 7299.0], [4490.25, 25539.0], [4493.25, 524.0], [4494.5, 6278.0], [4494.75, 20928.0], [4496.0, 7796.0], [4496.25, 25987.0]]}}}
{"jsonrpc": "2.0", "method": "subscription", "params": {"channel": "book.ETH-19SEP25.none.20.100ms", "data": {"timestamp": 1758104561207, "change_id": 86851783441, "instrument_name": "ETH-19SEP25", "bids": [[4485.25, 5660.0], [4485.0, 8704.0], [4484.75, 1650.0], [4484.5, 15658.0], [4484.25, 29500.0], [4484.0, 1650.0], [4483.75, 10107.0], [4483.5, 12126.0], [4483.25, 300.0], [4483.0, 1519.0], [4482.0, 519.0], [4481.5, 2139.0], [4481.25, 5400.0], [4481.0, 4778.0], [4480.75, 14196.0], [4480.5, 519.0], [4480.25, 7692.0], [4480.0, 25640.0], [4478.75, 535.0], [4477.25, 395.0]], "asks": [[4485.5, 31800.0], [4485.75, 15219.0], [4486.5, 4487.0], [4486.75, 15407.0], [4487.0, 1708.0], [4487.25, 534.0], [4487.5, 160.0], [4488.5, 209.0], [4488.75, 2155.0], [4489.0, 19164.0], [4489.25, 519.0], [4489.75, 535.0], [4490.0, 7299.0], [4490.25, 25539.0], [4493.25, 524.0], [4494.5, 6278.0], [4494.75, 20928.0], [4496.0, 7796.0], [4496.25, 25987.0], [4496.75, 12000.0]]}}}
{"jsonrpc": "2.0", "method": "subscription", "params": {"channel": "book.ETH-19SEP25.none.20.100ms", "data": {"timestamp": 1758104561269, "change_id": 86851783555, "instrument_name": "ETH-19SEP25", "bids": [[4485.25, 5660.0], [4485.0, 8704.0], [4484.75, 9094.0], [4484.5, 32534.0], [4484.25, 6500.0], [4484.0, 1650.0], [4483.75, 10107.0], [4483.5, 12126.0], [4483.0, 519.0], [4482.0, 519.0], [4481.5, 2139.0], [4481.25, 5400.0], [4481.0, 4778.0], [4480.75, 14196.0], [4480.5, 519.0], [4480.25, 7692.0], [4480.0, 25640.0], [4478.75, 535.0], [4477.25, 395.0], [4477.0, 9096.0]], "asks": [[4485.5, 31800.0], [4485.75, 15219.0], [4486.5, 4487.0], [4486.75, 15407.0], [4487.0, 1708.0], [4487.25, 534.0], [4487.5, 160.0], [4488.5, 209.0], [4488.75, 2155.0], [4489.0, 19164.0], [4489.25, 519.0], [4489.75, 535.0], [4490.0, 7299.0], [4490.25, 25539.0], [4493.25, 524.0], [4494.5, 6278.0], [4494.75, 20928.0], [4496.0, 7796.0], [4496.25, 25987.0], [4496.75, 12000.0]]}}}
{"jsonrpc": "2.0", "method": "subscription", "params": {"channel": "book.ETH-19SEP25.none.20.100ms", "data": {"timestamp": 1758104561750, "change_id": 86851784367, "instrument_name": "ETH-19SEP25", "bids": [[4485.25, 5660.0], [4485.0, 10354.0], [4484.75, 14594.0], [4484.5, 32534.0], [4484.25, 6500.0], [4484.0, 1650.0], [4483.75, 10107.0], [4483.5, 12126.0], [4483.0, 4777.0], [4482.75, 14193.0], [4482.0, 519.0], [4481.5, 2139.0], [4481.25, 5400.0], [4481.0, 519.0], [4480.5, 519.0], [4480.25, 25115.0], [4480.0, 525.0], [4478.75, 535.0], [4477.25, 395.0], [4477.0, 9096.0]], "asks": [[4485.5, 31800.0], [4485.75, 6470.0], [4486.0, 12126.0], [4486.5, 4487.0], [4486.75, 15407.0], [4487.0, 1708.0], [4487.25, 534.0], [4487.5, 160.0], [4488.5, 209.0], [4488.75, 2155.0], [4489.0, 5400.0], [4489.25, 519.0], [4489.75, 535.0], [4490.0, 7299.0], [4490.25, 25539.0], [4490.5, 13689.0], [4493.25, 524.0], [4494.5, 6278.0], [4494.75, 20928.0], [4496.0, 7796.0]]}}}
{"jsonrpc": "2.0", "method": "subscription", "params": {"channel": "book.ETH-19SEP25.none.20.100ms", "data": {"timestamp": 1758104562250, "change_id": 86851784958, "instrument_name": "ETH-19SEP25", "bids": [[4485.25, 5660.0], [4485.0, 10354.0], [4484.75, 14594.0], [4484.5, 32534.0], [4484.25, 6500.0], [4484.0, 1650.0], [4483.75, 10107.0], [4483.5, 12126.0], [4483.0, 4777.0], [4482.75, 14193.0], [4482.0, 519.0], [4481.5, 2139.0], [4481.25, 5400.0], [4481.0, 519.0], [4480.5, 8054.0], [4480.25, 25115.0], [4480.0, 525.0], [4478.75, 535.0], [4477.25, 395.0], [4477.0, 9096.0]], "asks": [[4485.5, 31800.0], [4485.75, 6732.0], [4486.0, 12125.0], [4486.25, 5876.0], [4486.5, 36943.0], [4486.75, 14957.0], [4487.0, 208.0], [4487.25, 534.0], [4487.5, 160.0], [4488.5, 209.0], [4488.75, 2155.0], [4489.0, 5400.0], [4489.25, 519.0], [4489.75, 535.0], [4490.0, 7299.0], [4490.25, 29646.0], [4490.5, 13689.0], [4493.25, 524.0], [4494.5, 6278.0], [4494.75, 20928.0]]}}}
{"jsonrpc": "2.0", "method": "subscription", "params": {"channel": "book.ETH-19SEP25.none.20.100ms", "data": {"timestamp": 1758104562864, "change_id": 86851786279, "instrument_name": "ETH-19SEP25", "bids": [[4485.25, 8754.0], [4485.0, 14254.0], [4484.75, 31600.0], [4484.5, 8534.0], [4484.25, 7041.0], [4483.75, 10107.0], [4483.5, 12126.0], [4483.0, 4777.0], [4482.75, 14193.0], [4482.0, 519.0], [4481.5, 2139.0], [4481.25, 5400.0], [4481.0, 519.0], [4480.5, 519.0], [4480.0, 525.0], [4479.75, 25115.0], [4478.75, 535.0], [4477.25, 395.0], [4477.0, 9096.0], [4476.75, 25949.0]], "asks": [[4485.5, 2300.0], [4486.0, 30328.0], [4486.25, 12125.0], [4486.5, 4487.0], [4486.75, 14957.0], [4487.0, 584.0], [4487.25, 2034.0], [4487.5, 160.0], [4488.75, 2155.0], [4489.0, 5400.0], [4489.25, 519.0], [4489.75, 535.0], [4490.0, 7299.0], [4490.25, 25539.0], [4492.0, 4294.0], [4492.25, 14314.0], [4493.25, 524.0], [4494.5, 6278.0], [4494.75, 20928.0], [4496.0, 7796.0]]}}}
{"jsonrpc": "2.0", "method": "subscription", "params": {"channel": "book.ETH-19SEP25.none.20.100ms", "data": {"timestamp": 1758104563155, "change_id": 86851786660, "instrument_name": "ETH-19SEP25", "bids": [[4485.25, 10887.0], [4485.0, 15754.0], [4484.75, 31600.0], [4484.5, 7034.0], [4484.25, 7041.0], [4483.75, 6019.0], [4483.0, 4777.0], [4482.75, 14193.0], [4482.0, 519.0], [4481.5, 2139.0], [4481.25, 5400.0], [4480.5, 519.0], [4480.0, 525.0], [4479.75, 25115.0], [4478.75, 535.0], [4477.25, 395.0], [4477.0, 9096.0], [4476.75, 25949.0], [4476.5, 27159.0], [4476.25, 90530.0]], "asks": [[4485.75, 3212.0], [4486.0, 30328.0], [4486.25, 12125.0], [4486.5, 4487.0], [4486.75, 14957.0], [4487.0, 584.0], [4487.25, 1500.0], [4487.5, 160.0], [4488.75, 2155.0], [4489.0, 5400.0], [4489.25, 541.0], [4489.5, 13917.0], [4489.75, 535.0], [4490.0, 7299.0], [4490.25, 25539.0], [4493.25, 524.0], [4494.5, 6278.0], [4494.75, 20928.0], [4496.0, 7796.0], [4496.25, 25987.0]]}}}
{"jsonrpc": "2.0", "method": "subscription", "params": {"channel": "book.ETH-19SEP25.none.20.100ms", "data": {"timestamp": 1758104563577, "change_id": 86851787247, "instrument_name": "ETH-19SEP25", "bids": [[4485.25, 10887.0], [4485.0, 15754.0], [4484.75, 34525.0], [4484.5, 19159.0], [4484.25, 7041.0], [4484.0, 1806.0], [4483.75, 519.0], [4483.0, 4777.0], [4482.75, 14193.0], [4482.0, 519.0], [4481.5, 2139.0], [4481.25, 5400.0], [4480.5, 519.0], [4480.0, 8060.0], [4479.75, 25115.0], [4478.75, 535.0], [4477.25, 395.0], [4477.0, 9096.0], [4476.75, 25949.0], [4476.5, 27159.0]], "asks": [[4485.75, 11666.0], [4486.0, 30328.0], [4486.25, 12125.0], [4486.5, 4487.0], [4486.75, 16457.0], [4487.5, 160.0], [4488.75, 2155.0], [4489.0, 5400.0], [4489.25, 4716.0], [4489.5, 13917.0], [4489.75, 535.0], [4490.0, 7299.0], [4490.25, 25539.0], [4493.25, 524.0], [4494.5, 6278.0], [4494.75, 20928.0], [4496.0, 7796.0], [4496.25, 25987.0], [4496.75, 12000.0], [4497.75, 530.0]]}}}
{"jsonrpc": "2.0", "method": "subscription", "params": {"channel": "book.ETH-19SEP25.none.20.100ms", "data": {"timestamp": 1758104563741, "change_id": 86851787593, "instrument_name": "ETH-19SEP25", "bids": [[4485.25, 8657.0], [4485.0, 19524.0], [4484.75, 34525.0], [4484.5, 19159.0], [4484.25, 7041.0], [4483.75, 519.0], [4483.0, 4777.0], [4482.75, 14193.0], [4482.0, 519.0], [4481.5, 2139.0], [4481.25, 5400.0], [4480.5, 519.0], [4480.0, 8060.0], [4479.75, 25115.0], [4478.75, 535.0], [4477.25, 395.0], [4477.0, 9096.0], [4476.75, 25949.0], [4476.5, 27159.0], [4476.25, 90530.0]], "asks": [[4485.75, 11666.0], [4486.0, 27234.0], [4486.25, 15895.0], [4486.5, 4487.0], [4486.75, 16457.0], [4487.5, 160.0], [4488.75, 2155.0], [4489.0, 5400.0], [4489.25, 4716.0], [4489.5, 13917.0], [4489.75, 535.0], [4490.0, 7299.0], [4490.25, 25539.0], [4493.25, 524.0], [4494.5, 6278.0], [4494.75, 20928.0], [4496.0, 7796.0], [4496.25, 25987.0], [4496.75, 12000.0], [4497.75, 530.0]]}}}
{"jsonrpc": "2.0", "method": "subscription", "params": {"channel": "book.ETH-19SEP25.none.20.100ms", "data": {"timestamp": 1758104564198, "change_id": 86851788185, "instrument_name": "ETH-19SEP25", "bids": [[4485.5, 12059.0], [4485.25, 8657.0], [4485.0, 19524.0], [4484.75, 34525.0], [4484.5, 19159.0], [4484.25, 7041.0], [4483.75, 519.0], [4483.0, 4777.0], [4482.75, 14193.0], [4482.0, 519.0], [4481.5, 2139.0], [4481.25, 5400.0], [4480.5, 519.0], [4480.0, 8060.0], [4479.75, 25115.0], [4478.75, 535.0], [4477.25, 395.0], [4477.0, 9096.0], [4476.75, 25949.0], [4476.5, 27159.0]], "asks": [[4485.75, 8454.0], [4486.0, 24000.0], [4486.5, 4487.0], [4486.75, 16456.0], [4487.0, 1.0], [4487.5, 160.0], [4488.75, 2155.0], [4489.0, 5400.0], [4489.25, 4716.0], [4489.5, 13917.0], [4489.75, 535.0], [4490.0, 7299.0], [4490.25, 25539.0], [4493.25, 524.0], [4494.5, 6278.0], [4494.75, 20928.0], [4496.0, 7796.0], [4496.25, 25987.0], [4496.75, 12000.0], [4497.75, 530.0]]}}}
{"jsonrpc": "2.0", "method": "subscription", "params": {"channel": "book.ETH-19SEP25.none.20.100ms", "data": {"timestamp": 1758104564567, "change_id": 86851788677, "instrument_name": "ETH-19SEP25", "bids": [[4485.5, 12059.0], [4485.25, 8657.0], [4485.0, 19524.0], [4484.75, 34525.0], [4484.5, 18553.0], [4484.25, 1541.0], [4483.75, 519.0], [4483.0, 4777.0], [4482.75, 14193.0], [4482.0, 519.0], [4481.5, 2139.0], [4481.25, 5400.0], [4480.5, 519.0], [4480.0, 8060.0], [4479.75, 25115.0], [4478.75, 535.0], [4477.25, 395.0], [4477.0, 9096.0], [4476.75, 25949.0], [4476.5, 27159.0]], "asks": [[4485.75, 8454.0], [4486.0, 25131.0], [4486.25, 7407.0], [4486.5, 16611.0], [4486.75, 16456.0], [4487.0, 1.0], [4487.5, 160.0], [4488.75, 2155.0], [4489.0, 5400.0], [4489.25, 4716.0], [4489.5, 13917.0], [4489.75, 535.0], [4490.0, 7299.0], [4490.25, 25539.0], [4493.25, 524.0], [4494.5, 6278.0], [4494.75, 20928.0], [4496.0, 7796.0], [4496.25, 25987.0], [4496.75, 12000.0]]}}}
{"jsonrpc": "2.0", "method": "subscription", "params": {"channel": "book.ETH-19SEP25.none.20.100ms", "data": {"timestamp": 1758104564806, "change_id": 86851789076, "instrument_name": "ETH-19SEP25", "bids": [[4485.5, 12059.0], [4485.25, 8657.0], [4485.0, 19524.0], [4484.75, 34525.0], [4484.5, 18553.0], [4484.25, 1541.0], [4483.75, 519.0], [4483.0, 4777.0], [4482.75, 14193.0], [4482.0, 519.0], [4481.5, 2139.0], [4481.25, 5400.0], [4480.5, 519.0], [4480.0, 8060.0], [4479.75, 25115.0], [4478.75, 535.0], [4477.25, 395.0], [4477.0, 9096.0], [4476.75, 25949.0], [4476.5, 27159.0]], "asks": [[4485.75, 8454.0], [4486.0, 25131.0], [4486.25, 7407.0], [4486.5, 16611.0], [4486.75, 16456.0], [4487.0, 1.0], [4487.5, 160.0], [4488.75, 2155.0], [4489.0, 5400.0], [4489.25, 4716.0], [4489.5, 13917.0], [4489.75, 535.0], [4490.0, 7299.0], [4490.25, 25539.0], [4493.25, 524.0], [4494.5, 6278.0], [4494.75, 20928.0], [4496.0, 7796.0], [4496.25, 25987.0], [4496.75, 12000.0]]}}}
{"jsonrpc": "2.0", "method": "subscription", "params": {"channel": "book.ETH-19SEP25.none.20.100ms", "data": {"timestamp": 1758104565130, "change_id": 86851789397, "instrument_name": "ETH-19SEP25", "bids": [[4485.5, 12059.0], [4485.25, 8657.0], [4485.0, 19524.0], [4484.75, 34525.0], [4484.5, 18553.0], [4484.25, 1541.0], [4483.75, 519.0], [4483.0, 4777.0], [4482.75, 14193.0], [4482.0, 519.0], [4481.5, 2139.0], [4481.25, 5400.0], [4480.5, 519.0], [4480.0, 8060.0], [4479.75, 25115.0], [4478.75, 535.0], [4477.25, 395.0], [4477.0, 9096.0], [4476.75, 25949.0], [4476.5, 27159.0]], "asks": [[4485.75, 8454.0], [4486.0, 25131.0], [4486.25, 7407.0], [4486.5, 16611.0], [4486.75, 16456.0], [4487.0, 1.0], [4487.5, 160.0], [4488.75, 2155.0], [4489.0, 5400.0], [4489.25, 4716.0], [4489.5, 13917.0], [4489.75, 535.0], [4490.0, 7299.0], [4490.25, 25539.0], [4493.25, 524.0], [4494.5, 6278.0], [4494.75, 20928.0], [4496.0, 7796.0], [4496.25, 25987.0], [4496.75, 12000.0]]}}}
{"jsonrpc": "2.0", "method": "subscription", "params": {"channel": "book.ETH-19SEP25.none.20.100ms", "data": {"timestamp": 1758104565555, "change_id": 86851789958, "instrument_name": "ETH-19SEP25", "bids": [[4485.5, 12059.0], [4485.25, 8657.0], [4485.0, 19524.0], [4484.75, 34525.0], [4484.5, 18553.0], [4484.25, 1541.0], [4483.75, 519.0], [4483.0, 4777.0], [4482.75, 14193.0], [4482.0, 519.0], [4481.5, 2139.0], [4481.25, 5400.0], [4480.5, 519.0], [4480.0, 8060.0], [4479.75, 25115.0], [4478.75, 535.0], [4477.25, 395.0], [4477.0, 9096.0], [4476.75, 25949.0], [4476.5, 27159.0]], "asks": [[4485.75, 5500.0], [4486.0, 30631.0], [4486.25, 7407.0], [4486.5, 16611.0], [4486.75, 16456.0], [4487.0, 1.0], [4487.5, 160.0], [4488.75, 2155.0], [4489.0, 5400.0], [4489.25, 4716.0], [4489.5, 13917.0], [4489.75, 535.0], [4490.0, 7299.0], [4490.25, 25539.0], [4493.25, 524.0], [4494.5, 6278.0], [4494.75, 20928.0], [4496.0, 7796.0], [4496.25, 25987.0], [4496.75, 12000.0]]}}}
{"jsonrpc": "2.0", "method": "subscription", "params": {"channel": "book.ETH-19SEP25.none.20.100ms", "data": {"timestamp": 1758104567036, "change_id": 86851791604, "instrument_name": "ETH-19SEP25", "bids": [[4485.5, 12059.0], [4485.25, 8657.0], [4485.0, 19524.0], [4484.75, 34525.0], [4484.5, 18553.0], [4484.25, 1541.0], [4483.75, 519.0], [4483.0, 4777.0], [4482.75, 14193.0], [4482.0, 519.0], [4481.5, 2139.0], [4481.25, 5400.0], [4480.5, 519.0], [4480.0, 8060.0], [4479.75, 25115.0], [4478.75, 535.0], [4477.25, 395.0], [4477.0, 9096.0], [4476.75, 25949.0], [4476.5, 27159.0]], "asks": [[4485.75, 5500.0], [4486.0, 30631.0], [4486.25, 7407.0], [4486.5, 16611.0], [4486.75, 16456.0], [4487.0, 1.0], [4487.5, 160.0], [4488.75, 2155.0], [4489.0, 5400.0], [4489.25, 4716.0], [4489.5, 13917.0], [4489.75, 535.0], [4490.0, 7299.0], [4490.25, 25539.0], [4493.25, 524.0], [4494.5, 6278.0], [4494.75, 20928.0], [4496.0, 7796.0], [4496.25, 25987.0], [4496.75, 12000.0]]}}}
{"jsonrpc": "2.0", "method": "subscription", "params": {"channel": "book.ETH-19SEP25.none.20.100ms", "data": {"timestamp": 1758104567834, "change_id": 86851792604, "instrument_name": "ETH-19SEP25", "bids": [[4485.5, 12059.0], [4485.25, 8657.0], [4485.0, 19524.0], [4484.75, 34525.0], [4484.5, 18553.0], [4484.25, 1541.0], [4483.75, 519.0], [4483.0, 4777.0], [4482.75, 14193.0], [4482.0, 519.0], [4481.5, 2139.0], [4481.25, 5400.0], [4480.5, 519.0], [4480.0, 8060.0], [4479.75, 25115.0], [4478.75, 535.0], [4477.25, 395.0], [4477.0, 9096.0], [4476.75, 25949.0], [4476.5, 27159.0]], "asks": [[4485.75, 5500.0], [4486.0, 30631.0], [4486.25, 7407.0], [4486.5, 16611.0], [4486.75, 16456.0], [4487.0, 1.0], [4487.5, 160.0], [4488.75, 2155.0], [4489.0, 5400.0], [4489.25, 4716.0], [4489.5, 13917.0], [4489.75, 535.0], [4490.0, 7299.0], [4490.25, 25539.0], [4493.25, 524.0], [4494.5, 6278.0], [4494.75, 20928.0], [4496.0, 7796.0], [4496.25, 25987.0], [4496.75, 12000.0]]}}}
{"jsonrpc": "2.0", "method": "subscription", "params": {"channel": "book.ETH-19SEP25.none.20.100ms", "data": {"timestamp": 1758104568110, "change_id": 86851792892, "instrument_name": "ETH-19SEP25", "bids": [[4485.5, 12059.0], [4485.25, 8657.0], [4485.0, 19524.0], [4484.75, 34525.0], [4484.5, 18553.0], [4484.25, 1541.0], [4483.75, 519.0], [4483.0, 4777.0], [4482.75, 14193.0], [4482.0, 519.0], [4481.5, 2139.0], [4481.25, 5400.0], [4480.5, 519.0], [4480.0, 8060.0], [4479.75, 25115.0], [4478.75, 535.0], [4477.25, 395.0], [4477.0, 9096.0], [4476.75, 25949.0], [4476.5, 27159.0]], "asks": [[4485.75, 5500.0], [4486.0, 30631.0], [4486.25, 7407.0], [4486.5, 16611.0], [4486.75, 16456.0], [4487.0, 1.0], [4487.5, 160.0], [4488.75, 535.0], [4489.25, 4716.0], [4489.5, 15698.0], [4489.75, 5935.0], [4490.0, 7299.0], [4490.25, 25539.0], [4493.25, 524.0], [4494.5, 6278.0], [4494.75, 20928.0], [4496.0, 7796.0], [4496.25, 25987.0], [4496.75, 12000.0], [4497.75, 530.0]]}}}
{"jsonrpc": "2.0", "method": "subscription", "params": {"channel": "book.ETH-19SEP25.none.20.100ms", "data": {"timestamp": 1758104568312, "change_id": 86851793253, "instrument_name": "ETH-19SEP25", "bids": [[4485.5, 12059.0], [4485.25, 8657.0], [4485.0, 19524.0], [4484.75, 34525.0], [4484.5, 18553.0], [4484.25, 1541.0], [4483.75, 519.0], [4483.0, 4777.0], [4482.75, 14193.0], [4482.0, 519.0], [4481.5, 2139.0], [4481.25, 5400.0], [4480.5, 519.0], [4480.25, 7692.0], [4480.0, 25640.0], [4478.75, 535.0], [4477.25, 395.0], [4477.0, 9096.0], [4476.75, 25949.0], [4476.5, 27159.0]], "asks": [[4485.75, 5500.0], [4486.0, 30631.0], [4486.25, 7407.0], [4486.5, 16611.0], [4486.75, 16456.0], [4487.0, 1.0], [4487.5, 160.0], [4488.75, 535.0], [4489.25, 4716.0], [4489.5, 15698.0], [4489.75, 5935.0], [4490.0, 7299.0], [4490.25, 25539.0], [4493.25, 524.0], [4494.5, 6278.0], [4494.75, 20928.0], [4496.0, 7796.0], [4496.25, 25987.0], [4496.75, 12000.0], [4497.75, 530.0]]}}}
{"jsonrpc": "2.0", "method": "subscription", "params": {"channel": "book.ETH-19SEP25.none.20.100ms", "data": {"timestamp": 1758104569147, "change_id": 86851794287, "instrument_name": "ETH-19SEP25", "bids": [[4485.75, 5660.0], [4485.5, 13757.0], [4485.25, 8497.0], [4485.0, 19524.0], [4484.75, 34525.0], [4484.5, 18553.0], [4484.25, 1541.0], [4483.75, 519.0], [4483.0, 4777.0], [4482.75, 14193.0], [4482.0, 519.0], [4481.5, 2139.0], [4481.25, 5400.0], [4480.5, 519.0], [4480.25, 7692.0], [4480.0, 25640.0], [4478.75, 535.0], [4477.25, 395.0], [4477.0, 9096.0], [4476.75, 25949.0]], "asks": [[4486.0, 30631.0], [4486.25, 7407.0], [4486.5, 16611.0], [4486.75, 16456.0], [4487.25, 1.0], [4487.5, 160.0], [4488.75, 535.0], [4489.25, 4716.0], [4489.5, 15698.0], [4489.75, 5935.0], [4490.0, 7299.0], [4490.25, 25539.0], [4493.25, 524.0], [4494.5, 6278.0], [4494.75, 20928.0], [4496.0, 7796.0], [4496.25, 25987.0], [4496.75, 12000.0], [4497.75, 530.0], [4498.25, 51492.0]]}}}
{"jsonrpc": "2.0", "method": "subscription", "params": {"channel": "book.ETH-19SEP25.none.20.100ms", "data": {"timestamp": 1758104569368, "change_id": 86851794569, "instrument_name": "ETH-19SEP25", "bids": [[4485.75, 5660.0], [4485.5, 7198.0], [4485.25, 8497.0], [4485.0, 19524.0], [4484.75, 34525.0], [4484.5, 18553.0], [4484.25, 1541.0], [4483.75, 519.0], [4483.0, 4777.0], [4482.75, 14193.0], [4482.0, 519.0], [4481.5, 2139.0], [4481.25, 5400.0], [4480.5, 519.0], [4480.25, 7692.0], [4480.0, 25640.0], [4478.75, 535.0], [4477.25, 395.0], [4477.0, 9096.0], [4476.75, 25949.0]], "asks": [[4486.0, 30631.0], [4486.25, 7395.0], [4486.5, 16607.0], [4486.75, 16456.0], [4487.25, 1.0], [4487.5, 160.0], [4488.75, 535.0], [4489.25, 4716.0], [4489.5, 15698.0], [4489.75, 5935.0], [4490.0, 7299.0], [4490.25, 25539.0], [4493.25, 524.0], [4494.5, 6278.0], [4494.75, 20928.0], [4496.0, 7796.0], [4496.25, 25987.0], [4496.75, 12000.0], [4497.75, 530.0], [4498.25, 51492.0]]}}}
{"jsonrpc": "2.0", "method": "subscription", "params": {"channel": "book.ETH-19SEP25.none.20.100ms", "data": {"timestamp": 1758104569763, "change_id": 86851795078, "instrument_name": "ETH-19SEP25", "bids": [[4485.75, 5660.0], [4485.5, 7198.0], [4485.25, 8497.0], [4485.0, 19524.0], [4484.75, 34525.0], [4484.5, 18553.0], [4484.25, 1541.0], [4483.75, 519.0], [4483.0, 4777.0], [4482.75, 14193.0], [4482.0, 519.0], [4481.5, 2139.0], [4481.25, 5400.0], [4480.5, 519.0], [4480.25, 7692.0], [4480.0, 25640.0], [4478.75, 535.0], [4477.25, 395.0], [4477.0, 9096.0], [4476.75, 25949.0]], "asks": [[4486.0, 30631.0], [4486.25, 7395.0], [4486.5, 16607.0], [4486.75, 16456.0], [4487.0, 30959.0], [4487.25, 1.0], [4487.5, 160.0], [4488.75, 535.0], [4489.25, 4716.0], [4489.5, 15698.0], [4489.75, 5935.0], [4490.0, 7299.0], [4490.25, 25539.0], [4493.25, 524.0], [4494.5, 6278.0], [4494.75, 20928.0], [4496.0, 7796.0], [4496.25, 25987.0], [4496.75, 12000.0], [4497.75, 530.0]]}}}
{"jsonrpc": "2.0", "method": "subscription", "params": {"channel": "book.ETH-19SEP25.none.20.100ms", "data": {"timestamp": 1758104570499, "change_id": 86851796507, "instrument_name": "ETH-19SEP25", "bids": [[4486.25, 5660.0], [4486.0, 7198.0], [4485.75, 8281.0], [4485.5, 10968.0], [4485.25, 14566.0], [4485.0, 32760.0], [4484.75, 11066.0], [4484.5, 18553.0], [4484.25, 1541.0], [4483.75, 519.0], [4483.0, 4777.0], [4482.75, 14193.0], [4482.0, 519.0], [4481.5, 2139.0], [4481.25, 5400.0], [4480.5, 519.0], [4480.25, 7692.0], [4480.0, 25640.0], [4478.75, 535.0], [4477.25, 395.0]], "asks": [[4486.5, 33987.0], [4486.75, 18726.0], [4487.25, 450.0], [4487.5, 1501.0], [4488.25, 160.0], [4488.75, 535.0], [4489.25, 541.0], [4489.5, 1781.0], [4489.75, 5935.0], [4490.25, 4657.0], [4490.5, 13742.0], [4492.75, 8043.0], [4493.0, 25005.0], [4493.25, 524.0], [4494.5, 6278.0], [4494.75, 20928.0], [4496.0, 7796.0], [4496.25, 25987.0], [4496.75, 12000.0], [4497.75, 530.0]]}}}
{"jsonrpc": "2.0", "method": "subscription", "params": {"channel": "book.ETH-19SEP25.none.20.100ms", "data": {"timestamp": 1758104570765, "change_id": 86851797163, "instrument_name": "ETH-19SEP25", "bids": [[4486.25, 160.0], [4486.0, 7198.0], [4485.75, 8281.0], [4485.5, 10968.0], [4485.25, 14566.0], [4485.0, 32760.0], [4484.75, 11066.0], [4484.5, 18553.0], [4484.25, 1541.0], [4483.75, 519.0], [4483.0, 4777.0], [4482.75, 14193.0], [4482.0, 519.0], [4481.5, 2139.0], [4481.25, 5400.0], [4480.5, 519.0], [4480.25, 7692.0], [4480.0, 25640.0], [4478.75, 535.0], [4477.25, 395.0]], "asks": [[4486.5, 46105.0], [4486.75, 14956.0], [4487.25, 450.0], [4487.5, 1500.0], [4487.75, 1.0], [4488.25, 160.0], [4488.75, 535.0], [4489.25, 541.0], [4489.5, 1781.0], [4489.75, 5935.0], [4490.25, 4657.0], [4490.5, 13742.0], [4492.75, 8043.0], [4493.0, 25005.0], [4493.25, 524.0], [4494.5, 6278.0], [4494.75, 20928.0], [4496.0, 7796.0], [4496.25, 25987.0], [4496.75, 12000.0]]}}}
{"jsonrpc": "2.0", "method": "subscription", "params": {"channel": "book.ETH-19SEP25.none.20.100ms", "data": {"timestamp": 1758104571185, "change_id": 86851797880, "instrument_name": "ETH-19SEP25", "bids": [[4486.25, 160.0], [4486.0, 7198.0], [4485.75, 8281.0], [4485.5, 10968.0], [4485.25, 14566.0], [4485.0, 32760.0], [4484.75, 11066.0], [4484.5, 18553.0], [4484.25, 1541.0], [4483.75, 519.0], [4483.0, 4777.0], [4482.75, 14193.0], [4482.0, 519.0], [4481.5, 2139.0], [4481.25, 5400.0], [4480.5, 519.0], [4480.25, 7692.0], [4480.0, 25640.0], [4478.75, 535.0], [4477.25, 395.0]], "asks": [[4486.5, 33987.0], [4486.75, 15406.0], [4487.0, 1500.0], [4487.75, 1.0], [4488.25, 160.0], [4488.75, 535.0], [4489.25, 541.0], [4489.5, 1781.0], [4489.75, 5935.0], [4490.25, 4657.0], [4490.5, 13742.0], [4492.75, 8043.0], [4493.0, 25005.0], [4493.25, 524.0], [4494.5, 6278.0], [4494.75, 20928.0], [4496.0, 7796.0], [4496.25, 25987.0], [4496.75, 12000.0], [4497.75, 530.0]]}}}
{"jsonrpc": "2.0", "method": "subscription", "params": {"channel": "book.ETH-19SEP25.none.20.100ms", "data": {"timestamp": 1758104571454, "change_id": 86851798189, "instrument_name": "ETH-19SEP25", "bids": [[4486.25, 160.0], [4486.0, 7198.0], [4485.75, 8075.0], [4485.5, 10968.0], [4485.25, 14566.0], [4485.0, 32760.0], [4484.75, 11066.0], [4484.5, 18553.0], [4484.25, 1541.0], [4483.75, 519.0], [4483.0, 4777.0], [4482.75, 14193.0], [4482.0, 519.0], [4481.5, 2139.0], [4481.25, 5400.0], [4480.5, 519.0], [4480.25, 7692.0], [4480.0, 25640.0], [4478.75, 535.0], [4477.25, 395.0]], "asks": [[4486.5, 46105.0], [4486.75, 19176.0], [4487.0, 8777.0], [4487.25, 30960.0], [4487.75, 161.0], [4488.75, 535.0], [4489.25, 541.0], [4489.5, 1781.0], [4489.75, 5935.0], [4490.25, 4657.0], [4490.5, 13742.0], [4492.75, 8043.0], [4493.0, 25005.0], [4493.25, 524.0], [4494.5, 6278.0], [4494.75, 20928.0], [4496.0, 7796.0], [4496.25, 25987.0], [4496.75, 12000.0], [4497.75, 530.0]]}}}
{"jsonrpc": "2.0", "method": "subscription", "params": {"channel": "book.ETH-19SEP25.none.20.100ms", "data": {"timestamp": 1758104571886, "change_id": 86851798821, "instrument_name": "ETH-19SEP25", "bids": [[4486.25, 160.0], [4486.0, 7198.0], [4485.75, 8075.0], [4485.5, 10968.0], [4485.25, 14566.0], [4485.0, 32760.0], [4484.75, 11066.0], [4484.5, 18553.0], [4484.25, 1541.0], [4483.75, 519.0], [4483.0, 4777.0], [4482.75, 14193.0], [4482.0, 519.0], [4481.5, 2139.0], [4481.25, 5400.0], [4480.5, 519.0], [4480.25, 7692.0], [4480.0, 25640.0], [4478.75, 535.0], [4477.25, 395.0]], "asks": [[4486.5, 46105.0], [4486.75, 19176.0], [4487.0, 8777.0], [4487.25, 30960.0], [4487.75, 161.0], [4489.25, 541.0], [4489.5, 1781.0], [4489.75, 5935.0], [4490.25, 4657.0], [4490.5, 13742.0], [4490.75, 541.0], [4492.75, 8043.0], [4493.0, 25005.0], [4493.25, 524.0], [4494.5, 6278.0], [4494.75, 20928.0], [4496.0, 7796.0], [4496.25, 25987.0], [4496.75, 12000.0], [4497.75, 530.0]]}}}
{"jsonrpc": "2.0", "method": "subscription", "params": {"channel": "book.ETH-19SEP25.none.20.100ms", "data": {"timestamp": 1758104572190, "change_id": 86851799167, "instrument_name": "ETH-19SEP25", "bids": [[4486.25, 160.0], [4486.0, 1698.0], [4485.75, 8075.0], [4485.5, 10968.0], [4485.25, 14566.0], [4485.0, 32760.0], [4484.75, 11066.0], [4484.5, 18553.0], [4484.25, 1541.0], [4483.75, 519.0], [4483.0, 4777.0], [4482.75, 14193.0], [4482.0, 519.0], [4481.5, 2139.0], [4481.25, 5400.0], [4480.5, 519.0], [4480.25, 7692.0], [4480.0, 25640.0], [4478.75, 535.0], [4477.25, 395.0]], "asks": [[4486.5, 46105.0], [4486.75, 19176.0], [4487.0, 8777.0], [4487.25, 30960.0], [4487.75, 161.0], [4489.25, 541.0], [4489.5, 1781.0], [4489.75, 5935.0], [4490.25, 4657.0], [4490.5, 13742.0], [4490.75, 541.0], [4492.75, 8043.0], [4493.0, 25005.0], [4493.25, 524.0], [4494.5, 6278.0], [4494.75, 20928.0], [4496.0, 7796.0], [4496.25, 25987.0], [4496.75, 12000.0], [4497.75, 530.0]]}}}
{"jsonrpc": "2.0", "method": "subscription", "params": {"channel": "book.ETH-19SEP25.none.20.100ms", "data": {"timestamp": 1758104573123, "change_id": 86851800131, "instrument_name": "ETH-19SEP25", "bids": [[4486.25, 160.0], [4486.0, 1698.0], [4485.75, 8075.0], [4485.5, 10968.0], [4485.25, 14566.0], [4485.0, 32760.0], [4484.75, 11066.0], [4484.5, 18553.0], [4484.25, 1541.0], [4483.75, 519.0], [4483.0, 4777.0], [4482.75, 14193.0], [4482.0, 2139.0], [4481.75, 5400.0], [4481.5, 519.0], [4480.5, 519.0], [4480.25, 7692.0], [4480.0, 25640.0], [4478.75, 535.0], [4477.25, 395.0]], "asks": [[4486.5, 33987.0], [4486.75, 19176.0], [4487.0, 8777.0], [4487.25, 30960.0], [4487.75, 161.0], [4489.25, 541.0], [4489.5, 1781.0], [4489.75, 5935.0], [4490.25, 4657.0], [4490.5, 13742.0], [4490.75, 541.0], [4492.75, 8043.0], [4493.0, 25005.0], [4493.25, 524.0], [4494.5, 6278.0], [4494.75, 20928.0], [4496.0, 7796.0], [4496.25, 25987.0], [4496.75, 12000.0], [4497.75, 530.0]]}}}
{"jsonrpc": "2.0", "method": "subscription", "params": {"channel": "book.ETH-19SEP25.none.20.100ms", "data": {"timestamp": 1758104573231, "change_id": 86851800311, "instrument_name": "ETH-19SEP25", "bids": [[4486.25, 160.0], [4486.0, 1698.0], [4485.75, 8075.0], [4485.5, 10968.0], [4485.25, 14566.0], [4485.0, 32760.0], [4484.75, 11066.0], [4484.5, 18553.0], [4484.25, 1541.0], [4483.75, 519.0], [4483.0, 4777.0], [4482.75, 14193.0], [4482.0, 2139.0], [4481.75, 5400.0], [4481.5, 519.0], [4480.5, 519.0], [4480.25, 7692.0], [4480.0, 25640.0], [4478.75, 535.0], [4477.25, 395.0]], "asks": [[4486.5, 46103.0], [4486.75, 19176.0], [4487.0, 8777.0], [4487.25, 30960.0], [4487.75, 161.0], [4489.25, 541.0], [4489.5, 1781.0], [4489.75, 5935.0], [4490.25, 4657.0], [4490.5, 13742.0], [4490.75, 541.0], [4492.75, 8043.0], [4493.0, 25005.0], [4493.25, 524.0], [4494.5, 6278.0], [4494.75, 20928.0], [4496.0, 7796.0], [4496.25, 25987.0], [4496.75, 12000.0], [4497.75, 530.0]]}}}
{"jsonrpc": "2.0", "method": "subscription", "params": {"channel": "book.ETH-19SEP25.none.20.100ms", "data": {"timestamp": 1758104573997, "change_id": 86851801122, "instrument_name": "ETH-19SEP25", "bids": [[4486.25, 160.0], [4486.0, 1698.0], [4485.75, 8075.0], [4485.5, 10968.0], [4485.25, 14566.0], [4485.0, 32760.0], [4484.75, 20257.0], [4484.5, 6428.0], [4484.25, 1541.0], [4483.75, 519.0], [4483.0, 4777.0], [4482.75, 14193.0], [4482.0, 2139.0], [4481.75, 5400.0], [4481.5, 519.0], [4480.5, 519.0], [4480.25, 7692.0], [4480.0, 25640.0], [4478.75, 535.0], [4477.25, 395.0]], "asks": [[4486.5, 46103.0], [4486.75, 19176.0], [4487.0, 8777.0], [4487.25, 30960.0], [4487.75, 161.0], [4489.25, 541.0], [4489.5, 1781.0], [4489.75, 5935.0], [4490.25, 4657.0], [4490.5, 13742.0], [4490.75, 541.0], [4492.75, 8043.0], [4493.0, 25005.0], [4493.25, 524.0], [4494.5, 6278.0], [4494.75, 20928.0], [4496.0, 7796.0], [4496.25, 25987.0], [4496.75, 12000.0], [4497.75, 530.0]]}}}
{"jsonrpc": "2.0", "method": "subscription", "params": {"channel": "book.ETH-19SEP25.none.20.100ms", "data": {"timestamp": 1758104574314, "change_id": 86851801543, "instrument_name": "ETH-19SEP25", "bids": [[4486.25, 160.0], [4486.0, 1698.0], [4485.75, 8075.0], [4485.5, 10968.0], [4485.25, 14566.0], [4485.0, 32760.0], [4484.75, 20257.0], [4484.5, 6428.0], [4484.25, 1541.0], [4483.75, 519.0], [4483.0, 4777.0], [4482.75, 14193.0], [4482.0, 2139.0], [4481.75, 5400.0], [4481.5, 519.0], [4480.5, 8054.0], [4480.25, 25115.0], [4480.0, 525.0], [4478.75, 535.0], [4477.25, 395.0]], "asks": [[4486.5, 46103.0], [4486.75, 19176.0], [4487.0, 8777.0], [4487.25, 30960.0], [4487.75, 161.0], [4489.25, 541.0], [4489.5, 1781.0], [4489.75, 5935.0], [4490.25, 4657.0], [4490.5, 13742.0], [4490.75, 541.0], [4492.75, 8043.0], [4493.0, 25005.0], [4493.25, 524.0], [4494.5, 6278.0], [4494.75, 20928.0], [4496.0, 7796.0], [4496.25, 25987.0], [4496.75, 12000.0], [4497.75, 530.0]]}}}
{"jsonrpc": "2.0", "method": "subscription", "params": {"channel": "book.ETH-19SEP25.none.20.100ms", "data": {"timestamp": 1758104574786, "change_id": 86851802127, "instrument_name": "ETH-19SEP25", "bids": [[4486.25, 160.0], [4486.0, 1698.0], [4485.75, 8075.0], [4485.5, 10968.0], [4485.25, 14566.0], [4485.0, 32760.0], [4484.75, 20257.0], [4484.5, 6428.0], [4484.25, 1541.0], [4483.75, 519.0], [4483.0, 4777.0], [4482.75, 14193.0], [4482.0, 2139.0], [4481.75, 5400.0], [4481.5, 519.0], [4480.5, 8054.0], [4480.25, 25115.0], [4478.75, 535.0], [4477.25, 395.0], [4477.0, 9096.0]], "asks": [[4486.5, 46103.0], [4486.75, 19176.0], [4487.0, 8777.0], [4487.25, 30960.0], [4487.75, 161.0], [4489.25, 541.0], [4489.5, 1781.0], [4489.75, 5935.0], [4490.25, 4657.0], [4490.5, 13742.0], [4490.75, 541.0], [4492.75, 8043.0], [4493.0, 25005.0], [4493.25, 524.0], [4494.5, 6278.0], [4494.75, 20928.0], [4496.0, 7796.0], [4496.25, 25987.0], [4496.75, 12000.0], [4497.75, 530.0]]}}}
{"jsonrpc": "2.0", "method": "subscription", "params": {"channel": "book.ETH-19SEP25.none.20.100ms", "data": {"timestamp": 1758104575150, "change_id": 86851802538, "instrument_name": "ETH-19SEP25", "bids": [[4486.25, 160.0], [4486.0, 1698.0], [4485.75, 8075.0], [4485.5, 10968.0], [4485.25, 14566.0], [4485.0, 32760.0], [4484.75, 20257.0], [4484.5, 6428.0], [4484.25, 1541.0], [4483.75, 519.0], [4483.0, 4777.0], [4482.75, 14193.0], [4482.0, 2139.0], [4481.75, 5400.0], [4481.5, 519.0], [4480.5, 8054.0], [4480.25, 25115.0], [4478.75, 535.0], [4477.25, 395.0], [4477.0, 9096.0]], "asks": [[4486.5, 46102.0], [4486.75, 19176.0], [4487.0, 1500.0], [4487.75, 161.0], [4489.25, 541.0], [4489.5, 1781.0], [4489.75, 5935.0], [4490.25, 4657.0], [4490.5, 13742.0], [4490.75, 541.0], [4492.75, 8043.0], [4493.0, 25005.0], [4493.25, 524.0], [4494.5, 6278.0], [4494.75, 20928.0], [4496.0, 7796.0], [4496.25, 25987.0], [4496.75, 12000.0], [4497.75, 530.0], [4498.25, 51492.0]]}}}
{"jsonrpc": "2.0", "method": "subscription", "params": {"channel": "book.ETH-19SEP25.none.20.100ms", "data": {"timestamp": 1758104575455, "change_id": 86851802836, "instrument_name": "ETH-19SEP25", "bids": [[4486.25, 160.0], [4486.0, 1698.0], [4485.75, 8075.0], [4485.5, 10968.0], [4485.25, 14566.0], [4485.0, 32760.0], [4484.75, 20257.0], [4484.5, 6428.0], [4484.25, 1541.0], [4483.75, 519.0], [4483.0, 4777.0], [4482.75, 14193.0], [4482.0, 2139.0], [4481.75, 5400.0], [4481.5, 519.0], [4480.5, 8054.0], [4480.25, 25115.0], [4478.75, 535.0], [4477.25, 395.0], [4477.0, 9096.0]], "asks": [[4486.5, 46102.0], [4486.75, 19176.0], [4487.0, 9727.0], [4487.25, 30960.0], [4487.75, 161.0], [4489.25, 541.0], [4489.5, 1781.0], [4489.75, 5935.0], [4490.25, 4657.0], [4490.5, 13742.0], [4490.75, 541.0], [4492.75, 8043.0], [4493.0, 25005.0], [4493.25, 524.0], [4494.5, 6278.0], [4494.75, 20928.0], [4496.0, 7796.0], [4496.25, 25987.0], [4496.75, 12000.0], [4497.75, 530.0]]}}}
{"jsonrpc": "2.0", "method": "subscription", "params": {"channel": "book.ETH-19SEP25.none.20.100ms", "data": {"timestamp": 1758104575786, "change_id": 86851803341, "instrument_name": "ETH-19SEP25", "bids": [[4486.25, 160.0], [4486.0, 1698.0], [4485.75, 8075.0], [4485.5, 10968.0], [4485.25, 14566.0], [4485.0, 32760.0], [4484.75, 20257.0], [4484.5, 6428.0], [4484.25, 1541.0], [4483.75, 519.0], [4483.0, 4777.0], [4482.75, 14193.0], [4482.0, 2139.0], [4481.75, 5400.0], [4481.5, 519.0], [4480.5, 8054.0], [4480.25, 25115.0], [4478.75, 535.0], [4477.25, 395.0], [4477.0, 9096.0]], "asks": [[4486.5, 33987.0], [4486.75, 18726.0], [4487.0, 7127.0], [4487.25, 30960.0], [4487.75, 161.0], [4489.25, 541.0], [4489.5, 1781.0], [4489.75, 5935.0], [4490.25, 4657.0], [4490.5, 13742.0], [4490.75, 541.0], [4492.75, 8043.0], [4493.0, 25005.0], [4493.25, 524.0], [4494.5, 6278.0], [4494.75, 20928.0], [4496.0, 7796.0], [4496.25, 25987.0], [4496.75, 12000.0], [4497.75, 530.0]]}}}
{"jsonrpc": "2.0", "method": "subscription", "params": {"channel": "book.ETH-19SEP25.none.20.100ms", "data": {"timestamp": 1758104575843, "change_id": 86851803388, "instrument_name": "ETH-19SEP25", "bids": [[4486.25, 160.0], [4486.0, 1698.0], [4485.75, 8075.0], [4485.5, 10968.0], [4485.25, 14566.0], [4485.0, 32760.0], [4484.75, 20257.0], [4484.5, 6428.0], [4484.25, 1541.0], [4483.75, 519.0], [4483.0, 4777.0], [4482.75, 14193.0], [4482.0, 2139.0], [4481.75, 5400.0], [4481.5, 519.0], [4480.5, 8054.0], [4480.25, 25115.0], [4478.75, 535.0], [4477.25, 395.0], [4477.0, 9096.0]], "asks": [[4486.5, 46101.0], [4486.75, 18726.0], [4487.0, 7127.0], [4487.25, 30960.0], [4487.5, 498.0], [4487.75, 1661.0], [4489.25, 541.0], [4489.5, 1781.0], [4489.75, 5935.0], [4490.25, 4657.0], [4490.5, 13742.0], [4490.75, 541.0], [4492.75, 8043.0], [4493.0, 25005.0], [4493.25, 524.0], [4494.5, 6278.0], [4494.75, 20928.0], [4496.0, 7796.0], [4496.25, 25987.0], [4496.75, 12000.0]]}}}
{"jsonrpc": "2.0", "method": "subscription", "params": {"channel": "book.ETH-19SEP25.none.20.100ms", "data": {"timestamp": 1758104576432, "change_id": 86851803958, "instrument_name": "ETH-19SEP25", "bids": [[4486.25, 5660.0], [4486.0, 1698.0], [4485.75, 8075.0], [4485.5, 10968.0], [4485.25, 14566.0], [4485.0, 32760.0], [4484.75, 20257.0], [4484.5, 6428.0], [4484.25, 1541.0], [4483.75, 519.0], [4483.0, 4777.0], [4482.75, 14193.0], [4482.0, 2139.0], [4481.75, 5400.0], [4481.5, 519.0], [4480.5, 8054.0], [4480.25, 25115.0], [4478.75, 535.0], [4477.25, 395.0], [4477.0, 9096.0]], "asks": [[4486.5, 46101.0], [4486.75, 18726.0], [4487.0, 7127.0], [4487.25, 32460.0], [4487.75, 161.0], [4489.25, 541.0], [4489.5, 1781.0], [4489.75, 5935.0], [4490.25, 4657.0], [4490.5, 13742.0], [4490.75, 541.0], [4492.75, 8043.0], [4493.0, 25005.0], [4493.25, 524.0], [4494.5, 6278.0], [4494.75, 20928.0], [4496.0, 7796.0], [4496.25, 25987.0], [4496.75, 12000.0], [4497.75, 530.0]]}}}
{"jsonrpc": "2.0", "method": "subscription", "params": {"channel": "book.ETH-19SEP25.none.20.100ms", "data": {"timestamp": 1758104576814, "change_id": 86851804951, "instrument_name": "ETH-19SEP25", "bids": [[4486.25, 6791.0], [4486.0, 5468.0], [4485.75, 14144.0], [4485.5, 31198.0], [4485.25, 7633.0], [4485.0, 12351.0], [4484.75, 20257.0], [4484.5, 6428.0], [4484.25, 1541.0], [4483.75, 519.0], [4483.0, 4777.0], [4482.75, 14193.0], [4482.0, 2139.0], [4481.75, 5400.0], [4481.5, 519.0], [4480.5, 8054.0], [4480.25, 25115.0], [4478.75, 535.0], [4477.25, 395.0], [4477.0, 9096.0]], "asks": [[4486.75, 14956.0], [4487.0, 1131.0], [4487.25, 3770.0], [4487.75, 451.0], [4488.0, 1500.0], [4488.75, 160.0], [4489.25, 541.0], [4489.5, 1781.0], [4489.75, 5935.0], [4490.25, 534.0], [4490.75, 14206.0], [4492.75, 8043.0], [4493.0, 25005.0], [4493.25, 524.0], [4494.5, 6278.0], [4494.75, 20928.0], [4496.0, 7796.0], [4496.25, 25987.0], [4496.75, 12000.0], [4497.75, 530.0]]}}}
{"jsonrpc": "2.0", "method": "subscription", "params": {"channel": "book.ETH-19SEP25.none.20.100ms", "data": {"timestamp": 1758104576836, "change_id": 86851805011, "instrument_name": "ETH-19SEP25", "bids": [[4486.25, 5660.0], [4486.0, 5468.0], [4485.75, 14144.0], [4485.5, 32698.0], [4485.25, 7633.0], [4485.0, 10851.0], [4484.75, 20257.0], [4484.5, 6428.0], [4484.25, 1541.0], [4483.75, 519.0], [4483.0, 4777.0], [4482.75, 14193.0], [4482.0, 2139.0], [4481.75, 5400.0], [4481.5, 519.0], [4480.5, 8054.0], [4480.25, 25115.0], [4478.75, 535.0], [4477.25, 395.0], [4477.0, 9096.0]], "asks": [[4486.5, 17613.0], [4486.75, 14956.0], [4487.0, 1131.0], [4487.25, 5420.0], [4487.5, 5500.0], [4487.75, 451.0], [4488.0, 1500.0], [4488.75, 160.0], [4489.25, 541.0], [4489.5, 1781.0], [4489.75, 5935.0], [4490.25, 534.0], [4490.5, 4262.0], [4490.75, 14206.0], [4492.75, 8043.0], [4493.0, 25005.0], [4493.25, 524.0], [4494.5, 6278.0], [4494.75, 20928.0], [4496.0, 7796.0]]}}}
{"jsonrpc": "2.0", "method": "subscription", "params": {"channel": "book.ETH-19SEP25.none.20.100ms", "data": {"timestamp": 1758104577421, "change_id": 86851805820, "instrument_name": "ETH-19SEP25", "bids": [[4486.25, 5660.0], [4486.0, 5468.0], [4485.75, 14144.0], [4485.5, 32698.0], [4485.25, 8159.0], [4485.0, 10851.0], [4484.75, 20257.0], [4484.5, 6428.0], [4484.25, 1541.0], [4483.75, 519.0], [4483.0, 4777.0], [4482.75, 14193.0], [4482.0, 2139.0], [4481.75, 5400.0], [4481.5, 8054.0], [4481.25, 25115.0], [4480.5, 519.0], [4478.75, 535.0], [4477.25, 395.0], [4477.0, 9096.0]], "asks": [[4486.5, 5500.0], [4486.75, 30999.0], [4487.0, 1131.0], [4487.25, 5420.0], [4487.5, 5500.0], [4487.75, 451.0], [4488.0, 1500.0], [4488.75, 160.0], [4489.25, 541.0], [4489.5, 1781.0], [4489.75, 5935.0], [4490.25, 534.0], [4490.5, 4262.0], [4490.75, 14206.0], [4492.25, 7502.0], [4492.5, 25005.0], [4492.75, 541.0], [4493.25, 524.0], [4494.5, 6278.0], [4494.75, 20928.0]]}}}
{"jsonrpc": "2.0", "method": "subscription", "params": {"channel": "book.ETH-19SEP25.none.20.100ms", "data": {"timestamp": 1758104577751, "change_id": 86851806334, "instrument_name": "ETH-19SEP25", "bids": [[4486.25, 5660.0], [4486.0, 5468.0], [4485.75, 14144.0], [4485.5, 32698.0], [4485.25, 8159.0], [4485.0, 10851.0], [4484.75, 20257.0], [4484.5, 6428.0], [4484.25, 1541.0], [4483.75, 519.0], [4483.0, 4777.0], [4482.75, 14193.0], [4482.0, 2139.0], [4481.75, 5400.0], [4481.5, 8054.0], [4481.25, 25115.0], [4478.75, 535.0], [4477.25, 395.0], [4477.0, 9096.0], [4476.75, 25949.0]], "asks": [[4486.5, 5500.0], [4486.75, 54999.0], [4487.0, 1131.0], [4487.25, 12984.0], [4487.5, 36463.0], [4487.75, 451.0], [4488.0, 1500.0], [4488.75, 160.0], [4489.25, 541.0], [4489.5, 1781.0], [4489.75, 5935.0], [4490.25, 534.0], [4490.5, 4262.0], [4490.75, 14206.0], [4492.25, 8028.0], [4492.5, 25005.0], [4493.25, 524.0], [4494.5, 6278.0], [4494.75, 20928.0], [4496.0, 7796.0]]}}}
{"jsonrpc": "2.0", "method": "subscription", "params": {"channel": "book.ETH-19SEP25.none.20.100ms", "data": {"timestamp": 1758104577960, "change_id": 86851806530, "instrument_name": "ETH-19SEP25", "bids": [[4486.25, 5660.0], [4486.0, 5468.0], [4485.75, 14144.0], [4485.5, 32698.0], [4485.25, 8159.0], [4485.0, 10851.0], [4484.75, 20257.0], [4484.5, 6428.0], [4484.25, 1541.0], [4483.75, 519.0], [4483.0, 4777.0], [4482.75, 14193.0], [4482.0, 2139.0], [4481.75, 5400.0], [4481.5, 8054.0], [4481.25, 25115.0], [4478.75, 535.0], [4477.25, 395.0], [4477.0, 9096.0], [4476.75, 25949.0]], "asks": [[4486.5, 5500.0], [4486.75, 48090.0], [4487.0, 13245.0], [4487.25, 12984.0], [4487.5, 36463.0], [4487.75, 451.0], [4488.0, 1500.0], [4488.75, 160.0], [4489.25, 541.0], [4489.5, 1781.0], [4489.75, 5935.0], [4490.25, 534.0], [4490.5, 4262.0], [4490.75, 14206.0], [4492.25, 8028.0], [4492.5, 25005.0], [4493.25, 524.0], [4494.5, 6278.0], [4494.75, 20928.0], [4496.0, 7796.0]]}}}
{"jsonrpc": "2.0", "method": "subscription", "params": {"channel": "book.ETH-19SEP25.none.20.100ms", "data": {"timestamp": 1758104578254, "change_id": 86851806944, "instrument_name": "ETH-19SEP25", "bids": [[4486.25, 5660.0], [4486.0, 5468.0], [4485.75, 14144.0], [4485.5, 36230.0], [4485.25, 20273.0], [4485.0, 7260.0], [4484.75, 8141.0], [4484.5, 6428.0], [4484.25, 1541.0], [4483.75, 519.0], [4483.0, 4777.0], [4482.75, 14193.0], [4482.0, 2139.0], [4481.75, 5400.0], [4481.5, 8054.0], [4481.25, 25115.0], [4478.75, 535.0], [4477.25, 395.0], [4477.0, 9096.0], [4476.75, 25949.0]], "asks": [[4486.5, 5500.0], [4486.75, 51860.0], [4487.0, 13245.0], [4487.25, 9214.0], [4487.5, 37963.0], [4487.75, 1.0], [4488.75, 160.0], [4489.25, 541.0], [4489.5, 1781.0], [4489.75, 5935.0], [4490.25, 534.0], [4490.5, 4262.0], [4490.75, 14206.0], [4492.25, 8028.0], [4492.5, 25005.0], [4493.25, 524.0], [4494.5, 6278.0], [4494.75, 20928.0], [4496.0, 7796.0], [4496.25, 25987.0]]}}}
{"jsonrpc": "2.0", "method": "subscription", "params": {"channel": "book.ETH-19SEP25.none.20.100ms", "data": {"timestamp": 1758104579092, "change_id": 86851807796, "instrument_name": "ETH-19SEP25", "bids": [[4486.25, 6791.0], [4486.0, 5468.0], [4485.75, 14144.0], [4485.5, 36230.0], [4485.25, 20273.0], [4485.0, 7260.0], [4484.75, 8141.0], [4484.5, 6428.0], [4484.25, 1541.0], [4483.75, 519.0], [4483.0, 4777.0], [4482.75, 14193.0], [4482.0, 2139.0], [4481.75, 5400.0], [4481.5, 8054.0], [4481.25, 25115.0], [4478.75, 535.0], [4477.25, 395.0], [4477.0, 9096.0], [4476.75, 25949.0]], "asks": [[4486.75, 45587.0], [4487.0, 3770.0], [4487.25, 9214.0], [4487.5, 37963.0], [4487.75, 1.0], [4488.75, 160.0], [4489.25, 541.0], [4489.5, 1781.0], [4489.75, 5935.0], [4490.25, 534.0], [4490.5, 4262.0], [4490.75, 14206.0], [4492.25, 8028.0], [4492.5, 25005.0], [4493.25, 524.0], [4494.5, 6278.0], [4494.75, 20928.0], [4496.0, 7796.0], [4496.25, 25987.0], [4497.5, 12000.0]]}}}
{"jsonrpc": "2.0", "method": "subscription", "params": {"channel": "book.ETH-19SEP25.none.20.100ms", "data": {"timestamp": 1758104579405, "change_id": 86851808250, "instrument_name": "ETH-19SEP25", "bids": [[4486.25, 6791.0], [4486.0, 5468.0], [4485.75, 14144.0], [4485.5, 36230.0], [4485.25, 20273.0], [4485.0, 7260.0], [4484.75, 8141.0], [4484.5, 6428.0], [4484.25, 1541.0], [4483.75, 519.0], [4483.0, 4777.0], [4482.75, 14193.0], [4482.0, 2139.0], [4481.75, 5400.0], [4481.5, 8054.0], [4481.25, 25115.0], [4478.75, 535.0], [4477.25, 395.0], [4477.0, 9096.0], [4476.75, 25949.0]], "asks": [[4486.75, 48249.0], [4487.0, 15882.0], [4487.25, 1650.0], [4487.5, 7000.0], [4487.75, 1.0], [4488.75, 160.0], [4489.25, 541.0], [4489.5, 1781.0], [4489.75, 5935.0], [4490.25, 534.0], [4490.5, 4262.0], [4490.75, 14206.0], [4492.25, 8028.0], [4492.5, 25005.0], [4493.25, 524.0], [4494.5, 6278.0], [4494.75, 20928.0], [4496.0, 7796.0], [4496.25, 25987.0], [4497.5, 12000.0]]}}}
{"jsonrpc": "2.0", "method": "subscription", "params": {"channel": "book.ETH-19SEP25.none.20.100ms", "data": {"timestamp": 1758104580070, "change_id": 86851809105, "instrument_name": "ETH-19SEP25", "bids": [[4486.25, 6791.0], [4486.0, 12408.0], [4485.75, 31150.0], [4485.5, 13230.0], [4485.25, 20273.0], [4485.0, 7260.0], [4484.75, 8141.0], [4484.5, 6428.0], [4484.25, 541.0], [4483.75, 519.0], [4483.0, 4777.0], [4482.75, 14193.0], [4482.0, 2139.0], [4481.75, 5400.0], [4481.5, 8054.0], [4481.25, 25115.0], [4478.75, 535.0], [4477.25, 395.0], [4477.0, 9096.0], [4476.75, 25949.0]], "asks": [[4486.75, 16087.0], [4487.0, 7458.0], [4487.25, 25650.0], [4487.5, 5500.0], [4487.75, 1.0], [4488.0, 450.0], [4488.25, 1500.0], [4488.75, 160.0], [4489.25, 541.0], [4489.5, 1781.0], [4489.75, 5935.0], [4490.25, 534.0], [4490.5, 4262.0], [4490.75, 14206.0], [4492.25, 8028.0], [4492.5, 25005.0], [4493.25, 524.0], [4494.5, 6278.0], [4494.75, 20928.0], [4496.0, 7796.0]]}}}
{"jsonrpc": "2.0", "method": "subscription", "params": {"channel": "book.ETH-19SEP25.none.20.100ms", "data": {"timestamp": 1758104580453, "change_id": 86851809889, "instrument_name": "ETH-19SEP25", "bids": [[4486.75, 5660.0], [4486.5, 10672.0], [4486.25, 8590.0], [4486.0, 19408.0], [4485.75, 31150.0], [4485.5, 11730.0], [4485.25, 18140.0], [4485.0, 110.0], [4484.75, 541.0], [4484.25, 541.0], [4483.75, 519.0], [4483.0, 4777.0], [4482.75, 14193.0], [4482.0, 2139.0], [4481.75, 13090.0], [4481.5, 25634.0], [4478.75, 535.0], [4477.25, 395.0], [4477.0, 9096.0], [4476.75, 25949.0]], "asks": [[4487.0, 24000.0], [4487.25, 2575.0], [4487.5, 9270.0], [4488.0, 4882.0], [4488.25, 16457.0], [4488.75, 160.0], [4489.25, 541.0], [4489.5, 1781.0], [4489.75, 5935.0], [4490.25, 534.0], [4490.75, 541.0], [4492.25, 8028.0], [4492.5, 25005.0], [4493.25, 4634.0], [4493.5, 13699.0], [4494.5, 6278.0], [4494.75, 20928.0], [4496.0, 7796.0], [4496.25, 25987.0], [4497.5, 12000.0]]}}}
{"jsonrpc": "2.0", "method": "subscription", "params": {"channel": "book.ETH-19SEP25.none.20.100ms", "data": {"timestamp": 1758104580716, "change_id": 86851810523, "instrument_name": "ETH-19SEP25", "bids": [[4486.75, 5660.0], [4486.5, 4098.0], [4486.25, 8590.0], [4486.0, 19408.0], [4485.75, 31150.0], [4485.5, 11730.0], [4485.25, 18140.0], [4485.0, 110.0], [4484.25, 541.0], [4483.75, 519.0], [4483.0, 4777.0], [4482.75, 14193.0], [4482.0, 2139.0], [4481.75, 13090.0], [4481.5, 25634.0], [4478.75, 535.0], [4477.25, 395.0], [4477.0, 9096.0], [4476.75, 25949.0], [4476.5, 27159.0]], "asks": [[4487.0, 24000.0], [4487.25, 14687.0], [4487.5, 9270.0], [4488.0, 4882.0], [4488.25, 16457.0], [4488.75, 160.0], [4489.25, 541.0], [4489.5, 1781.0], [4489.75, 5935.0], [4490.75, 14316.0], [4492.25, 8028.0], [4492.5, 25005.0], [4492.75, 526.0], [4493.25, 524.0], [4494.5, 6278.0], [4494.75, 20928.0], [4496.0, 7796.0], [4496.25, 25987.0], [4497.5, 12000.0], [4497.75, 530.0]]}}}
{"jsonrpc": "2.0", "method": "subscription", "params": {"channel": "book.ETH-19SEP25.none.20.100ms", "data": {"timestamp": 1758104581116, "change_id": 86851810727, "instrument_name": "ETH-19SEP25", "bids": [[4486.75, 5660.0], [4486.5, 4098.0], [4486.25, 8590.0], [4486.0, 19408.0], [4485.75, 31150.0], [4485.5, 11730.0], [4485.25, 18140.0], [4485.0, 110.0], [4484.25, 541.0], [4483.75, 519.0], [4483.0, 4777.0], [4482.75, 14193.0], [4482.0, 2139.0], [4481.75, 13090.0], [4481.5, 25634.0], [4478.75, 535.0], [4477.25, 395.0], [4477.0, 9096.0], [4476.75, 25949.0], [4476.5, 27159.0]], "asks": [[4487.0, 24000.0], [4487.25, 14687.0], [4487.5, 9270.0], [4487.75, 9272.0], [4488.0, 35846.0], [4488.25, 16458.0], [4488.75, 160.0], [4489.25, 541.0], [4489.5, 1781.0], [4489.75, 5935.0], [4490.75, 14316.0], [4492.25, 8028.0], [4492.5, 25005.0], [4492.75, 526.0], [4493.25, 524.0], [4494.5, 6278.0], [4494.75, 20928.0], [4496.0, 7796.0], [4496.25, 25987.0], [4497.5, 12000.0]]}}}
{"jsonrpc": "2.0", "method": "subscription", "params": {"channel": "book.ETH-19SEP25.none.20.100ms", "data": {"timestamp": 1758104581378, "change_id": 86851811075, "instrument_name": "ETH-19SEP25", "bids": [[4486.75, 5660.0], [4486.5, 4098.0], [4486.25, 8590.0], [4486.0, 19408.0], [4485.75, 31150.0], [4485.5, 11730.0], [4485.25, 18140.0], [4485.0, 110.0], [4484.25, 541.0], [4483.75, 519.0], [4483.0, 4777.0], [4482.75, 14193.0], [4482.0, 2139.0], [4481.75, 13090.0], [4481.5, 25634.0], [4478.75, 535.0], [4477.25, 395.0], [4477.0, 9096.0], [4476.75, 25949.0], [4476.5, 27159.0]], "asks": [[4487.0, 29500.0], [4487.25, 14687.0], [4487.5, 9270.0], [4487.75, 9272.0], [4488.0, 35846.0], [4488.25, 16458.0], [4488.75, 160.0], [4489.25, 541.0], [4489.5, 1781.0], [4489.75, 5935.0], [4490.5, 4295.0], [4490.75, 14316.0], [4492.25, 8028.0], [4492.5, 25005.0], [4492.75, 526.0], [4493.25, 524.0], [4494.5, 6278.0], [4494.75, 20928.0], [4496.0, 7796.0], [4496.25, 25987.0]]}}}
{"jsonrpc": "2.0", "method": "subscription", "params": {"channel": "book.ETH-19SEP25.none.20.100ms", "data": {"timestamp": 1758104581697, "change_id": 86851811725, "instrument_name": "ETH-19SEP25", "bids": [[4486.75, 5660.0], [4486.5, 4098.0], [4486.25, 8590.0], [4486.0, 19408.0], [4485.75, 31150.0], [4485.5, 11730.0], [4485.25, 18140.0], [4485.0, 110.0], [4484.25, 541.0], [4483.75, 519.0], [4483.0, 4777.0], [4482.75, 14193.0], [4482.0, 2139.0], [4481.75, 13090.0], [4481.5, 25634.0], [4478.75, 535.0], [4477.25, 395.0], [4477.0, 9096.0], [4476.75, 25949.0], [4476.5, 27159.0]], "asks": [[4487.0, 29500.0], [4487.25, 4947.0], [4487.5, 21382.0], [4488.0, 4881.0], [4488.25, 16458.0], [4488.75, 160.0], [4489.25, 541.0], [4489.5, 1781.0], [4489.75, 5935.0], [4490.75, 14276.0], [4492.25, 8028.0], [4492.5, 25005.0], [4492.75, 526.0], [4493.25, 524.0], [4494.5, 6278.0], [4494.75, 20928.0], [4496.0, 7796.0], [4496.25, 25987.0], [4497.5, 12000.0], [4497.75, 530.0]]}}}
{"jsonrpc": "2.0", "method": "subscription", "params": {"channel": "book.ETH-19SEP25.none.20.100ms", "data": {"timestamp": 1758104582057, "change_id": 86851812022, "instrument_name": "ETH-19SEP25", "bids": [[4486.75, 5660.0], [4486.5, 4098.0], [4486.25, 8590.0], [4486.0, 19408.0], [4485.75, 31150.0], [4485.5, 11730.0], [4485.25, 18140.0], [4485.0, 110.0], [4484.25, 541.0], [4483.75, 519.0], [4483.0, 4777.0], [4482.75, 14193.0], [4482.5, 526.0], [4482.0, 9471.0], [4481.75, 30515.0], [4481.5, 519.0], [4478.75, 535.0], [4477.25, 395.0], [4477.0, 9096.0], [4476.75, 25949.0]], "asks": [[4487.0, 29500.0], [4487.25, 5441.0], [4487.5, 21381.0], [4488.0, 4881.0], [4488.25, 16458.0], [4488.75, 160.0], [4489.25, 541.0], [4489.5, 1781.0], [4489.75, 5935.0], [4490.75, 541.0], [4491.75, 14069.0], [4492.25, 8028.0], [4492.5, 25005.0], [4492.75, 526.0], [4493.25, 524.0], [4494.5, 6278.0], [4494.75, 20928.0], [4496.0, 7796.0], [4496.25, 25987.0], [4497.5, 12000.0]]}}}
{"jsonrpc": "2.0", "method": "subscription", "params": {"channel": "book.ETH-19SEP25.none.20.100ms", "data": {"timestamp": 1758104582431, "change_id": 86851812526, "instrument_name": "ETH-19SEP25", "bids": [[4486.75, 5660.0], [4486.5, 4098.0], [4486.25, 7459.0], [4486.0, 14138.0], [4485.75, 31150.0], [4485.5, 11730.0], [4485.25, 19640.0], [4485.0, 110.0], [4484.25, 541.0], [4483.75, 519.0], [4483.0, 4777.0], [4482.75, 14193.0], [4482.5, 526.0], [4482.0, 9471.0], [4481.75, 30515.0], [4481.5, 519.0], [4478.75, 535.0], [4477.25, 395.0], [4477.0, 9096.0], [4476.75, 25949.0]], "asks": [[4487.0, 29500.0], [4487.25, 5441.0], [4487.5, 15881.0], [4488.0, 4881.0], [4488.25, 16458.0], [4488.75, 160.0], [4489.25, 541.0], [4489.5, 1781.0], [4489.75, 5935.0], [4490.75, 541.0], [4491.5, 4221.0], [4491.75, 14069.0], [4492.25, 8028.0], [4492.5, 25005.0], [4492.75, 526.0], [4493.25, 524.0], [4494.5, 6278.0], [4494.75, 20928.0], [4496.0, 7796.0], [4496.25, 25987.0]]}}}
{"jsonrpc": "2.0", "method": "subscription", "params": {"channel": "book.ETH-19SEP25.none.20.100ms", "data": {"timestamp": 1758104582592, "change_id": 86851812811, "instrument_name": "ETH-19SEP25", "bids": [[4486.75, 5660.0], [4486.5, 4098.0], [4486.25, 7459.0], [4486.0, 17908.0], [4485.75, 32650.0], [4485.5, 11730.0], [4485.25, 18140.0], [4485.0, 110.0], [4484.25, 541.0], [4483.75, 519.0], [4483.0, 4777.0], [4482.75, 14193.0], [4482.5, 526.0], [4482.0, 9471.0], [4481.75, 30515.0], [4481.5, 519.0], [4478.75, 535.0], [4477.25, 395.0], [4477.0, 9096.0], [4476.75, 25949.0]], "asks": [[4487.0, 33270.0], [4487.25, 2575.0], [4487.5, 12561.0], [4487.75, 10790.0], [4488.0, 35846.0], [4488.25, 14958.0], [4488.75, 160.0], [4489.25, 541.0], [4489.5, 1781.0], [4489.75, 5935.0], [4490.75, 541.0], [4491.5, 4221.0], [4491.75, 14069.0], [4492.25, 8028.0], [4492.5, 25005.0], [4492.75, 526.0], [4493.25, 524.0], [4494.5, 6278.0], [4494.75, 20928.0], [4496.0, 7796.0]]}}}
{"jsonrpc": "2.0", "method": "subscription", "params": {"channel": "book.ETH-19SEP25.none.20.100ms", "data": {"timestamp": 1758104582962, "change_id": 86851813278, "instrument_name": "ETH-19SEP25", "bids": [[4486.75, 5660.0], [4486.5, 4098.0], [4486.25, 15236.0], [4486.0, 34968.0], [4485.75, 8650.0], [4485.5, 11730.0], [4485.25, 18140.0], [4485.0, 110.0], [4484.25, 541.0], [4483.75, 519.0], [4483.0, 4777.0], [4482.75, 14193.0], [4482.5, 526.0], [4482.0, 9471.0], [4481.75, 30515.0], [4481.5, 519.0], [4478.75, 535.0], [4477.25, 395.0], [4477.0, 9096.0], [4476.75, 25949.0]], "asks": [[4487.0, 29500.0], [4487.25, 4442.0], [4487.5, 16331.0], [4487.75, 1500.0], [4488.0, 4881.0], [4488.25, 14958.0], [4488.75, 160.0], [4489.25, 541.0], [4489.5, 1781.0], [4489.75, 5935.0], [4490.75, 541.0], [4491.5, 4221.0], [4491.75, 14069.0], [4492.25, 8028.0], [4492.5, 25005.0], [4492.75, 526.0], [4493.25, 524.0], [4494.5, 6278.0], [4494.75, 20928.0], [4496.0, 7796.0]]}}}
{"jsonrpc": "2.0", "method": "subscription", "params": {"channel": "book.ETH-19SEP25.none.20.100ms", "data": {"timestamp": 1758104583432, "change_id": 86851814988, "instrument_name": "ETH-19SEP25", "bids": [[4487.25, 5660.0], [4486.75, 20418.0], [4486.5, 31352.0], [4486.25, 19113.0], [4486.0, 7198.0], [4485.75, 7976.0], [4485.5, 7969.0], [4485.25, 6026.0], [4485.0, 110.0], [4484.25, 541.0], [4483.75, 519.0], [4483.0, 519.0], [4482.5, 526.0], [4482.0, 2139.0], [4481.75, 5400.0], [4481.5, 519.0], [4480.5, 8061.0], [4480.25, 25115.0], [4478.75, 535.0], [4477.25, 2.0]], "asks": [[4487.75, 5500.0], [4488.0, 24000.0], [4488.25, 14958.0], [4489.5, 160.0], [4489.75, 5935.0], [4490.75, 541.0], [4491.5, 4379.0], [4491.75, 14595.0], [4492.25, 526.0], [4492.75, 526.0], [4493.25, 524.0], [4494.25, 5618.0], [4494.5, 25005.0], [4494.75, 20928.0], [4496.25, 530.0], [4497.5, 12000.0], [4497.75, 530.0], [4498.75, 542.0], [4499.0, 130000.0], [4499.75, 25457.0]]}}}
{"jsonrpc": "2.0", "method": "subscription", "params": {"channel": "book.ETH-19SEP25.none.20.100ms", "data": {"timestamp": 1758104583728, "change_id": 86851816174, "instrument_name": "ETH-19SEP25", "bids": [[4487.25, 5660.0], [4487.0, 2100.0], [4486.75, 7150.0], [4486.5, 10663.0], [4486.25, 27943.0], [4486.0, 31198.0], [4485.75, 7976.0], [4485.5, 7969.0], [4485.25, 10156.0], [4485.0, 13766.0], [4483.75, 519.0], [4483.0, 519.0], [4482.5, 526.0], [4482.0, 2139.0], [4481.75, 5400.0], [4481.5, 519.0], [4480.5, 8061.0], [4480.25, 25115.0], [4478.75, 535.0], [4477.25, 395.0]], "asks": [[4487.5, 9270.0], [4487.75, 33336.0], [4488.0, 16236.0], [4488.25, 14957.0], [4488.75, 1.0], [4489.25, 526.0], [4489.5, 1941.0], [4489.75, 5935.0], [4490.75, 541.0], [4491.5, 4379.0], [4491.75, 14595.0], [4492.75, 526.0], [4493.25, 524.0], [4494.25, 6144.0], [4494.5, 31283.0], [4494.75, 20928.0], [4496.25, 530.0], [4497.5, 12000.0], [4497.75, 530.0], [4498.75, 542.0]]}}}
{"jsonrpc": "2.0", "method": "subscription", "params": {"channel": "book.ETH-19SEP25.none.20.100ms", "data": {"timestamp": 1758104584094, "change_id": 86851816926, "instrument_name": "ETH-19SEP25", "bids": [[4487.25, 160.0], [4487.0, 2100.0], [4486.75, 7150.0], [4486.5, 13705.0], [4486.25, 34920.0], [4486.0, 19314.0], [4485.75, 9476.0], [4485.5, 7969.0], [4485.25, 6026.0], [4485.0, 110.0], [4483.75, 519.0], [4483.5, 4199.0], [4483.25, 13995.0], [4483.0, 519.0], [4482.5, 526.0], [4482.0, 2139.0], [4481.75, 5400.0], [4481.5, 519.0], [4480.5, 8061.0], [4480.25, 25115.0]], "asks": [[4487.5, 9270.0], [4487.75, 33336.0], [4488.0, 17736.0], [4488.25, 14957.0], [4488.75, 1.0], [4489.0, 160.0], [4489.25, 526.0], [4489.5, 1781.0], [4489.75, 5935.0], [4490.75, 541.0], [4491.5, 4379.0], [4491.75, 14595.0], [4492.75, 526.0], [4493.25, 524.0], [4494.25, 6144.0], [4494.5, 31283.0], [4494.75, 20928.0], [4496.25, 530.0], [4497.5, 12000.0], [4497.75, 530.0]]}}}
{"jsonrpc": "2.0", "method": "subscription", "params": {"channel": "book.ETH-19SEP25.none.20.100ms", "data": {"timestamp": 1758104584343, "change_id": 86851817319, "instrument_name": "ETH-19SEP25", "bids": [[4487.25, 5660.0], [4487.0, 2100.0], [4486.75, 7150.0], [4486.5, 13705.0], [4486.25, 34920.0], [4486.0, 19314.0], [4485.75, 9476.0], [4485.5, 7969.0], [4485.25, 6026.0], [4485.0, 110.0], [4483.75, 519.0], [4483.5, 4199.0], [4483.25, 13995.0], [4483.0, 519.0], [4482.5, 526.0], [4482.0, 2139.0], [4481.75, 5400.0], [4481.5, 519.0], [4480.5, 8061.0], [4480.25, 25115.0]], "asks": [[4487.5, 9270.0], [4487.75, 33336.0], [4488.0, 17736.0], [4488.25, 23370.0], [4488.5, 30969.0], [4488.75, 1.0], [4489.0, 160.0], [4489.25, 526.0], [4489.5, 1781.0], [4489.75, 5935.0], [4490.75, 541.0], [4491.5, 4379.0], [4491.75, 14595.0], [4492.75, 526.0], [4493.25, 524.0], [4494.25, 6144.0], [4494.5, 31283.0], [4494.75, 20928.0], [4496.25, 530.0], [4497.5, 12000.0]]}}}
{"jsonrpc": "2.0", "method": "subscription", "params": {"channel": "book.ETH-19SEP25.none.20.100ms", "data": {"timestamp": 1758104584806, "change_id": 86851817902, "instrument_name": "ETH-19SEP25", "bids": [[4487.25, 160.0], [4487.0, 2100.0], [4486.75, 7150.0], [4486.5, 13705.0], [4486.25, 34920.0], [4486.0, 19314.0], [4485.75, 9476.0], [4485.5, 7969.0], [4485.25, 6026.0], [4485.0, 110.0], [4483.75, 519.0], [4483.5, 4199.0], [4483.25, 13995.0], [4483.0, 519.0], [4482.5, 526.0], [4482.0, 2139.0], [4481.75, 5400.0], [4481.5, 519.0], [4480.5, 8061.0], [4480.25, 25115.0]], "asks": [[4487.5, 9270.0], [4487.75, 33336.0], [4488.0, 17736.0], [4488.25, 23370.0], [4488.5, 30969.0], [4488.75, 1.0], [4489.0, 160.0], [4489.25, 526.0], [4489.5, 1781.0], [4489.75, 5935.0], [4490.75, 541.0], [4491.5, 4379.0], [4491.75, 14595.0], [4492.75, 526.0], [4493.25, 524.0], [4494.25, 6144.0], [4494.5, 31283.0], [4494.75, 20928.0], [4496.25, 530.0], [4497.5, 12000.0]]}}}
{"jsonrpc": "2.0", "method": "subscription", "params": {"channel": "book.ETH-19SEP25.none.20.100ms", "data": {"timestamp": 1758104585650, "change_id": 86851819189, "instrument_name": "ETH-19SEP25", "bids": [[4487.25, 160.0], [4487.0, 2100.0], [4486.75, 7150.0], [4486.5, 8050.0], [4486.25, 10920.0], [4486.0, 14296.0], [4485.75, 33476.0], [4485.5, 7969.0], [4485.25, 6026.0], [4485.0, 110.0], [4483.75, 519.0], [4483.5, 4199.0], [4483.25, 13995.0], [4483.0, 519.0], [4482.5, 526.0], [4482.0, 2139.0], [4481.75, 5400.0], [4481.5, 519.0], [4480.5, 8061.0], [4480.25, 25115.0]], "asks": [[4487.5, 9270.0], [4487.75, 33336.0], [4488.0, 17736.0], [4488.25, 23370.0], [4488.5, 30969.0], [4488.75, 1.0], [4489.0, 160.0], [4489.25, 526.0], [4489.5, 1781.0], [4489.75, 5935.0], [4490.75, 541.0], [4491.5, 4379.0], [4491.75, 14595.0], [4492.75, 526.0], [4493.25, 524.0], [4494.25, 6144.0], [4494.5, 31283.0], [4494.75, 20928.0], [4496.25, 530.0], [4497.5, 12000.0]]}}}
{"jsonrpc": "2.0", "method": "subscription", "params": {"channel": "book.ETH-19SEP25.none.20.100ms", "data": {"timestamp": 1758104585781, "change_id": 86851819272, "instrument_name": "ETH-19SEP25", "bids": [[4487.25, 160.0], [4487.0, 2100.0], [4486.75, 7150.0], [4486.5, 8050.0], [4486.25, 10920.0], [4486.0, 14296.0], [4485.75, 45590.0], [4485.5, 7969.0], [4485.25, 6026.0], [4485.0, 110.0], [4483.75, 519.0], [4483.5, 4199.0], [4483.25, 13995.0], [4483.0, 519.0], [4482.5, 526.0], [4482.0, 2139.0], [4481.75, 5400.0], [4481.5, 519.0], [4480.5, 8061.0], [4480.25, 25115.0]], "asks": [[4487.5, 9270.0], [4487.75, 33336.0], [4488.0, 17736.0], [4488.25, 23370.0], [4488.5, 30969.0], [4488.75, 1.0], [4489.0, 160.0], [4489.25, 526.0], [4489.5, 1781.0], [4489.75, 5935.0], [4490.75, 541.0], [4491.5, 4379.0], [4491.75, 14595.0], [4492.75, 526.0], [4493.25, 524.0], [4494.25, 6144.0], [4494.5, 31283.0], [4494.75, 20928.0], [4496.25, 530.0], [4497.5, 12000.0]]}}}
{"jsonrpc": "2.0", "method": "subscription", "params": {"channel": "book.ETH-19SEP25.none.20.100ms", "data": {"timestamp": 1758104586373, "change_id": 86851820312, "instrument_name": "ETH-19SEP25", "bids": [[4486.5, 7512.0], [4486.25, 8075.0], [4486.0, 18066.0], [4485.75, 32950.0], [4485.5, 7969.0], [4485.25, 6026.0], [4485.0, 110.0], [4483.75, 519.0], [4482.5, 526.0], [4482.0, 2139.0], [4481.75, 9823.0], [4481.5, 14743.0], [4480.5, 8061.0], [4480.25, 25115.0], [4478.75, 535.0], [4477.25, 395.0], [4477.0, 9096.0], [4476.75, 25949.0], [4476.5, 27159.0], [4476.25, 90530.0]], "asks": [[4487.0, 34920.0], [4487.25, 10786.0], [4487.5, 19271.0], [4487.75, 5950.0], [4488.0, 5623.0], [4488.25, 23370.0], [4488.5, 31130.0], [4489.25, 526.0], [4489.5, 1781.0], [4489.75, 5935.0], [4490.75, 541.0], [4491.5, 4379.0], [4491.75, 14595.0], [4493.25, 524.0], [4494.25, 6144.0], [4494.5, 31283.0], [4494.75, 20928.0], [4496.25, 530.0], [4497.5, 12000.0], [4497.75, 530.0]]}}}
{"jsonrpc": "2.0", "method": "subscription", "params": {"channel": "book.ETH-19SEP25.none.20.100ms", "data": {"timestamp": 1758104586637, "change_id": 86851820747, "instrument_name": "ETH-19SEP25", "bids": [[4486.75, 11903.0], [4486.5, 7512.0], [4486.25, 8075.0], [4486.0, 18066.0], [4485.75, 45070.0], [4485.5, 7969.0], [4485.25, 6026.0], [4485.0, 110.0], [4484.5, 4257.0], [4484.25, 14191.0], [4483.75, 519.0], [4482.5, 526.0], [4482.0, 2139.0], [4481.75, 5400.0], [4481.5, 519.0], [4480.5, 8061.0], [4480.25, 25115.0], [4478.75, 535.0], [4477.25, 395.0], [4477.0, 9096.0]], "asks": [[4487.0, 33270.0], [4487.25, 10786.0], [4487.5, 19271.0], [4487.75, 5950.0], [4488.0, 5623.0], [4488.25, 14957.0], [4488.5, 161.0], [4489.25, 526.0], [4489.5, 1781.0], [4489.75, 5935.0], [4490.75, 541.0], [4491.5, 4379.0], [4491.75, 14595.0], [4493.25, 524.0], [4494.25, 6144.0], [4494.5, 31283.0], [4494.75, 20928.0], [4496.25, 530.0], [4497.5, 12000.0], [4497.75, 530.0]]}}}
