{"jsonrpc": "2.0", "id": 1, "result": ["book.ETH-2JAN26.none.20.100ms"], "usIn": 1766244171184202, "usOut": 1766244171184364, "usDiff": 162, "testnet": false}
{"jsonrpc": "2.0", "method": "subscription", "params": {"channel": "book.ETH-2JAN26.none.20.100ms", "data": {"timestamp": 1766244170180, "change_id": 102223088309, "instrument_name": "ETH-2JAN26", "bids": [[2975.25, 2550.0], [2975.0, 1465.0], [2974.75, 4909.0], [2973.75, 388.0], [2973.5, 1688.0], [2973.25, 3504.0], [2973.0, 7551.0], [2972.75, 2098.0], [2972.5, 7028.0], [2970.0, 1851.0], [2969.75, 6202.0], [2969.5, 30.0], [2969.0, 500.0], [2968.5, 30.0], [2968.0, 16.0], [2967.75, 7174.0], [2967.5, 24035.0], [2967.25, 17487.0], [2967.0, 58584.0], [2966.75, 430.0]], "asks": [[2976.0, 4909.0], [2976.25, 373.0], [2976.5, 1250.0], [2977.0, 80.0], [2977.5, 388.0], [2977.75, 1300.0], [2978.0, 388.0], [2978.25, 1300.0], [2978.5, 1841.0], [2978.75, 6167.0], [2979.5, 2083.0], [2979.75, 6978.0], [2980.5, 5459.0], [2980.75, 18288.0], [2982.5, 11433.0], [2982.75, 38303.0], [2984.75, 400.0], [2985.25, 40000.0], [2985.75, 1144.0], [2986.0, 4578.0]]}}}
{"jsonrpc": "2.0", "method": "subscription", "params": {"channel": "book.ETH-2JAN26.none.20.100ms", "data": {"timestamp": 1766244172566, "change_id": 102223091996, "instrument_name": "ETH-2JAN26", "bids": [[2975.25, 2550.0], [2975.0, 1465.0], [2974.75, 4909.0], [2973.75, 388.0], [2973.5, 3504.0], [2973.25, 7939.0], [2973.0, 1300.0], [2972.75, 2098.0], [2972.5, 7028.0], [2970.25, 1851.0], [2970.0, 6202.0], [2969.5, 30.0], [2969.0, 500.0], [2968.5, 30.0], [2968.0, 16.0], [2967.75, 7174.0], [2967.5, 24035.0], [2967.25, 17487.0], [2967.0, 58584.0], [2966.75, 430.0]], "asks": [[2976.0, 4909.0], [2976.25, 373.0], [2976.5, 1250.0], [2977.0, 80.0], [2977.5, 388.0], [2977.75, 1300.0], [2978.0, 388.0], [2978.25, 1300.0], [2978.5, 1841.0], [2978.75, 6167.0], [2979.5, 2083.0], [2979.75, 6978.0], [2980.5, 5459.0], [2980.75, 18288.0], [2982.5, 11433.0], [2982.75, 38303.0], [2984.75, 400.0], [2985.25, 40000.0], [2985.75, 1144.0], [2986.0, 4578.0]]}}}
{"jsonrpc": "2.0", "method": "subscription", "params": {"channel": "book.ETH-2JAN26.none.20.100ms", "data": {"timestamp": 1766244173221, "change_id": 102223092459, "instrument_name": "ETH-2JAN26", "bids": [[2975.25, 2550.0], [2975.0, 1465.0], [2974.75, 4909.0], [2973.75, 388.0], [2973.5, 3504.0], [2973.25, 7939.0], [2972.75, 2098.0], [2972.5, 7028.0], [2970.25, 1851.0], [2970.0, 6202.0], [2969.5, 30.0], [2969.0, 500.0], [2968.5, 30.0], [2968.0, 16.0], [2967.75, 7174.0], [2967.5, 24035.0], [2967.25, 17487.0], [2967.0, 58584.0], [2966.75, 430.0], [2966.0, 20946.0]], "asks": [[2976.0, 4909.0], [2976.25, 373.0], [2976.5, 1250.0], [2977.0, 80.0], [2977.5, 388.0], [2977.75, 1300.0], [2978.0, 388.0], [2978.25, 1300.0], [2978.5, 1841.0], [2978.75, 6167.0], [2979.5, 2083.0], [2979.75, 6978.0], [2980.5, 5459.0], [2980.75, 18288.0], [2982.5, 11433.0], [2982.75, 38303.0], [2984.75, 400.0], [2985.25, 40000.0], [2985.75, 1144.0], [2986.0, 4578.0]]}}}
{"jsonrpc": "2.0", "method": "subscription", "params": {"channel": "book.ETH-2JAN26.none.20.100ms", "data": {"timestamp": 1766244173262, "change_id": 102223092465, "instrument_name": "ETH-2JAN26", "bids": [[2975.25, 2550.0], [2975.0, 1465.0], [2974.75, 4909.0], [2973.75, 1688.0], [2973.5, 3504.0], [2973.25, 6639.0], [2972.75, 2098.0], [2972.5, 7028.0], [2970.25, 1851.0], [2970.0, 6202.0], [2969.5, 30.0], [2969.0, 500.0], [2968.5, 30.0], [2968.0, 16.0], [2967.75, 7174.0], [2967.5, 24035.0], [2967.25, 17487.0], [2967.0, 58584.0], [2966.75, 430.0], [2966.0, 20946.0]], "asks": [[2976.0, 4909.0], [2976.25, 373.0], [2976.5, 1250.0], [2977.0, 80.0], [2977.5, 388.0], [2977.75, 1300.0], [2978.0, 388.0], [2978.25, 1300.0], [2978.5, 1841.0], [2978.75, 6167.0], [2979.5, 2083.0], [2979.75, 6978.0], [2980.5, 5459.0], [2980.75, 18288.0], [2982.5, 11433.0], [2982.75, 38303.0], [2984.75, 400.0], [2985.25, 40000.0], [2985.75, 1144.0], [2986.0, 4578.0]]}}}
{"jsonrpc": "2.0", "method": "subscription", "params": {"channel": "book.ETH-2JAN26.none.20.100ms", "data": {"timestamp": 1766244175198, "change_id": 102223094397, "instrument_name": "ETH-2JAN26", "bids": [[2975.25, 2550.0], [2975.0, 1465.0], [2974.75, 4909.0], [2974.0, 388.0], [2973.75, 1688.0], [2973.5, 3504.0], [2973.25, 6639.0], [2972.75, 2098.0], [2972.5, 7028.0], [2970.25, 1851.0], [2970.0, 6202.0], [2969.5, 30.0], [2969.0, 500.0], [2968.5, 30.0], [2968.0, 16.0], [2967.75, 7174.0], [2967.5, 24035.0], [2967.25, 17487.0], [2967.0, 58584.0], [2966.75, 430.0]], "asks": [[2976.0, 4909.0], [2976.25, 373.0], [2976.5, 1250.0], [2977.0, 80.0], [2977.5, 388.0], [2977.75, 1300.0], [2978.0, 388.0], [2978.25, 1300.0], [2978.5, 1841.0], [2978.75, 6167.0], [2979.5, 2083.0], [2979.75, 6978.0], [2980.5, 5459.0], [2980.75, 18288.0], [2982.5, 11433.0], [2982.75, 38303.0], [2984.75, 400.0], [2985.25, 40000.0], [2985.75, 1144.0], [2986.0, 4578.0]]}}}
{"jsonrpc": "2.0", "method": "subscription", "params": {"channel": "book.ETH-2JAN26.none.20.100ms", "data": {"timestamp": 1766244175504, "change_id": 102223094876, "instrument_name": "ETH-2JAN26", "bids": [[2975.25, 2550.0], [2975.0, 1465.0], [2974.75, 4909.0], [2974.0, 388.0], [2973.75, 1688.0], [2973.5, 3504.0], [2973.25, 6639.0], [2972.75, 2098.0], [2972.5, 7028.0], [2970.25, 1851.0], [2970.0, 6202.0], [2969.5, 30.0], [2969.0, 500.0], [2968.5, 30.0], [2968.0, 16.0], [2967.75, 7174.0], [2967.5, 24035.0], [2967.25, 17487.0], [2967.0, 58584.0], [2966.75, 30.0]], "asks": [[2976.0, 4909.0], [2976.25, 373.0], [2976.5, 1250.0], [2977.5, 388.0], [2977.75, 1300.0], [2978.0, 388.0], [2978.25, 1300.0], [2978.5, 1841.0], [2978.75, 6167.0], [2979.5, 2083.0], [2979.75, 7058.0], [2980.5, 5459.0], [2980.75, 18288.0], [2982.5, 11433.0], [2982.75, 38303.0], [2985.25, 40000.0], [2985.75, 1144.0], [2986.0, 4578.0], [2987.0, 36645.0], [2987.25, 36620.0]]}}}
{"jsonrpc": "2.0", "method": "subscription", "params": {"channel": "book.ETH-2JAN26.none.20.100ms", "data": {"timestamp": 1766244175564, "change_id": 102223094977, "instrument_name": "ETH-2JAN26", "bids": [[2975.25, 2550.0], [2975.0, 1465.0], [2974.75, 4909.0], [2974.0, 388.0], [2973.75, 1688.0], [2973.5, 3504.0], [2973.25, 6639.0], [2972.75, 2098.0], [2972.5, 7028.0], [2970.0, 1851.0], [2969.75, 6202.0], [2969.5, 30.0], [2969.0, 500.0], [2968.5, 30.0], [2968.0, 16.0], [2967.75, 7174.0], [2967.5, 24035.0], [2967.25, 17487.0], [2967.0, 58584.0], [2966.75, 30.0]], "asks": [[2976.0, 4909.0], [2976.25, 373.0], [2976.5, 1250.0], [2977.5, 388.0], [2977.75, 1300.0], [2978.0, 388.0], [2978.25, 1300.0], [2978.5, 1841.0], [2978.75, 6167.0], [2979.5, 2083.0], [2979.75, 7058.0], [2980.5, 5459.0], [2980.75, 18288.0], [2982.5, 11433.0], [2982.75, 38303.0], [2985.25, 40000.0], [2985.75, 1144.0], [2986.0, 4578.0], [2987.0, 36645.0], [2987.25, 36620.0]]}}}
{"jsonrpc": "2.0", "method": "subscription", "params": {"channel": "book.ETH-2JAN26.none.20.100ms", "data": {"timestamp": 1766244177126, "change_id": 102223096614, "instrument_name": "ETH-2JAN26", "bids": [[2975.5, 2150.0], [2975.25, 1300.0], [2975.0, 1465.0], [2974.75, 4909.0], [2974.0, 388.0], [2973.75, 1688.0], [2973.5, 3504.0], [2973.25, 6639.0], [2972.75, 2098.0], [2972.5, 7028.0], [2970.0, 1851.0], [2969.75, 6202.0], [2969.5, 30.0], [2969.0, 500.0], [2968.5, 30.0], [2968.0, 16.0], [2967.75, 7174.0], [2967.5, 24035.0], [2967.25, 17487.0], [2967.0, 58984.0]], "asks": [[2976.0, 4909.0], [2976.25, 373.0], [2976.5, 1250.0], [2977.25, 80.0], [2977.5, 388.0], [2977.75, 1300.0], [2978.0, 388.0], [2978.25, 1300.0], [2978.5, 1841.0], [2978.75, 6167.0], [2979.5, 2083.0], [2979.75, 6978.0], [2980.5, 5459.0], [2980.75, 18288.0], [2982.5, 11433.0], [2982.75, 38303.0], [2984.75, 400.0], [2985.25, 40000.0], [2985.75, 1144.0], [2986.0, 4578.0]]}}}
{"jsonrpc": "2.0", "method": "subscription", "params": {"channel": "book.ETH-2JAN26.none.20.100ms", "data": {"timestamp": 1766244177312, "change_id": 102223096961, "instrument_name": "ETH-2JAN26", "bids": [[2975.5, 2150.0], [2975.25, 1300.0], [2975.0, 1465.0], [2974.75, 4909.0], [2974.0, 388.0], [2973.75, 1688.0], [2973.5, 3504.0], [2973.25, 6639.0], [2972.75, 2098.0], [2972.5, 7028.0], [2970.0, 1851.0], [2969.75, 6202.0], [2969.5, 30.0], [2969.0, 500.0], [2968.5, 30.0], [2968.0, 16.0], [2967.75, 7174.0], [2967.5, 24035.0], [2967.25, 17487.0], [2967.0, 58984.0]], "asks": [[2976.0, 4909.0], [2976.75, 373.0], [2977.0, 1250.0], [2977.25, 80.0], [2977.5, 388.0], [2977.75, 1300.0], [2978.0, 388.0], [2978.25, 1300.0], [2978.5, 1841.0], [2978.75, 6167.0], [2979.5, 2083.0], [2979.75, 6978.0], [2980.5, 5459.0], [2980.75, 18288.0], [2982.5, 11433.0], [2982.75, 38303.0], [2984.75, 400.0], [2985.25, 40000.0], [2985.75, 1144.0], [2986.0, 4578.0]]}}}
{"jsonrpc": "2.0", "method": "subscription", "params": {"channel": "book.ETH-2JAN26.none.20.100ms", "data": {"timestamp": 1766244178285, "change_id": 102223098271, "instrument_name": "ETH-2JAN26", "bids": [[2975.5, 900.0], [2975.25, 1300.0], [2975.0, 1465.0], [2974.75, 4909.0], [2974.0, 388.0], [2973.75, 1688.0], [2973.5, 3504.0], [2973.25, 6639.0], [2972.75, 2098.0], [2972.5, 7028.0], [2970.0, 1851.0], [2969.75, 6202.0], [2969.5, 30.0], [2969.0, 500.0], [2968.5, 30.0], [2968.0, 16.0], [2967.75, 7174.0], [2967.5, 24035.0], [2967.25, 17487.0], [2967.0, 58984.0]], "asks": [[2976.0, 4909.0], [2977.25, 80.0], [2977.5, 388.0], [2977.75, 1300.0], [2978.0, 388.0], [2978.25, 1300.0], [2978.5, 1841.0], [2978.75, 6167.0], [2979.5, 2083.0], [2979.75, 6978.0], [2980.5, 5459.0], [2980.75, 18288.0], [2982.5, 11433.0], [2982.75, 38303.0], [2984.75, 400.0], [2985.25, 40000.0], [2985.75, 1144.0], [2986.0, 4578.0], [2987.0, 36645.0], [2987.25, 36620.0]]}}}
{"jsonrpc": "2.0", "method": "subscription", "params": {"channel": "book.ETH-2JAN26.none.20.100ms", "data": {"timestamp": 1766244178816, "change_id": 102223099108, "instrument_name": "ETH-2JAN26", "bids": [[2975.5, 900.0], [2975.25, 2550.0], [2975.0, 1465.0], [2974.75, 4909.0], [2974.0, 388.0], [2973.75, 1688.0], [2973.5, 1300.0], [2973.25, 1866.0], [2973.0, 6251.0], [2972.75, 2098.0], [2972.5, 7028.0], [2970.5, 1851.0], [2970.25, 6202.0], [2969.5, 30.0], [2969.0, 500.0], [2968.5, 30.0], [2968.0, 16.0], [2967.75, 7174.0], [2967.5, 24035.0], [2967.25, 17487.0]], "asks": [[2976.0, 4909.0], [2976.75, 373.0], [2977.0, 1250.0], [2977.25, 80.0], [2977.5, 388.0], [2977.75, 1300.0], [2978.0, 388.0], [2978.25, 1300.0], [2978.5, 1841.0], [2978.75, 6167.0], [2979.5, 2083.0], [2979.75, 6978.0], [2980.5, 5459.0], [2980.75, 18288.0], [2982.5, 11433.0], [2982.75, 38303.0], [2984.75, 400.0], [2985.25, 40000.0], [2985.75, 1144.0], [2986.0, 4578.0]]}}}
{"jsonrpc": "2.0", "method": "subscription", "params": {"channel": "book.ETH-2JAN26.none.20.100ms", "data": {"timestamp": 1766244178880, "change_id": 102223099152, "instrument_name": "ETH-2JAN26", "bids": [[2975.5, 900.0], [2975.25, 2550.0], [2975.0, 1465.0], [2974.75, 4909.0], [2974.0, 388.0], [2973.75, 1688.0], [2973.5, 1300.0], [2973.25, 1866.0], [2973.0, 6251.0], [2972.75, 2098.0], [2972.5, 7028.0], [2970.5, 1851.0], [2970.25, 6202.0], [2969.5, 30.0], [2969.0, 500.0], [2968.5, 30.0], [2968.0, 16.0], [2967.75, 7174.0], [2967.5, 24035.0], [2967.25, 17487.0]], "asks": [[2976.0, 4909.0], [2976.5, 373.0], [2976.75, 1250.0], [2977.25, 80.0], [2977.5, 388.0], [2977.75, 1300.0], [2978.0, 388.0], [2978.25, 1300.0], [2978.5, 1841.0], [2978.75, 6167.0], [2979.5, 2083.0], [2979.75, 6978.0], [2980.5, 5459.0], [2980.75, 18288.0], [2982.5, 11433.0], [2982.75, 38303.0], [2984.75, 400.0], [2985.25, 40000.0], [2985.75, 1144.0], [2986.0, 4578.0]]}}}
{"jsonrpc": "2.0", "method": "subscription", "params": {"channel": "book.ETH-2JAN26.none.20.100ms", "data": {"timestamp": 1766244179324, "change_id": 102223099922, "instrument_name": "ETH-2JAN26", "bids": [[2975.5, 2550.0], [2975.25, 1300.0], [2975.0, 1465.0], [2974.75, 4909.0], [2973.75, 388.0], [2973.5, 1300.0], [2973.25, 3166.0], [2973.0, 6251.0], [2972.75, 2098.0], [2972.5, 7028.0], [2970.5, 1851.0], [2970.25, 6202.0], [2969.5, 30.0], [2969.0, 500.0], [2968.5, 30.0], [2968.0, 16.0], [2967.75, 7174.0], [2967.5, 24035.0], [2967.25, 17487.0], [2967.0, 58984.0]], "asks": [[2976.0, 4909.0], [2976.5, 373.0], [2976.75, 1250.0], [2977.25, 80.0], [2977.5, 388.0], [2977.75, 1300.0], [2978.0, 388.0], [2978.25, 1300.0], [2978.5, 1841.0], [2978.75, 6167.0], [2979.5, 2083.0], [2979.75, 6978.0], [2980.5, 5459.0], [2980.75, 18288.0], [2982.5, 11433.0], [2982.75, 38303.0], [2984.75, 400.0], [2985.25, 40000.0], [2985.75, 1144.0], [2986.0, 4578.0]]}}}
{"jsonrpc": "2.0", "method": "subscription", "params": {"channel": "book.ETH-2JAN26.none.20.100ms", "data": {"timestamp": 1766244181174, "change_id": 102223103670, "instrument_name": "ETH-2JAN26", "bids": [[2975.5, 1250.0], [2975.25, 1300.0], [2975.0, 1465.0], [2974.75, 4909.0], [2973.75, 388.0], [2973.5, 1688.0], [2973.25, 3166.0], [2973.0, 6251.0], [2972.75, 2098.0], [2972.5, 7028.0], [2970.5, 1851.0], [2970.25, 6202.0], [2969.5, 30.0], [2969.0, 500.0], [2968.5, 30.0], [2968.0, 16.0], [2967.75, 7174.0], [2967.5, 24035.0], [2967.25, 17487.0], [2967.0, 58984.0]], "asks": [[2976.0, 4909.0], [2976.5, 373.0], [2976.75, 1250.0], [2977.25, 80.0], [2977.5, 388.0], [2977.75, 1300.0], [2978.0, 388.0], [2978.25, 1300.0], [2978.5, 1841.0], [2978.75, 6167.0], [2979.5, 2083.0], [2979.75, 6978.0], [2980.5, 5459.0], [2980.75, 18288.0], [2982.5, 11433.0], [2982.75, 38303.0], [2984.75, 400.0], [2985.25, 40000.0], [2985.75, 1144.0], [2986.0, 4578.0]]}}}
{"jsonrpc": "2.0", "method": "subscription", "params": {"channel": "book.ETH-2JAN26.none.20.100ms", "data": {"timestamp": 1766244181570, "change_id": 102223104184, "instrument_name": "ETH-2JAN26", "bids": [[2975.5, 1250.0], [2975.25, 1300.0], [2975.0, 1465.0], [2974.75, 4909.0], [2973.75, 388.0], [2973.5, 7939.0], [2973.25, 1300.0], [2972.75, 2098.0], [2972.5, 7028.0], [2970.75, 1851.0], [2970.5, 6202.0], [2969.5, 30.0], [2969.0, 500.0], [2968.5, 30.0], [2968.0, 16.0], [2967.75, 7174.0], [2967.5, 24035.0], [2967.25, 17487.0], [2967.0, 58984.0], [2966.75, 30.0]], "asks": [[2976.0, 4909.0], [2976.5, 373.0], [2976.75, 1250.0], [2977.25, 80.0], [2977.5, 388.0], [2977.75, 1300.0], [2978.0, 388.0], [2978.25, 1300.0], [2978.5, 1841.0], [2978.75, 6167.0], [2979.5, 2083.0], [2979.75, 6978.0], [2980.5, 5459.0], [2980.75, 18288.0], [2982.5, 11433.0], [2982.75, 38303.0], [2984.75, 400.0], [2985.25, 40000.0], [2985.75, 1144.0], [2986.0, 4578.0]]}}}
{"jsonrpc": "2.0", "method": "subscription", "params": {"channel": "book.ETH-2JAN26.none.20.100ms", "data": {"timestamp": 1766244182162, "change_id": 102223104611, "instrument_name": "ETH-2JAN26", "bids": [[2975.5, 2550.0], [2975.25, 1300.0], [2975.0, 1465.0], [2974.75, 4909.0], [2973.75, 1688.0], [2973.5, 6251.0], [2972.75, 2098.0], [2972.5, 7028.0], [2970.75, 1851.0], [2970.5, 6202.0], [2969.5, 30.0], [2969.0, 500.0], [2968.5, 30.0], [2968.0, 16.0], [2967.75, 7174.0], [2967.5, 24035.0], [2967.25, 17487.0], [2967.0, 58984.0], [2966.75, 30.0], [2966.0, 16.0]], "asks": [[2976.0, 4909.0], [2976.5, 373.0], [2976.75, 1250.0], [2977.25, 80.0], [2977.5, 388.0], [2977.75, 1300.0], [2978.0, 388.0], [2978.25, 1300.0], [2978.5, 1841.0], [2978.75, 6167.0], [2979.5, 2083.0], [2979.75, 6978.0], [2980.5, 5459.0], [2980.75, 18288.0], [2982.5, 11433.0], [2982.75, 38303.0], [2984.75, 400.0], [2985.25, 40000.0], [2985.75, 1144.0], [2986.0, 4578.0]]}}}
{"jsonrpc": "2.0", "method": "subscription", "params": {"channel": "book.ETH-2JAN26.none.20.100ms", "data": {"timestamp": 1766244183718, "change_id": 102223106077, "instrument_name": "ETH-2JAN26", "bids": [[2975.5, 2550.0], [2975.25, 1300.0], [2975.0, 1465.0], [2974.75, 4909.0], [2973.75, 3116.0], [2973.5, 6251.0], [2972.75, 2098.0], [2972.5, 7028.0], [2970.75, 1851.0], [2970.5, 6202.0], [2969.5, 30.0], [2969.0, 500.0], [2968.5, 30.0], [2968.0, 16.0], [2967.75, 7174.0], [2967.5, 24035.0], [2967.25, 17487.0], [2967.0, 58984.0], [2966.75, 30.0], [2966.0, 16.0]], "asks": [[2976.0, 4909.0], [2976.25, 373.0], [2976.5, 1250.0], [2977.25, 80.0], [2977.5, 388.0], [2977.75, 1300.0], [2978.0, 388.0], [2978.25, 1300.0], [2978.5, 1841.0], [2978.75, 6167.0], [2979.5, 2083.0], [2979.75, 6978.0], [2980.5, 5459.0], [2980.75, 18288.0], [2982.5, 11433.0], [2982.75, 38303.0], [2984.75, 400.0], [2985.25, 40000.0], [2985.75, 1144.0], [2986.0, 4578.0]]}}}
{"jsonrpc": "2.0", "method": "subscription", "params": {"channel": "book.ETH-2JAN26.none.20.100ms", "data": {"timestamp": 1766244184138, "change_id": 102223106370, "instrument_name": "ETH-2JAN26", "bids": [[2975.5, 1250.0], [2975.25, 1300.0], [2975.0, 1465.0], [2974.75, 4909.0], [2973.75, 3116.0], [2973.5, 6251.0], [2972.75, 2098.0], [2972.5, 7028.0], [2970.75, 1851.0], [2970.5, 6202.0], [2969.5, 30.0], [2969.0, 500.0], [2968.5, 30.0], [2968.0, 16.0], [2967.75, 7174.0], [2967.5, 24035.0], [2967.25, 17487.0], [2967.0, 58984.0], [2966.75, 30.0], [2966.0, 16.0]], "asks": [[2976.0, 4909.0], [2976.25, 373.0], [2976.5, 1250.0], [2977.25, 80.0], [2977.5, 388.0], [2977.75, 1300.0], [2978.0, 388.0], [2978.25, 1300.0], [2978.5, 1841.0], [2978.75, 6167.0], [2979.5, 2083.0], [2979.75, 6978.0], [2980.5, 5459.0], [2980.75, 18288.0], [2982.5, 11433.0], [2982.75, 38303.0], [2984.75, 400.0], [2985.25, 40000.0], [2985.75, 1144.0], [2986.0, 4578.0]]}}}
{"jsonrpc": "2.0", "method": "subscription", "params": {"channel": "book.ETH-2JAN26.none.20.100ms", "data": {"timestamp": 1766244184573, "change_id": 102223106956, "instrument_name": "ETH-2JAN26", "bids": [[2975.5, 1250.0], [2975.25, 1300.0], [2975.0, 1465.0], [2974.75, 4909.0], [2973.75, 1300.0], [2973.0, 6251.0], [2972.75, 2098.0], [2972.5, 7028.0], [2970.0, 1851.0], [2969.75, 6202.0], [2969.5, 30.0], [2969.0, 500.0], [2968.5, 30.0], [2968.0, 16.0], [2967.75, 7174.0], [2967.5, 24035.0], [2967.25, 17487.0], [2967.0, 58984.0], [2966.75, 30.0], [2966.0, 16.0]], "asks": [[2976.0, 4909.0], [2976.25, 373.0], [2976.5, 1250.0], [2977.25, 80.0], [2977.5, 388.0], [2977.75, 1300.0], [2978.0, 388.0], [2978.25, 1300.0], [2978.5, 1841.0], [2978.75, 6167.0], [2979.5, 2083.0], [2979.75, 6978.0], [2980.5, 5459.0], [2980.75, 18288.0], [2982.5, 11433.0], [2982.75, 38303.0], [2984.75, 400.0], [2985.25, 40000.0], [2985.75, 1144.0], [2986.0, 4578.0]]}}}
{"jsonrpc": "2.0", "method": "subscription", "params": {"channel": "book.ETH-2JAN26.none.20.100ms", "data": {"timestamp": 1766244185137, "change_id": 102223107350, "instrument_name": "ETH-2JAN26", "bids": [[2975.25, 1673.0], [2975.0, 2715.0], [2974.75, 4909.0], [2973.0, 6251.0], [2972.75, 2098.0], [2972.5, 7028.0], [2970.0, 1851.0], [2969.75, 6202.0], [2969.5, 30.0], [2969.0, 500.0], [2968.5, 30.0], [2968.0, 16.0], [2967.75, 7174.0], [2967.5, 24035.0], [2967.25, 17487.0], [2967.0, 58984.0], [2966.75, 30.0], [2966.0, 16.0], [2965.75, 38071.0], [2965.0, 30.0]], "asks": [[2976.0, 4909.0], [2976.25, 373.0], [2976.5, 1250.0], [2977.25, 80.0], [2977.5, 388.0], [2977.75, 1300.0], [2978.0, 388.0], [2978.25, 1300.0], [2978.5, 1841.0], [2978.75, 6167.0], [2979.5, 2083.0], [2979.75, 6978.0], [2980.5, 5459.0], [2980.75, 18288.0], [2982.5, 11433.0], [2982.75, 38303.0], [2984.75, 400.0], [2985.25, 40000.0], [2985.75, 1144.0], [2986.0, 4578.0]]}}}
{"jsonrpc": "2.0", "method": "subscription", "params": {"channel": "book.ETH-2JAN26.none.20.100ms", "data": {"timestamp": 1766244185166, "change_id": 102223107371, "instrument_name": "ETH-2JAN26", "bids": [[2975.25, 2550.0], [2975.0, 1465.0], [2974.75, 4909.0], [2973.0, 6251.0], [2972.75, 2098.0], [2972.5, 7028.0], [2970.0, 1851.0], [2969.75, 6202.0], [2969.5, 30.0], [2969.0, 500.0], [2968.5, 30.0], [2968.0, 16.0], [2967.75, 7174.0], [2967.5, 24035.0], [2967.25, 17487.0], [2967.0, 58984.0], [2966.75, 30.0], [2966.0, 16.0], [2965.75, 38071.0], [2965.0, 30.0]], "asks": [[2976.0, 4909.0], [2976.25, 373.0], [2976.5, 1250.0], [2977.25, 80.0], [2977.5, 388.0], [2977.75, 1300.0], [2978.0, 388.0], [2978.25, 1300.0], [2978.5, 1841.0], [2978.75, 6167.0], [2979.5, 2083.0], [2979.75, 6978.0], [2980.5, 5459.0], [2980.75, 18288.0], [2982.5, 11433.0], [2982.75, 38303.0], [2984.75, 400.0], [2985.25, 40000.0], [2985.75, 1144.0], [2986.0, 4578.0]]}}}
{"jsonrpc": "2.0", "method": "subscription", "params": {"channel": "book.ETH-2JAN26.none.20.100ms", "data": {"timestamp": 1766244185808, "change_id": 102223108144, "instrument_name": "ETH-2JAN26", "bids": [[2975.5, 1638.0], [2975.25, 1300.0], [2975.0, 1465.0], [2974.75, 4909.0], [2973.25, 1866.0], [2973.0, 6251.0], [2972.75, 2098.0], [2972.5, 7028.0], [2970.0, 1851.0], [2969.75, 6202.0], [2969.5, 30.0], [2969.0, 500.0], [2968.5, 30.0], [2968.0, 16.0], [2967.75, 7174.0], [2967.5, 24035.0], [2967.25, 17487.0], [2967.0, 58984.0], [2966.75, 30.0], [2966.0, 16.0]], "asks": [[2976.75, 373.0], [2977.0, 1250.0], [2977.25, 80.0], [2977.5, 388.0], [2977.75, 1300.0], [2978.0, 388.0], [2978.25, 1300.0], [2978.5, 1841.0], [2978.75, 6167.0], [2979.5, 2083.0], [2979.75, 6978.0], [2980.5, 5459.0], [2980.75, 18288.0], [2982.5, 11433.0], [2982.75, 38303.0], [2984.75, 400.0], [2985.25, 40000.0], [2985.75, 1144.0], [2986.0, 4578.0], [2987.0, 36645.0]]}}}
{"jsonrpc": "2.0", "method": "subscription", "params": {"channel": "book.ETH-2JAN26.none.20.100ms", "data": {"timestamp": 1766244185983, "change_id": 102223108364, "instrument_name": "ETH-2JAN26", "bids": [[2975.5, 1638.0], [2975.25, 2353.0], [2975.0, 4909.0], [2973.25, 1866.0], [2973.0, 6251.0], [2972.75, 2098.0], [2972.5, 7028.0], [2970.0, 1851.0], [2969.75, 6202.0], [2969.5, 30.0], [2969.0, 500.0], [2968.5, 30.0], [2968.0, 16.0], [2967.75, 7174.0], [2967.5, 24035.0], [2967.25, 17487.0], [2967.0, 58984.0], [2966.75, 30.0], [2966.0, 16.0], [2965.75, 38071.0]], "asks": [[2976.0, 1465.0], [2976.25, 4909.0], [2976.5, 373.0], [2976.75, 1250.0], [2977.25, 80.0], [2977.5, 388.0], [2977.75, 1300.0], [2978.0, 388.0], [2978.25, 1300.0], [2978.5, 1841.0], [2978.75, 6167.0], [2979.5, 2083.0], [2979.75, 6978.0], [2980.5, 5459.0], [2980.75, 18288.0], [2982.5, 11433.0], [2982.75, 38303.0], [2984.75, 400.0], [2985.25, 40000.0], [2985.75, 1144.0]]}}}
{"jsonrpc": "2.0", "method": "subscription", "params": {"channel": "book.ETH-2JAN26.none.20.100ms", "data": {"timestamp": 1766244186343, "change_id": 102223108683, "instrument_name": "ETH-2JAN26", "bids": [[2975.5, 1638.0], [2975.25, 2353.0], [2975.0, 4909.0], [2973.25, 1866.0], [2973.0, 6251.0], [2972.75, 2098.0], [2972.5, 7028.0], [2970.0, 1851.0], [2969.75, 6202.0], [2969.5, 30.0], [2969.0, 500.0], [2968.5, 30.0], [2968.0, 16.0], [2967.75, 7174.0], [2967.5, 24035.0], [2967.25, 17487.0], [2967.0, 58984.0], [2966.75, 30.0], [2966.0, 16.0], [2965.75, 38071.0]], "asks": [[2976.0, 4909.0], [2976.5, 373.0], [2976.75, 4316.0], [2977.0, 10270.0], [2977.25, 80.0], [2978.5, 1841.0], [2978.75, 6167.0], [2979.5, 2083.0], [2979.75, 6978.0], [2980.5, 5459.0], [2980.75, 18288.0], [2982.5, 11433.0], [2982.75, 38303.0], [2984.75, 400.0], [2985.25, 40000.0], [2985.75, 1144.0], [2986.0, 4578.0], [2987.0, 36645.0], [2987.25, 36620.0], [2990.25, 20808.0]]}}}
{"jsonrpc": "2.0", "method": "subscription", "params": {"channel": "book.ETH-2JAN26.none.20.100ms", "data": {"timestamp": 1766244186809, "change_id": 102223109415, "instrument_name": "ETH-2JAN26", "bids": [[2975.25, 1300.0], [2974.75, 1250.0], [2973.25, 1866.0], [2973.0, 6251.0], [2970.0, 1851.0], [2969.75, 6202.0], [2969.5, 30.0], [2969.0, 500.0], [2968.5, 30.0], [2968.0, 16.0], [2967.75, 7174.0], [2967.5, 24035.0], [2967.25, 17487.0], [2967.0, 58984.0], [2966.75, 30.0], [2966.0, 16.0], [2965.75, 38071.0], [2965.0, 30.0], [2964.5, 30.0], [2964.0, 16.0]], "asks": [[2975.5, 4909.0], [2976.25, 373.0], [2976.5, 1250.0], [2976.75, 3146.0], [2977.0, 10270.0], [2978.0, 2054.0], [2978.25, 6882.0], [2978.5, 1841.0], [2978.75, 6167.0], [2980.5, 5459.0], [2980.75, 18288.0], [2982.5, 11433.0], [2982.75, 38303.0], [2984.75, 400.0], [2985.25, 40000.0], [2985.75, 1144.0], [2986.0, 4578.0], [2987.0, 36645.0], [2987.25, 36620.0], [2990.25, 20808.0]]}}}
{"jsonrpc": "2.0", "method": "subscription", "params": {"channel": "book.ETH-2JAN26.none.20.100ms", "data": {"timestamp": 1766244187139, "change_id": 102223110312, "instrument_name": "ETH-2JAN26", "bids": [[2974.75, 1250.0], [2974.25, 1465.0], [2974.0, 4909.0], [2972.0, 1866.0], [2971.75, 6251.0], [2971.0, 2062.0], [2970.75, 6909.0], [2970.5, 1851.0], [2970.25, 6202.0], [2969.5, 30.0], [2969.0, 500.0], [2968.5, 30.0], [2968.0, 16.0], [2967.75, 7174.0], [2967.5, 24035.0], [2967.25, 17487.0], [2967.0, 58984.0], [2966.75, 30.0], [2966.0, 16.0], [2965.75, 38071.0]], "asks": [[2975.25, 4909.0], [2975.75, 373.0], [2976.0, 1250.0], [2976.25, 80.0], [2978.0, 2054.0], [2978.25, 6882.0], [2978.5, 1841.0], [2978.75, 6167.0], [2980.5, 5459.0], [2980.75, 18288.0], [2982.75, 38303.0], [2984.75, 400.0], [2985.25, 40000.0], [2985.75, 1144.0], [2986.0, 4578.0], [2987.0, 36645.0], [2987.25, 36620.0], [2990.25, 20808.0], [2991.25, 40000.0], [2995.0, 38318.0]]}}}
{"jsonrpc": "2.0", "method": "subscription", "params": {"channel": "book.ETH-2JAN26.none.20.100ms", "data": {"timestamp": 1766244187382, "change_id": 102223110848, "instrument_name": "ETH-2JAN26", "bids": [[2975.0, 373.0], [2974.75, 2423.0], [2974.5, 4909.0], [2973.0, 1866.0], [2972.75, 6251.0], [2972.5, 2124.0], [2972.25, 7117.0], [2970.5, 1851.0], [2970.25, 6202.0], [2969.5, 30.0], [2969.0, 500.0], [2968.5, 30.0], [2968.0, 16.0], [2967.75, 7174.0], [2967.5, 24035.0], [2967.25, 17487.0], [2967.0, 58984.0], [2966.75, 30.0], [2966.0, 16.0], [2965.75, 38071.0]], "asks": [[2975.5, 4909.0], [2976.25, 80.0], [2978.25, 373.0], [2978.5, 3091.0], [2978.75, 6167.0], [2979.25, 2108.0], [2979.5, 7063.0], [2980.5, 5459.0], [2980.75, 18288.0], [2982.75, 38303.0], [2984.75, 400.0], [2985.25, 40000.0], [2985.75, 1144.0], [2986.0, 4578.0], [2987.0, 36645.0], [2987.25, 36620.0], [2990.25, 20808.0], [2991.25, 40000.0], [2995.0, 38318.0], [2995.5, 40000.0]]}}}
{"jsonrpc": "2.0", "method": "subscription", "params": {"channel": "book.ETH-2JAN26.none.20.100ms", "data": {"timestamp": 1766244187799, "change_id": 102223111305, "instrument_name": "ETH-2JAN26", "bids": [[2974.75, 2423.0], [2974.5, 4909.0], [2973.0, 1866.0], [2972.75, 6251.0], [2972.5, 2124.0], [2972.25, 7117.0], [2970.5, 1851.0], [2970.25, 6202.0], [2969.5, 30.0], [2969.0, 500.0], [2968.5, 30.0], [2968.0, 16.0], [2967.75, 7174.0], [2967.5, 24035.0], [2967.25, 17487.0], [2967.0, 58984.0], [2966.75, 30.0], [2966.0, 16.0], [2965.75, 38071.0], [2965.0, 30.0]], "asks": [[2975.5, 4909.0], [2976.25, 80.0], [2978.25, 1623.0], [2978.5, 1841.0], [2978.75, 6167.0], [2979.25, 2108.0], [2979.5, 7063.0], [2980.5, 5459.0], [2980.75, 18288.0], [2982.75, 38303.0], [2984.75, 400.0], [2985.25, 40000.0], [2985.75, 1144.0], [2986.0, 4578.0], [2987.0, 36645.0], [2987.25, 36620.0], [2990.25, 20808.0], [2991.25, 40000.0], [2995.0, 38318.0], [2995.5, 40000.0]]}}}
{"jsonrpc": "2.0", "method": "subscription", "params": {"channel": "book.ETH-2JAN26.none.20.100ms", "data": {"timestamp": 1766244188095, "change_id": 102223111626, "instrument_name": "ETH-2JAN26", "bids": [[2974.75, 2423.0], [2974.5, 4909.0], [2973.0, 1866.0], [2972.75, 6251.0], [2972.5, 2124.0], [2972.25, 7117.0], [2970.5, 1851.0], [2970.25, 6202.0], [2969.5, 30.0], [2969.0, 500.0], [2968.5, 30.0], [2968.0, 16.0], [2967.75, 7174.0], [2967.5, 24035.0], [2967.25, 17487.0], [2967.0, 58984.0], [2966.75, 30.0], [2966.0, 16.0], [2965.75, 38071.0], [2965.0, 30.0]], "asks": [[2975.5, 4909.0], [2976.25, 80.0], [2977.5, 388.0], [2977.75, 1300.0], [2978.0, 373.0], [2978.25, 1250.0], [2978.5, 1841.0], [2978.75, 6167.0], [2979.25, 2108.0], [2979.5, 7063.0], [2980.5, 5459.0], [2980.75, 18288.0], [2982.75, 38303.0], [2984.75, 400.0], [2985.25, 40000.0], [2985.75, 1144.0], [2986.0, 4578.0], [2987.0, 36645.0], [2987.25, 36620.0], [2990.25, 20808.0]]}}}
{"jsonrpc": "2.0", "method": "subscription", "params": {"channel": "book.ETH-2JAN26.none.20.100ms", "data": {"timestamp": 1766244188408, "change_id": 102223112013, "instrument_name": "ETH-2JAN26", "bids": [[2974.75, 2423.0], [2974.5, 4909.0], [2973.0, 1866.0], [2972.75, 6251.0], [2972.5, 2124.0], [2972.25, 7117.0], [2970.5, 1851.0], [2970.25, 6202.0], [2969.5, 30.0], [2969.0, 500.0], [2968.5, 30.0], [2968.0, 16.0], [2967.75, 7174.0], [2967.5, 24035.0], [2967.25, 17487.0], [2967.0, 58984.0], [2966.75, 30.0], [2966.0, 16.0], [2965.75, 38071.0], [2965.0, 30.0]], "asks": [[2975.5, 4909.0], [2976.25, 80.0], [2977.5, 712.0], [2977.75, 2550.0], [2978.5, 1841.0], [2978.75, 6167.0], [2979.25, 2108.0], [2979.5, 7063.0], [2980.5, 5459.0], [2980.75, 18288.0], [2982.75, 38303.0], [2984.75, 400.0], [2985.25, 40000.0], [2985.75, 1144.0], [2986.0, 4578.0], [2987.0, 36645.0], [2987.25, 36620.0], [2990.25, 20808.0], [2991.25, 40000.0], [2995.0, 38318.0]]}}}
{"jsonrpc": "2.0", "method": "subscription", "params": {"channel": "book.ETH-2JAN26.none.20.100ms", "data": {"timestamp": 1766244189105, "change_id": 102223113151, "instrument_name": "ETH-2JAN26", "bids": [[2969.5, 30.0], [2969.0, 500.0], [2968.5, 30.0], [2968.0, 2086.0], [2967.75, 6933.0], [2967.5, 24035.0], [2967.25, 17487.0], [2967.0, 58984.0], [2966.75, 30.0], [2966.0, 11380.0], [2965.75, 38071.0], [2965.0, 30.0], [2964.5, 30.0], [2964.0, 16.0], [2963.75, 6343.0], [2963.5, 21251.0], [2963.0, 16.0], [2962.5, 30.0], [2961.75, 40000.0], [2961.5, 30.0]], "asks": [[2974.25, 4909.0], [2975.75, 1380.0], [2977.25, 373.0], [2977.5, 1638.0], [2978.5, 1841.0], [2978.75, 6167.0], [2979.25, 2108.0], [2979.5, 7063.0], [2980.75, 18288.0], [2982.75, 38303.0], [2984.75, 400.0], [2985.25, 40000.0], [2985.75, 1144.0], [2986.0, 4578.0], [2987.0, 36645.0], [2987.25, 36620.0], [2990.25, 20808.0], [2991.25, 40000.0], [2995.0, 38318.0], [2995.5, 40000.0]]}}}
{"jsonrpc": "2.0", "method": "subscription", "params": {"channel": "book.ETH-2JAN26.none.20.100ms", "data": {"timestamp": 1766244189409, "change_id": 102223114864, "instrument_name": "ETH-2JAN26", "bids": [[2973.0, 4909.0], [2970.75, 6964.0], [2969.75, 6251.0], [2969.5, 30.0], [2969.0, 500.0], [2968.75, 6202.0], [2968.5, 30.0], [2968.0, 16.0], [2967.5, 24035.0], [2967.0, 46.0], [2966.75, 30.0], [2966.0, 16.0], [2965.5, 18538.0], [2965.25, 400.0], [2965.0, 30.0], [2964.5, 30.0], [2964.0, 16.0], [2963.5, 21251.0], [2963.0, 38087.0], [2962.5, 30.0]], "asks": [[2974.0, 4909.0], [2975.25, 80.0], [2975.75, 1300.0], [2976.0, 10266.0], [2976.75, 1250.0], [2977.0, 7120.0], [2978.75, 6167.0], [2980.75, 18288.0], [2982.75, 38303.0], [2983.0, 400.0], [2983.5, 40000.0], [2985.75, 1144.0], [2986.0, 4578.0], [2987.0, 36645.0], [2987.25, 36620.0], [2990.25, 20808.0], [2991.25, 40000.0], [2995.0, 38318.0], [2995.5, 40000.0], [2999.0, 25403.0]]}}}
{"jsonrpc": "2.0", "method": "subscription", "params": {"channel": "book.ETH-2JAN26.none.20.100ms", "data": {"timestamp": 1766244189746, "change_id": 102223116814, "instrument_name": "ETH-2JAN26", "bids": [[2973.5, 1250.0], [2973.0, 2836.0], [2972.75, 10256.0], [2970.0, 1866.0], [2969.75, 6251.0], [2969.5, 30.0], [2969.0, 500.0], [2968.75, 7061.0], [2968.5, 30.0], [2968.0, 16.0], [2967.0, 46.0], [2966.75, 30.0], [2966.0, 16.0], [2965.5, 18538.0], [2965.25, 400.0], [2965.0, 40030.0], [2964.5, 30.0], [2964.0, 16.0], [2963.5, 21251.0], [2963.0, 38087.0]], "asks": [[2973.75, 4909.0], [2975.25, 80.0], [2975.5, 388.0], [2975.75, 5988.0], [2976.0, 10266.0], [2977.0, 7120.0], [2978.75, 6167.0], [2980.75, 18288.0], [2982.75, 74948.0], [2983.0, 400.0], [2983.5, 40000.0], [2985.75, 1144.0], [2986.0, 4578.0], [2987.25, 36620.0], [2990.25, 20808.0], [2991.25, 40000.0], [2995.0, 38318.0], [2995.5, 40000.0], [2999.0, 25403.0], [3000.5, 18313.0]]}}}
{"jsonrpc": "2.0", "method": "subscription", "params": {"channel": "book.ETH-2JAN26.none.20.100ms", "data": {"timestamp": 1766244190110, "change_id": 102223117713, "instrument_name": "ETH-2JAN26", "bids": [[2973.25, 373.0], [2973.0, 2715.0], [2972.75, 4909.0], [2970.75, 2103.0], [2970.5, 7046.0], [2970.0, 1866.0], [2969.75, 6251.0], [2969.5, 30.0], [2969.0, 500.0], [2968.5, 30.0], [2968.0, 16.0], [2967.0, 46.0], [2966.75, 30.0], [2966.0, 16.0], [2965.5, 18538.0], [2965.25, 400.0], [2965.0, 40030.0], [2964.5, 30.0], [2964.0, 16.0], [2963.5, 21251.0]], "asks": [[2973.75, 4909.0], [2975.0, 412.0], [2975.25, 1380.0], [2975.5, 1250.0], [2976.75, 2125.0], [2977.0, 7120.0], [2978.75, 6167.0], [2980.75, 18288.0], [2982.75, 74948.0], [2983.0, 400.0], [2983.5, 40000.0], [2985.75, 1144.0], [2986.0, 4578.0], [2987.25, 36620.0], [2990.25, 20808.0], [2991.25, 40000.0], [2995.0, 38318.0], [2995.5, 40000.0], [2999.0, 25403.0], [3000.5, 18313.0]]}}}
{"jsonrpc": "2.0", "method": "subscription", "params": {"channel": "book.ETH-2JAN26.none.20.100ms", "data": {"timestamp": 1766244190427, "change_id": 102223118566, "instrument_name": "ETH-2JAN26", "bids": [[2973.25, 373.0], [2973.0, 2715.0], [2972.75, 4909.0], [2970.75, 2103.0], [2970.5, 7046.0], [2970.0, 1866.0], [2969.75, 6251.0], [2969.5, 30.0], [2969.0, 500.0], [2968.5, 30.0], [2968.0, 16.0], [2967.0, 46.0], [2966.75, 30.0], [2966.0, 16.0], [2965.5, 18538.0], [2965.25, 400.0], [2965.0, 40030.0], [2964.5, 30.0], [2964.0, 16.0], [2963.5, 21251.0]], "asks": [[2973.75, 4909.0], [2975.0, 412.0], [2975.25, 1753.0], [2975.5, 1250.0], [2976.75, 2125.0], [2977.0, 7120.0], [2978.75, 6167.0], [2980.75, 18288.0], [2982.75, 74948.0], [2983.0, 400.0], [2983.5, 40000.0], [2985.75, 1144.0], [2986.0, 4578.0], [2987.25, 36620.0], [2990.25, 20808.0], [2991.25, 40000.0], [2995.0, 38318.0], [2995.5, 40000.0], [2999.0, 25403.0], [3000.5, 18313.0]]}}}
{"jsonrpc": "2.0", "method": "subscription", "params": {"channel": "book.ETH-2JAN26.none.20.100ms", "data": {"timestamp": 1766244190763, "change_id": 102223119000, "instrument_name": "ETH-2JAN26", "bids": [[2973.25, 373.0], [2973.0, 2715.0], [2972.75, 4909.0], [2970.75, 2103.0], [2970.5, 7046.0], [2969.5, 30.0], [2969.0, 500.0], [2968.5, 30.0], [2968.0, 16.0], [2967.5, 1851.0], [2967.25, 6202.0], [2967.0, 46.0], [2966.75, 30.0], [2966.0, 16.0], [2965.5, 18538.0], [2965.25, 400.0], [2965.0, 40030.0], [2964.5, 30.0], [2964.0, 16.0], [2963.5, 21251.0]], "asks": [[2973.75, 1465.0], [2974.0, 4909.0], [2974.75, 80.0], [2975.0, 412.0], [2975.25, 1250.0], [2976.75, 2125.0], [2977.0, 7120.0], [2978.5, 1841.0], [2978.75, 6167.0], [2980.5, 5459.0], [2980.75, 18288.0], [2982.75, 74948.0], [2983.0, 400.0], [2983.5, 40000.0], [2985.75, 1144.0], [2986.0, 4578.0], [2987.25, 36620.0], [2990.25, 20808.0], [2991.25, 40000.0], [2995.0, 38318.0]]}}}
{"jsonrpc": "2.0", "method": "subscription", "params": {"channel": "book.ETH-2JAN26.none.20.100ms", "data": {"timestamp": 1766244191362, "change_id": 102223119859, "instrument_name": "ETH-2JAN26", "bids": [[2973.25, 1250.0], [2973.0, 1465.0], [2972.75, 4909.0], [2970.75, 2103.0], [2970.5, 7046.0], [2969.5, 30.0], [2969.0, 500.0], [2968.5, 30.0], [2968.0, 16.0], [2967.5, 1851.0], [2967.25, 6202.0], [2967.0, 46.0], [2966.75, 30.0], [2966.0, 16.0], [2965.5, 18538.0], [2965.25, 400.0], [2965.0, 40030.0], [2964.5, 30.0], [2964.0, 16.0], [2963.5, 21251.0]], "asks": [[2974.0, 4909.0], [2974.75, 80.0], [2975.0, 412.0], [2975.25, 1250.0], [2976.75, 2125.0], [2977.0, 7120.0], [2978.5, 1841.0], [2978.75, 6167.0], [2980.5, 5459.0], [2980.75, 18288.0], [2982.75, 74948.0], [2983.0, 400.0], [2983.5, 40000.0], [2985.75, 1144.0], [2986.0, 4578.0], [2987.25, 36620.0], [2990.25, 20808.0], [2991.25, 40000.0], [2995.0, 38318.0], [2995.5, 40000.0]]}}}
{"jsonrpc": "2.0", "method": "subscription", "params": {"channel": "book.ETH-2JAN26.none.20.100ms", "data": {"timestamp": 1766244192011, "change_id": 102223120729, "instrument_name": "ETH-2JAN26", "bids": [[2973.25, 2026.0], [2973.0, 4909.0], [2969.5, 30.0], [2969.25, 2347.0], [2969.0, 7863.0], [2968.5, 30.0], [2968.0, 16.0], [2967.5, 1851.0], [2967.25, 6202.0], [2967.0, 46.0], [2966.75, 30.0], [2966.0, 16.0], [2965.5, 18538.0], [2965.25, 400.0], [2965.0, 40030.0], [2964.5, 30.0], [2964.0, 16.0], [2963.5, 21251.0], [2963.0, 38087.0], [2962.5, 30.0]], "asks": [[2974.0, 4909.0], [2974.75, 80.0], [2975.0, 412.0], [2975.25, 1250.0], [2976.75, 2125.0], [2977.0, 7120.0], [2978.5, 1841.0], [2978.75, 6167.0], [2980.5, 5459.0], [2980.75, 18288.0], [2982.75, 74948.0], [2983.0, 400.0], [2983.5, 40000.0], [2985.75, 1144.0], [2986.0, 4578.0], [2987.25, 36620.0], [2990.25, 20808.0], [2991.25, 40000.0], [2995.0, 38318.0], [2995.5, 40000.0]]}}}
{"jsonrpc": "2.0", "method": "subscription", "params": {"channel": "book.ETH-2JAN26.none.20.100ms", "data": {"timestamp": 1766244192372, "change_id": 102223121707, "instrument_name": "ETH-2JAN26", "bids": [[2973.5, 6159.0], [2971.0, 2089.0], [2970.75, 6997.0], [2970.25, 1866.0], [2970.0, 6251.0], [2969.5, 30.0], [2969.0, 500.0], [2968.5, 30.0], [2968.25, 1856.0], [2968.0, 6218.0], [2967.75, 1367.0], [2967.5, 4578.0], [2967.0, 46.0], [2966.75, 30.0], [2966.0, 16.0], [2965.5, 18538.0], [2965.25, 400.0], [2965.0, 40030.0], [2964.5, 30.0], [2964.0, 16.0]], "asks": [[2974.25, 1465.0], [2974.5, 4909.0], [2975.5, 80.0], [2978.0, 2126.0], [2978.25, 7122.0], [2978.5, 1841.0], [2978.75, 6167.0], [2980.5, 5459.0], [2980.75, 18288.0], [2982.5, 22372.0], [2982.75, 74948.0], [2983.0, 400.0], [2983.5, 40000.0], [2985.75, 1144.0], [2986.0, 4578.0], [2987.25, 36620.0], [2990.25, 20808.0], [2991.25, 40000.0], [2995.0, 38318.0], [2995.5, 40000.0]]}}}
{"jsonrpc": "2.0", "method": "subscription", "params": {"channel": "book.ETH-2JAN26.none.20.100ms", "data": {"timestamp": 1766244192459, "change_id": 102223122008, "instrument_name": "ETH-2JAN26", "bids": [[2973.75, 3083.0], [2973.5, 4909.0], [2971.0, 2089.0], [2970.75, 6997.0], [2970.25, 1866.0], [2970.0, 6251.0], [2969.5, 30.0], [2969.0, 500.0], [2968.5, 30.0], [2968.25, 1856.0], [2968.0, 6218.0], [2967.75, 1367.0], [2967.5, 4578.0], [2967.0, 46.0], [2966.75, 30.0], [2966.0, 16.0], [2965.5, 18538.0], [2965.25, 400.0], [2965.0, 40030.0], [2964.5, 30.0]], "asks": [[2974.5, 4909.0], [2975.5, 453.0], [2975.75, 1250.0], [2978.0, 2126.0], [2978.25, 7122.0], [2978.5, 1841.0], [2978.75, 6167.0], [2980.5, 5459.0], [2980.75, 18288.0], [2982.5, 22372.0], [2982.75, 74948.0], [2983.0, 400.0], [2983.5, 40000.0], [2985.75, 1144.0], [2986.0, 4578.0], [2987.25, 36620.0], [2990.25, 20808.0], [2991.25, 40000.0], [2995.0, 38318.0], [2995.5, 40000.0]]}}}
{"jsonrpc": "2.0", "method": "subscription", "params": {"channel": "book.ETH-2JAN26.none.20.100ms", "data": {"timestamp": 1766244192883, "change_id": 102223122969, "instrument_name": "ETH-2JAN26", "bids": [[2973.75, 3083.0], [2973.5, 4909.0], [2971.0, 2089.0], [2970.75, 6997.0], [2970.25, 1866.0], [2970.0, 6251.0], [2969.5, 30.0], [2969.0, 500.0], [2968.5, 30.0], [2968.25, 1856.0], [2968.0, 6218.0], [2967.75, 1367.0], [2967.5, 5722.0], [2967.0, 46.0], [2966.75, 30.0], [2966.0, 16.0], [2965.5, 18538.0], [2965.25, 400.0], [2965.0, 40030.0], [2964.5, 30.0]], "asks": [[2974.5, 4909.0], [2975.0, 373.0], [2975.25, 1250.0], [2975.5, 80.0], [2978.0, 2126.0], [2978.25, 7122.0], [2978.5, 1841.0], [2978.75, 6167.0], [2980.5, 5459.0], [2980.75, 18288.0], [2982.5, 22372.0], [2982.75, 74948.0], [2983.0, 400.0], [2983.5, 40000.0], [2985.75, 1144.0], [2986.0, 4578.0], [2987.25, 36620.0], [2990.25, 20808.0], [2991.25, 40000.0], [2995.0, 38318.0]]}}}
{"jsonrpc": "2.0", "method": "subscription", "params": {"channel": "book.ETH-2JAN26.none.20.100ms", "data": {"timestamp": 1766244193174, "change_id": 102223123515, "instrument_name": "ETH-2JAN26", "bids": [[2973.75, 3083.0], [2973.5, 4909.0], [2971.0, 2089.0], [2970.75, 6997.0], [2970.25, 1866.0], [2970.0, 6251.0], [2969.5, 30.0], [2969.0, 500.0], [2968.5, 30.0], [2968.25, 1856.0], [2968.0, 6218.0], [2967.75, 1367.0], [2967.5, 5722.0], [2967.0, 46.0], [2966.75, 30.0], [2966.0, 16.0], [2965.5, 18538.0], [2965.25, 400.0], [2965.0, 40030.0], [2964.5, 30.0]], "asks": [[2974.5, 1465.0], [2974.75, 4909.0], [2975.0, 373.0], [2975.25, 1250.0], [2975.5, 80.0], [2978.0, 2126.0], [2978.25, 7122.0], [2978.5, 1841.0], [2978.75, 6167.0], [2980.5, 5459.0], [2980.75, 18288.0], [2982.5, 22372.0], [2982.75, 74948.0], [2983.0, 400.0], [2983.5, 40000.0], [2985.75, 1144.0], [2986.0, 4578.0], [2987.25, 36620.0], [2990.25, 20808.0], [2991.25, 40000.0]]}}}
{"jsonrpc": "2.0", "method": "subscription", "params": {"channel": "book.ETH-2JAN26.none.20.100ms", "data": {"timestamp": 1766244194174, "change_id": 102223124794, "instrument_name": "ETH-2JAN26", "bids": [[2974.0, 2450.0], [2973.75, 2299.0], [2973.5, 4909.0], [2971.0, 2089.0], [2970.75, 6997.0], [2970.25, 1866.0], [2970.0, 6251.0], [2969.5, 30.0], [2969.0, 500.0], [2968.5, 30.0], [2968.25, 1856.0], [2968.0, 6218.0], [2967.75, 1367.0], [2967.5, 5722.0], [2967.0, 46.0], [2966.75, 30.0], [2966.0, 16.0], [2965.5, 18538.0], [2965.25, 400.0], [2965.0, 40030.0]], "asks": [[2974.5, 1465.0], [2974.75, 4909.0], [2975.0, 373.0], [2975.25, 1250.0], [2975.5, 80.0], [2978.0, 2126.0], [2978.25, 7122.0], [2978.5, 1841.0], [2978.75, 6167.0], [2980.5, 5459.0], [2980.75, 18288.0], [2982.5, 22372.0], [2982.75, 74948.0], [2983.0, 400.0], [2983.5, 40000.0], [2985.75, 1144.0], [2986.0, 4578.0], [2987.25, 36620.0], [2990.25, 20808.0], [2991.25, 40000.0]]}}}
{"jsonrpc": "2.0", "method": "subscription", "params": {"channel": "book.ETH-2JAN26.none.20.100ms", "data": {"timestamp": 1766244195196, "change_id": 102223125842, "instrument_name": "ETH-2JAN26", "bids": [[2974.0, 2450.0], [2973.75, 2299.0], [2973.5, 4909.0], [2971.5, 1866.0], [2971.25, 6251.0], [2971.0, 2089.0], [2970.75, 6997.0], [2969.5, 30.0], [2969.0, 2351.0], [2968.75, 6202.0], [2968.5, 30.0], [2968.0, 16.0], [2967.75, 1367.0], [2967.5, 5722.0], [2967.0, 46.0], [2966.75, 30.0], [2966.0, 16.0], [2965.5, 18538.0], [2965.25, 400.0], [2965.0, 40030.0]], "asks": [[2974.5, 1465.0], [2974.75, 4909.0], [2975.0, 373.0], [2975.25, 1250.0], [2975.5, 80.0], [2978.0, 2126.0], [2978.25, 7122.0], [2978.5, 1841.0], [2978.75, 6167.0], [2980.5, 5459.0], [2980.75, 18288.0], [2982.5, 22372.0], [2982.75, 74948.0], [2983.0, 400.0], [2983.5, 40000.0], [2985.75, 1144.0], [2986.0, 4578.0], [2987.25, 36620.0], [2990.25, 20808.0], [2991.25, 40000.0]]}}}
{"jsonrpc": "2.0", "method": "subscription", "params": {"channel": "book.ETH-2JAN26.none.20.100ms", "data": {"timestamp": 1766244195648, "change_id": 102223126448, "instrument_name": "ETH-2JAN26", "bids": [[2974.0, 1200.0], [2973.75, 3549.0], [2973.5, 4909.0], [2971.5, 1866.0], [2971.25, 6251.0], [2971.0, 2089.0], [2970.75, 6997.0], [2969.5, 30.0], [2969.0, 2351.0], [2968.75, 6202.0], [2968.5, 30.0], [2968.0, 16.0], [2967.75, 1367.0], [2967.5, 5722.0], [2967.0, 46.0], [2966.75, 30.0], [2966.0, 16.0], [2965.5, 18538.0], [2965.25, 400.0], [2965.0, 40030.0]], "asks": [[2974.5, 1465.0], [2974.75, 4909.0], [2975.0, 373.0], [2975.25, 1250.0], [2975.5, 80.0], [2978.0, 2126.0], [2978.25, 7122.0], [2978.5, 1841.0], [2978.75, 6167.0], [2980.5, 5459.0], [2980.75, 18288.0], [2982.5, 22372.0], [2982.75, 74948.0], [2983.0, 400.0], [2983.5, 40000.0], [2985.75, 1144.0], [2986.0, 4578.0], [2987.25, 36620.0], [2990.25, 20808.0], [2991.25, 40000.0]]}}}
{"jsonrpc": "2.0", "method": "subscription", "params": {"channel": "book.ETH-2JAN26.none.20.100ms", "data": {"timestamp": 1766244196005, "change_id": 102223126771, "instrument_name": "ETH-2JAN26", "bids": [[2974.0, 1200.0], [2973.75, 3549.0], [2973.5, 4909.0], [2971.75, 1300.0], [2971.5, 1866.0], [2971.25, 6251.0], [2971.0, 2089.0], [2970.75, 6997.0], [2969.5, 30.0], [2969.0, 2351.0], [2968.75, 6202.0], [2968.5, 30.0], [2968.0, 16.0], [2967.75, 1367.0], [2967.5, 5722.0], [2967.0, 46.0], [2966.75, 30.0], [2966.0, 16.0], [2965.5, 18538.0], [2965.25, 400.0]], "asks": [[2974.5, 1465.0], [2974.75, 4909.0], [2975.0, 373.0], [2975.25, 1250.0], [2975.5, 80.0], [2978.0, 2126.0], [2978.25, 7122.0], [2978.5, 1841.0], [2978.75, 6167.0], [2980.5, 5459.0], [2980.75, 18288.0], [2982.5, 22372.0], [2982.75, 74948.0], [2983.0, 400.0], [2983.5, 40000.0], [2985.75, 1144.0], [2986.0, 4578.0], [2987.25, 36620.0], [2990.25, 20808.0], [2991.25, 40000.0]]}}}
{"jsonrpc": "2.0", "method": "subscription", "params": {"channel": "book.ETH-2JAN26.none.20.100ms", "data": {"timestamp": 1766244196152, "change_id": 102223127006, "instrument_name": "ETH-2JAN26", "bids": [[2974.0, 1200.0], [2973.75, 3549.0], [2973.5, 4909.0], [2971.75, 1300.0], [2971.5, 1866.0], [2971.25, 6251.0], [2971.0, 2089.0], [2970.75, 6997.0], [2969.5, 30.0], [2969.0, 6702.0], [2968.5, 30.0], [2968.0, 16.0], [2967.75, 1367.0], [2967.5, 5722.0], [2967.0, 46.0], [2966.75, 30.0], [2966.0, 16.0], [2965.5, 18538.0], [2965.25, 400.0], [2965.0, 40030.0]], "asks": [[2974.5, 1465.0], [2974.75, 4909.0], [2975.0, 373.0], [2975.25, 1250.0], [2975.5, 80.0], [2978.0, 2126.0], [2978.25, 7122.0], [2978.5, 1841.0], [2978.75, 6167.0], [2980.5, 5459.0], [2980.75, 18288.0], [2982.5, 22372.0], [2982.75, 74948.0], [2983.0, 400.0], [2983.5, 40000.0], [2985.75, 1144.0], [2986.0, 4578.0], [2987.25, 36620.0], [2990.25, 20808.0], [2991.25, 40000.0]]}}}
{"jsonrpc": "2.0", "method": "subscription", "params": {"channel": "book.ETH-2JAN26.none.20.100ms", "data": {"timestamp": 1766244197371, "change_id": 102223129295, "instrument_name": "ETH-2JAN26", "bids": [[2972.0, 388.0], [2971.75, 1300.0], [2969.5, 30.0], [2968.5, 30.0], [2968.0, 16.0], [2967.75, 1367.0], [2967.5, 5722.0], [2967.0, 46.0], [2966.75, 30.0], [2966.0, 2129.0], [2965.75, 7078.0], [2965.25, 12349.0], [2965.0, 40030.0], [2964.5, 30.0], [2964.0, 16.0], [2963.75, 18313.0], [2963.5, 21251.0], [2963.0, 38087.0], [2962.5, 30.0], [2962.0, 18538.0]], "asks": [[2974.5, 80.0], [2975.0, 373.0], [2975.25, 1250.0], [2978.0, 2126.0], [2978.5, 1841.0], [2978.75, 6167.0], [2982.75, 38303.0], [2983.0, 400.0], [2983.5, 40000.0], [2983.75, 18288.0], [2985.75, 1144.0], [2986.0, 4578.0], [2987.25, 36620.0], [2987.75, 36645.0], [2990.25, 20808.0], [2991.25, 40000.0], [2995.0, 38318.0], [2995.5, 40000.0], [2999.0, 25403.0], [3000.5, 18313.0]]}}}
{"jsonrpc": "2.0", "method": "subscription", "params": {"channel": "book.ETH-2JAN26.none.20.100ms", "data": {"timestamp": 1766244197612, "change_id": 102223130933, "instrument_name": "ETH-2JAN26", "bids": [[2972.5, 2550.0], [2972.25, 2602.0], [2972.0, 5297.0], [2969.75, 2293.0], [2969.5, 7681.0], [2968.5, 30.0], [2968.0, 16.0], [2967.75, 1367.0], [2967.5, 5722.0], [2967.0, 46.0], [2966.75, 1896.0], [2966.5, 6251.0], [2966.0, 16.0], [2965.25, 12349.0], [2965.0, 41881.0], [2964.75, 6202.0], [2964.5, 30.0], [2964.0, 16.0], [2963.75, 18313.0], [2963.5, 21251.0]], "asks": [[2973.25, 4909.0], [2973.75, 373.0], [2974.0, 1250.0], [2974.5, 80.0], [2976.0, 2178.0], [2976.25, 7295.0], [2978.5, 1841.0], [2978.75, 6167.0], [2982.75, 38303.0], [2983.0, 400.0], [2983.5, 40000.0], [2983.75, 18288.0], [2985.75, 1144.0], [2986.0, 4578.0], [2987.25, 36620.0], [2987.75, 36645.0], [2988.0, 40000.0], [2990.25, 20808.0], [2991.25, 40000.0], [2995.0, 38318.0]]}}}
{"jsonrpc": "2.0", "method": "subscription", "params": {"channel": "book.ETH-2JAN26.none.20.100ms", "data": {"timestamp": 1766244197997, "change_id": 102223131517, "instrument_name": "ETH-2JAN26", "bids": [[2972.5, 2938.0], [2972.25, 6209.0], [2969.75, 2293.0], [2969.5, 7681.0], [2968.5, 30.0], [2968.0, 16.0], [2967.75, 1367.0], [2967.5, 5722.0], [2967.0, 46.0], [2966.75, 1896.0], [2966.5, 6251.0], [2966.0, 16.0], [2965.25, 12349.0], [2965.0, 41881.0], [2964.75, 6202.0], [2964.5, 30.0], [2964.0, 16.0], [2963.75, 18313.0], [2963.5, 21251.0], [2963.0, 38087.0]], "asks": [[2973.25, 4909.0], [2973.75, 373.0], [2974.0, 1250.0], [2974.5, 80.0], [2976.0, 2178.0], [2976.25, 7295.0], [2978.5, 1841.0], [2978.75, 6167.0], [2982.75, 38303.0], [2983.0, 400.0], [2983.5, 40000.0], [2983.75, 18288.0], [2985.75, 1144.0], [2986.0, 4578.0], [2987.25, 36620.0], [2987.75, 36645.0], [2988.0, 40000.0], [2990.25, 20808.0], [2991.25, 40000.0], [2995.0, 38318.0]]}}}
{"jsonrpc": "2.0", "method": "subscription", "params": {"channel": "book.ETH-2JAN26.none.20.100ms", "data": {"timestamp": 1766244198700, "change_id": 102223132669, "instrument_name": "ETH-2JAN26", "bids": [[2972.5, 3791.0], [2972.25, 6209.0], [2969.75, 2293.0], [2969.5, 7681.0], [2968.5, 30.0], [2968.0, 16.0], [2967.0, 46.0], [2966.75, 1896.0], [2966.5, 6251.0], [2966.0, 16.0], [2965.25, 12349.0], [2965.0, 41881.0], [2964.75, 6202.0], [2964.5, 30.0], [2964.0, 16.0], [2963.5, 21251.0], [2963.0, 38087.0], [2962.5, 30.0], [2962.0, 18538.0], [2961.5, 30.0]], "asks": [[2973.5, 4909.0], [2973.75, 373.0], [2974.0, 1250.0], [2974.5, 80.0], [2976.0, 2178.0], [2976.25, 7295.0], [2978.5, 1841.0], [2978.75, 6167.0], [2982.75, 38303.0], [2983.0, 400.0], [2983.5, 40000.0], [2983.75, 18288.0], [2985.75, 1144.0], [2986.0, 4578.0], [2987.25, 36620.0], [2987.75, 36645.0], [2988.0, 40000.0], [2990.25, 20808.0], [2991.25, 40000.0], [2995.0, 38318.0]]}}}
{"jsonrpc": "2.0", "method": "subscription", "params": {"channel": "book.ETH-2JAN26.none.20.100ms", "data": {"timestamp": 1766244198971, "change_id": 102223132945, "instrument_name": "ETH-2JAN26", "bids": [[2972.5, 3791.0], [2972.25, 4909.0], [2969.75, 2293.0], [2969.5, 7681.0], [2968.5, 30.0], [2968.0, 16.0], [2967.0, 46.0], [2966.75, 1896.0], [2966.5, 6251.0], [2966.0, 16.0], [2965.25, 12349.0], [2965.0, 41881.0], [2964.75, 6202.0], [2964.5, 30.0], [2964.0, 16.0], [2963.5, 21251.0], [2963.0, 38087.0], [2962.5, 30.0], [2962.0, 18538.0], [2961.5, 30.0]], "asks": [[2973.25, 1435.0], [2973.5, 4909.0], [2973.75, 373.0], [2974.0, 1250.0], [2974.5, 80.0], [2976.0, 2178.0], [2976.25, 7295.0], [2978.5, 1841.0], [2978.75, 6167.0], [2982.75, 38303.0], [2983.0, 400.0], [2983.5, 40000.0], [2983.75, 18288.0], [2985.75, 1144.0], [2986.0, 4578.0], [2987.25, 36620.0], [2987.75, 36645.0], [2988.0, 40000.0], [2990.25, 20808.0], [2991.25, 40000.0]]}}}
{"jsonrpc": "2.0", "method": "subscription", "params": {"channel": "book.ETH-2JAN26.none.20.100ms", "data": {"timestamp": 1766244199686, "change_id": 102223134533, "instrument_name": "ETH-2JAN26", "bids": [[2972.25, 2241.0], [2972.0, 6597.0], [2971.75, 373.0], [2971.5, 1250.0], [2969.5, 530.0], [2968.75, 2106.0], [2968.5, 7055.0], [2968.0, 16.0], [2967.0, 46.0], [2966.75, 1896.0], [2966.5, 6251.0], [2966.0, 16.0], [2965.25, 11949.0], [2965.0, 41881.0], [2964.75, 6202.0], [2964.5, 30.0], [2964.0, 16.0], [2963.75, 6343.0], [2963.5, 21651.0], [2963.0, 16.0]], "asks": [[2973.0, 1465.0], [2973.25, 4909.0], [2973.75, 373.0], [2974.0, 1330.0], [2976.0, 2178.0], [2976.25, 7295.0], [2978.5, 1841.0], [2978.75, 6167.0], [2981.75, 40000.0], [2982.75, 38303.0], [2983.0, 400.0], [2983.75, 18288.0], [2985.75, 1144.0], [2986.0, 4578.0], [2987.25, 36620.0], [2987.75, 36645.0], [2988.0, 40000.0], [2990.25, 20808.0], [2991.25, 40000.0], [2995.0, 38318.0]]}}}
{"jsonrpc": "2.0", "method": "subscription", "params": {"channel": "book.ETH-2JAN26.none.20.100ms", "data": {"timestamp": 1766244199996, "change_id": 102223134949, "instrument_name": "ETH-2JAN26", "bids": [[2972.25, 2938.0], [2972.0, 4909.0], [2969.5, 530.0], [2968.75, 2106.0], [2968.5, 7055.0], [2968.0, 16.0], [2967.0, 46.0], [2966.75, 1896.0], [2966.5, 6251.0], [2966.0, 16.0], [2965.25, 11949.0], [2965.0, 41881.0], [2964.75, 6202.0], [2964.5, 30.0], [2964.0, 16.0], [2963.75, 6343.0], [2963.5, 21651.0], [2963.0, 16.0], [2962.5, 30.0], [2962.0, 18538.0]], "asks": [[2972.75, 1260.0], [2973.0, 4909.0], [2973.25, 373.0], [2973.5, 1250.0], [2974.0, 80.0], [2976.0, 2178.0], [2976.25, 7295.0], [2978.5, 1841.0], [2978.75, 6167.0], [2981.75, 40000.0], [2982.75, 38303.0], [2983.0, 400.0], [2983.75, 18288.0], [2985.75, 1144.0], [2986.0, 4578.0], [2987.25, 36620.0], [2987.75, 36645.0], [2988.0, 40000.0], [2990.25, 20808.0], [2991.25, 40000.0]]}}}
{"jsonrpc": "2.0", "method": "subscription", "params": {"channel": "book.ETH-2JAN26.none.20.100ms", "data": {"timestamp": 1766244200318, "change_id": 102223135453, "instrument_name": "ETH-2JAN26", "bids": [[2972.5, 3086.0], [2972.25, 6209.0], [2969.5, 530.0], [2968.75, 2106.0], [2968.5, 7055.0], [2968.0, 16.0], [2967.0, 46.0], [2966.75, 1896.0], [2966.5, 6251.0], [2966.25, 1371.0], [2966.0, 4594.0], [2965.25, 11949.0], [2965.0, 41881.0], [2964.75, 6202.0], [2964.5, 30.0], [2964.0, 16.0], [2963.5, 21651.0], [2963.0, 16.0], [2962.5, 30.0], [2962.0, 18538.0]], "asks": [[2973.25, 4909.0], [2973.75, 397.0], [2974.0, 1330.0], [2976.0, 2178.0], [2976.25, 7295.0], [2978.5, 1841.0], [2978.75, 6167.0], [2981.75, 40000.0], [2982.75, 38303.0], [2983.0, 400.0], [2983.75, 18288.0], [2985.75, 1144.0], [2986.0, 4578.0], [2987.25, 36620.0], [2987.75, 36645.0], [2988.0, 40000.0], [2990.25, 20808.0], [2991.25, 40000.0], [2995.0, 38318.0], [2999.0, 25403.0]]}}}
{"jsonrpc": "2.0", "method": "subscription", "params": {"channel": "book.ETH-2JAN26.none.20.100ms", "data": {"timestamp": 1766244200846, "change_id": 102223136204, "instrument_name": "ETH-2JAN26", "bids": [[2972.5, 2550.0], [2972.25, 1465.0], [2972.0, 4909.0], [2969.5, 530.0], [2968.75, 2106.0], [2968.5, 7055.0], [2968.0, 16.0], [2967.0, 46.0], [2966.75, 1896.0], [2966.5, 6251.0], [2966.25, 1371.0], [2966.0, 4594.0], [2965.25, 11949.0], [2965.0, 41881.0], [2964.75, 6202.0], [2964.5, 30.0], [2964.0, 16.0], [2963.5, 21651.0], [2963.0, 16.0], [2962.5, 30.0]], "asks": [[2973.0, 1346.0], [2973.25, 4909.0], [2973.5, 373.0], [2973.75, 1250.0], [2974.0, 80.0], [2976.0, 2178.0], [2976.25, 7295.0], [2978.5, 1841.0], [2978.75, 6167.0], [2981.75, 40000.0], [2982.75, 38303.0], [2983.0, 400.0], [2983.75, 18288.0], [2985.75, 1144.0], [2986.0, 4578.0], [2987.25, 36620.0], [2987.75, 36645.0], [2988.0, 40000.0], [2990.25, 20808.0], [2991.25, 40000.0]]}}}
{"jsonrpc": "2.0", "method": "subscription", "params": {"channel": "book.ETH-2JAN26.none.20.100ms", "data": {"timestamp": 1766244201083, "change_id": 102223136420, "instrument_name": "ETH-2JAN26", "bids": [[2972.5, 2550.0], [2972.25, 1465.0], [2972.0, 4909.0], [2969.5, 530.0], [2968.75, 2106.0], [2968.5, 7055.0], [2968.0, 16.0], [2967.0, 46.0], [2966.75, 1896.0], [2966.5, 6251.0], [2966.25, 1371.0], [2966.0, 4594.0], [2965.25, 11949.0], [2965.0, 41881.0], [2964.75, 6202.0], [2964.5, 30.0], [2964.0, 16.0], [2963.5, 21651.0], [2963.0, 16.0], [2962.5, 30.0]], "asks": [[2973.0, 1346.0], [2973.25, 4909.0], [2973.5, 373.0], [2973.75, 1250.0], [2974.0, 80.0], [2976.0, 2178.0], [2976.25, 7295.0], [2978.5, 1841.0], [2978.75, 6167.0], [2981.75, 40000.0], [2982.75, 38303.0], [2983.0, 400.0], [2983.75, 18288.0], [2985.75, 1144.0], [2986.0, 4578.0], [2987.25, 36620.0], [2987.75, 36645.0], [2988.0, 40000.0], [2990.25, 20808.0], [2991.25, 40000.0]]}}}
{"jsonrpc": "2.0", "method": "subscription", "params": {"channel": "book.ETH-2JAN26.none.20.100ms", "data": {"timestamp": 1766244201506, "change_id": 102223136945, "instrument_name": "ETH-2JAN26", "bids": [[2972.5, 2550.0], [2972.25, 1465.0], [2972.0, 4909.0], [2969.5, 530.0], [2968.75, 2106.0], [2968.5, 7055.0], [2968.0, 16.0], [2967.0, 46.0], [2966.75, 1896.0], [2966.5, 6251.0], [2966.25, 1371.0], [2966.0, 5738.0], [2965.25, 11949.0], [2965.0, 41881.0], [2964.75, 6202.0], [2964.5, 30.0], [2964.0, 16.0], [2963.5, 21651.0], [2963.0, 16.0], [2962.5, 30.0]], "asks": [[2973.0, 1346.0], [2973.25, 4909.0], [2973.5, 373.0], [2973.75, 1250.0], [2974.0, 80.0], [2976.0, 2178.0], [2976.25, 7295.0], [2978.5, 1841.0], [2978.75, 6167.0], [2981.75, 40000.0], [2982.75, 38303.0], [2983.0, 400.0], [2983.75, 18288.0], [2985.75, 1144.0], [2986.0, 4578.0], [2987.25, 36620.0], [2987.75, 36645.0], [2988.0, 40000.0], [2990.25, 20808.0], [2991.25, 40000.0]]}}}
{"jsonrpc": "2.0", "method": "subscription", "params": {"channel": "book.ETH-2JAN26.none.20.100ms", "data": {"timestamp": 1766244202291, "change_id": 102223137909, "instrument_name": "ETH-2JAN26", "bids": [[2972.5, 3452.0], [2972.25, 4909.0], [2969.5, 530.0], [2968.75, 2106.0], [2968.5, 7055.0], [2968.0, 16.0], [2967.0, 46.0], [2966.75, 1896.0], [2966.5, 6251.0], [2966.25, 1371.0], [2966.0, 5738.0], [2965.25, 11949.0], [2965.0, 41881.0], [2964.75, 6202.0], [2964.5, 30.0], [2964.0, 16.0], [2963.5, 21651.0], [2963.0, 16.0], [2962.5, 30.0], [2962.25, 18313.0]], "asks": [[2973.25, 1466.0], [2973.5, 5282.0], [2973.75, 1250.0], [2974.0, 80.0], [2976.0, 2119.0], [2976.25, 7100.0], [2978.5, 1841.0], [2978.75, 6167.0], [2981.75, 40000.0], [2982.75, 38303.0], [2983.0, 400.0], [2983.75, 18288.0], [2985.75, 1144.0], [2986.0, 4578.0], [2987.25, 36620.0], [2987.75, 36645.0], [2988.0, 40000.0], [2990.25, 20808.0], [2991.25, 40000.0], [2995.0, 38318.0]]}}}
{"jsonrpc": "2.0", "method": "subscription", "params": {"channel": "book.ETH-2JAN26.none.20.100ms", "data": {"timestamp": 1766244202553, "change_id": 102223138440, "instrument_name": "ETH-2JAN26", "bids": [[2972.5, 3452.0], [2972.25, 4909.0], [2969.5, 530.0], [2969.25, 1866.0], [2969.0, 6251.0], [2968.75, 2106.0], [2968.5, 7055.0], [2968.0, 16.0], [2967.5, 1851.0], [2967.25, 6202.0], [2967.0, 46.0], [2966.75, 30.0], [2966.25, 1371.0], [2966.0, 5738.0], [2965.25, 30487.0], [2965.0, 40030.0], [2964.5, 38101.0], [2964.0, 16.0], [2963.5, 21651.0], [2963.0, 16.0]], "asks": [[2973.25, 1466.0], [2973.5, 5282.0], [2973.75, 1250.0], [2974.0, 80.0], [2976.0, 2119.0], [2976.25, 7100.0], [2978.0, 1841.0], [2978.25, 6167.0], [2979.0, 18288.0], [2981.75, 40000.0], [2982.0, 36645.0], [2982.75, 38303.0], [2983.0, 400.0], [2985.75, 1144.0], [2986.0, 4578.0], [2987.25, 36620.0], [2988.0, 40000.0], [2990.25, 20808.0], [2991.25, 40000.0], [2995.0, 38318.0]]}}}
{"jsonrpc": "2.0", "method": "subscription", "params": {"channel": "book.ETH-2JAN26.none.20.100ms", "data": {"timestamp": 1766244202965, "change_id": 102223138833, "instrument_name": "ETH-2JAN26", "bids": [[2972.75, 2550.0], [2972.5, 902.0], [2972.25, 4909.0], [2969.5, 530.0], [2969.25, 1866.0], [2969.0, 6251.0], [2968.75, 2106.0], [2968.5, 7055.0], [2968.0, 16.0], [2967.5, 1851.0], [2967.25, 6202.0], [2967.0, 46.0], [2966.75, 30.0], [2966.25, 1371.0], [2966.0, 5738.0], [2965.25, 30487.0], [2965.0, 40030.0], [2964.5, 38101.0], [2964.0, 16.0], [2963.5, 21651.0]], "asks": [[2973.25, 1466.0], [2973.5, 5282.0], [2973.75, 397.0], [2974.0, 1330.0], [2976.0, 2119.0], [2976.25, 7100.0], [2978.0, 1841.0], [2978.25, 6167.0], [2978.75, 5459.0], [2979.0, 18288.0], [2981.75, 40000.0], [2982.0, 36645.0], [2982.75, 38303.0], [2983.0, 400.0], [2985.75, 1144.0], [2986.0, 4578.0], [2987.25, 36620.0], [2988.0, 40000.0], [2990.25, 20808.0], [2991.25, 40000.0]]}}}
{"jsonrpc": "2.0", "method": "subscription", "params": {"channel": "book.ETH-2JAN26.none.20.100ms", "data": {"timestamp": 1766244205581, "change_id": 102223141619, "instrument_name": "ETH-2JAN26", "bids": [[2972.75, 2550.0], [2972.5, 902.0], [2972.25, 4909.0], [2969.5, 2396.0], [2969.25, 6251.0], [2968.75, 2106.0], [2968.5, 7055.0], [2968.0, 16.0], [2967.5, 1851.0], [2967.25, 6202.0], [2967.0, 46.0], [2966.75, 30.0], [2966.25, 1371.0], [2966.0, 5738.0], [2965.25, 30487.0], [2965.0, 40030.0], [2964.5, 38101.0], [2964.0, 16.0], [2963.5, 21651.0], [2963.0, 16.0]], "asks": [[2973.25, 1466.0], [2973.5, 5282.0], [2973.75, 397.0], [2974.0, 1330.0], [2976.0, 2119.0], [2976.25, 7100.0], [2978.0, 1841.0], [2978.25, 6167.0], [2978.75, 5459.0], [2979.0, 18288.0], [2981.75, 40000.0], [2982.0, 36645.0], [2982.75, 38303.0], [2983.0, 400.0], [2985.75, 1144.0], [2986.0, 4578.0], [2987.25, 36620.0], [2988.0, 40000.0], [2990.25, 20808.0], [2991.25, 40000.0]]}}}
{"jsonrpc": "2.0", "method": "subscription", "params": {"channel": "book.ETH-2JAN26.none.20.100ms", "data": {"timestamp": 1766244206494, "change_id": 102223142610, "instrument_name": "ETH-2JAN26", "bids": [[2972.75, 2550.0], [2972.5, 1465.0], [2972.25, 4909.0], [2969.5, 2396.0], [2969.25, 6251.0], [2968.75, 2106.0], [2968.5, 7055.0], [2968.0, 16.0], [2967.5, 1851.0], [2967.25, 6202.0], [2967.0, 46.0], [2966.75, 30.0], [2966.25, 1371.0], [2966.0, 5738.0], [2965.25, 30487.0], [2965.0, 40030.0], [2964.5, 38101.0], [2964.0, 16.0], [2963.5, 21651.0], [2963.0, 16.0]], "asks": [[2973.25, 1466.0], [2973.5, 5282.0], [2973.75, 397.0], [2974.0, 1330.0], [2976.0, 2119.0], [2976.25, 7100.0], [2978.0, 1841.0], [2978.25, 6167.0], [2978.75, 5459.0], [2979.0, 18288.0], [2981.75, 40000.0], [2982.0, 36645.0], [2982.75, 38303.0], [2983.0, 400.0], [2985.75, 1144.0], [2986.0, 4578.0], [2987.25, 36620.0], [2988.0, 40000.0], [2990.25, 20808.0], [2991.25, 40000.0]]}}}
{"jsonrpc": "2.0", "method": "subscription", "params": {"channel": "book.ETH-2JAN26.none.20.100ms", "data": {"timestamp": 1766244207321, "change_id": 102223143317, "instrument_name": "ETH-2JAN26", "bids": [[2972.75, 2550.0], [2972.5, 4913.0], [2969.5, 530.0], [2969.25, 1866.0], [2969.0, 6251.0], [2968.75, 2106.0], [2968.5, 7055.0], [2968.0, 16.0], [2967.5, 1851.0], [2967.25, 6202.0], [2967.0, 46.0], [2966.75, 30.0], [2966.25, 1371.0], [2966.0, 5738.0], [2965.25, 30487.0], [2965.0, 40030.0], [2964.5, 38101.0], [2964.0, 16.0], [2963.5, 21651.0], [2963.0, 16.0]], "asks": [[2973.25, 4913.0], [2973.75, 397.0], [2974.0, 1330.0], [2976.0, 2119.0], [2976.25, 7100.0], [2978.0, 1841.0], [2978.25, 6167.0], [2978.75, 5459.0], [2979.0, 18288.0], [2981.75, 40000.0], [2982.0, 36645.0], [2982.75, 38303.0], [2983.0, 400.0], [2985.75, 1144.0], [2986.0, 4578.0], [2987.25, 36620.0], [2988.0, 40000.0], [2990.25, 20808.0], [2991.25, 40000.0], [2995.0, 38318.0]]}}}
{"jsonrpc": "2.0", "method": "subscription", "params": {"channel": "book.ETH-2JAN26.none.20.100ms", "data": {"timestamp": 1766244208343, "change_id": 102223144364, "instrument_name": "ETH-2JAN26", "bids": [[2972.75, 2550.0], [2972.5, 4913.0], [2969.5, 530.0], [2969.25, 1866.0], [2969.0, 6251.0], [2968.75, 2106.0], [2968.5, 7055.0], [2968.0, 16.0], [2967.5, 1851.0], [2967.25, 6202.0], [2967.0, 46.0], [2966.75, 30.0], [2966.25, 1371.0], [2966.0, 5738.0], [2965.25, 30487.0], [2965.0, 40030.0], [2964.5, 38101.0], [2964.0, 16.0], [2963.5, 21651.0], [2963.0, 16.0]], "asks": [[2973.25, 4913.0], [2973.75, 397.0], [2974.0, 1330.0], [2977.0, 2090.0], [2977.25, 7003.0], [2978.0, 1841.0], [2978.25, 6167.0], [2978.75, 5459.0], [2979.0, 18288.0], [2981.75, 40000.0], [2982.0, 36645.0], [2982.75, 38303.0], [2983.0, 400.0], [2985.75, 1144.0], [2986.0, 4578.0], [2987.25, 36620.0], [2988.0, 40000.0], [2990.25, 20808.0], [2991.25, 40000.0], [2995.0, 38318.0]]}}}
{"jsonrpc": "2.0", "method": "subscription", "params": {"channel": "book.ETH-2JAN26.none.20.100ms", "data": {"timestamp": 1766244210235, "change_id": 102223146878, "instrument_name": "ETH-2JAN26", "bids": [[2973.25, 4913.0], [2973.0, 1623.0], [2972.75, 1250.0], [2970.25, 2142.0], [2970.0, 9043.0], [2969.75, 6251.0], [2969.5, 530.0], [2968.5, 30.0], [2968.25, 1856.0], [2968.0, 6218.0], [2967.0, 46.0], [2966.75, 30.0], [2966.25, 1371.0], [2966.0, 5738.0], [2965.5, 5534.0], [2965.25, 30487.0], [2965.0, 40030.0], [2964.5, 38101.0], [2964.0, 16.0], [2963.5, 21651.0]], "asks": [[2974.25, 373.0], [2974.5, 1250.0], [2974.75, 80.0], [2976.5, 1841.0], [2976.75, 6167.0], [2978.75, 5459.0], [2979.0, 18288.0], [2980.0, 2178.0], [2980.25, 7296.0], [2981.5, 11940.0], [2981.75, 50939.0], [2982.0, 36645.0], [2982.75, 38303.0], [2983.0, 400.0], [2985.75, 1144.0], [2986.0, 4578.0], [2987.25, 36620.0], [2988.0, 40000.0], [2990.25, 20808.0], [2991.25, 40000.0]]}}}
{"jsonrpc": "2.0", "method": "subscription", "params": {"channel": "book.ETH-2JAN26.none.20.100ms", "data": {"timestamp": 1766244210601, "change_id": 102223148401, "instrument_name": "ETH-2JAN26", "bids": [[2973.0, 6163.0], [2970.75, 1866.0], [2970.5, 6251.0], [2970.25, 2142.0], [2970.0, 7177.0], [2969.5, 530.0], [2968.5, 30.0], [2968.25, 1856.0], [2968.0, 6218.0], [2967.0, 46.0], [2966.75, 30.0], [2966.25, 1371.0], [2966.0, 5738.0], [2965.5, 5534.0], [2965.25, 30487.0], [2965.0, 40030.0], [2964.5, 38101.0], [2964.0, 16.0], [2963.5, 21651.0], [2963.0, 16.0]], "asks": [[2973.75, 4913.0], [2974.25, 373.0], [2974.5, 1250.0], [2974.75, 80.0], [2976.5, 1841.0], [2976.75, 6167.0], [2977.5, 2199.0], [2977.75, 7368.0], [2978.75, 5459.0], [2979.0, 18288.0], [2981.5, 11940.0], [2981.75, 50939.0], [2982.0, 36645.0], [2982.75, 38303.0], [2983.0, 400.0], [2985.75, 1144.0], [2986.0, 4578.0], [2987.25, 36620.0], [2988.0, 40000.0], [2990.25, 20808.0]]}}}
{"jsonrpc": "2.0", "method": "subscription", "params": {"channel": "book.ETH-2JAN26.none.20.100ms", "data": {"timestamp": 1766244210838, "change_id": 102223148787, "instrument_name": "ETH-2JAN26", "bids": [[2973.0, 1300.0], [2972.75, 6536.0], [2971.25, 1866.0], [2971.0, 6251.0], [2970.25, 2142.0], [2970.0, 7177.0], [2969.5, 530.0], [2968.5, 30.0], [2968.25, 1856.0], [2968.0, 6218.0], [2967.0, 46.0], [2966.75, 30.0], [2966.25, 1371.0], [2966.0, 5738.0], [2965.5, 5534.0], [2965.25, 30487.0], [2965.0, 40030.0], [2964.5, 38101.0], [2964.0, 16.0], [2963.5, 21651.0]], "asks": [[2973.5, 4913.0], [2974.0, 373.0], [2974.25, 1250.0], [2974.75, 80.0], [2976.5, 1841.0], [2976.75, 6167.0], [2977.5, 2199.0], [2977.75, 7368.0], [2978.75, 5459.0], [2979.0, 18288.0], [2981.5, 11940.0], [2981.75, 50939.0], [2982.0, 36645.0], [2982.75, 38303.0], [2983.0, 400.0], [2985.75, 1144.0], [2986.0, 4578.0], [2987.25, 36620.0], [2988.0, 40000.0], [2990.25, 20808.0]]}}}
{"jsonrpc": "2.0", "method": "subscription", "params": {"channel": "book.ETH-2JAN26.none.20.100ms", "data": {"timestamp": 1766244211122, "change_id": 102223149146, "instrument_name": "ETH-2JAN26", "bids": [[2973.0, 6213.0], [2972.75, 1250.0], [2970.75, 1866.0], [2970.5, 6251.0], [2970.25, 2142.0], [2970.0, 7177.0], [2969.5, 530.0], [2968.5, 30.0], [2968.25, 1856.0], [2968.0, 6218.0], [2967.0, 46.0], [2966.75, 30.0], [2966.25, 1371.0], [2966.0, 5738.0], [2965.5, 5534.0], [2965.25, 30487.0], [2965.0, 40030.0], [2964.5, 38101.0], [2964.0, 16.0], [2963.5, 21651.0]], "asks": [[2973.75, 4913.0], [2974.0, 373.0], [2974.25, 1250.0], [2974.75, 80.0], [2976.5, 1841.0], [2976.75, 6167.0], [2977.5, 2199.0], [2977.75, 7368.0], [2978.75, 5459.0], [2979.0, 18288.0], [2981.5, 11940.0], [2981.75, 50939.0], [2982.0, 36645.0], [2982.75, 38303.0], [2983.0, 400.0], [2985.75, 1144.0], [2986.0, 4578.0], [2987.25, 36620.0], [2988.0, 40000.0], [2990.25, 20808.0]]}}}
{"jsonrpc": "2.0", "method": "subscription", "params": {"channel": "book.ETH-2JAN26.none.20.100ms", "data": {"timestamp": 1766244211785, "change_id": 102223150094, "instrument_name": "ETH-2JAN26", "bids": [[2973.0, 6213.0], [2972.75, 1250.0], [2971.25, 388.0], [2971.0, 1300.0], [2970.75, 1866.0], [2970.5, 6251.0], [2970.25, 2142.0], [2970.0, 7177.0], [2969.5, 530.0], [2968.5, 30.0], [2968.25, 1856.0], [2968.0, 6218.0], [2967.0, 46.0], [2966.75, 30.0], [2966.25, 1371.0], [2966.0, 5738.0], [2965.5, 23847.0], [2965.25, 30487.0], [2965.0, 40030.0], [2964.5, 38101.0]], "asks": [[2973.5, 1467.0], [2973.75, 4913.0], [2974.0, 373.0], [2974.25, 1250.0], [2974.75, 80.0], [2976.5, 1841.0], [2976.75, 6167.0], [2977.5, 2199.0], [2977.75, 7368.0], [2978.75, 5459.0], [2979.0, 18288.0], [2981.5, 11940.0], [2981.75, 50939.0], [2982.0, 36645.0], [2982.75, 38303.0], [2983.0, 400.0], [2985.75, 1144.0], [2986.0, 4578.0], [2987.25, 36620.0], [2988.0, 40000.0]]}}}
{"jsonrpc": "2.0", "method": "subscription", "params": {"channel": "book.ETH-2JAN26.none.20.100ms", "data": {"timestamp": 1766244212817, "change_id": 102223151283, "instrument_name": "ETH-2JAN26", "bids": [[2973.0, 6213.0], [2972.75, 1250.0], [2971.25, 388.0], [2971.0, 1688.0], [2970.75, 3166.0], [2970.5, 6251.0], [2970.25, 2142.0], [2970.0, 7177.0], [2969.5, 530.0], [2968.5, 30.0], [2968.25, 1856.0], [2968.0, 6218.0], [2967.0, 46.0], [2966.75, 30.0], [2966.25, 1371.0], [2966.0, 5738.0], [2965.5, 23847.0], [2965.25, 30487.0], [2965.0, 40030.0], [2964.5, 38101.0]], "asks": [[2973.5, 1467.0], [2973.75, 4913.0], [2974.0, 373.0], [2974.25, 1250.0], [2974.75, 80.0], [2976.5, 1841.0], [2976.75, 6167.0], [2977.5, 2199.0], [2977.75, 7368.0], [2978.75, 5459.0], [2979.0, 18288.0], [2981.5, 11940.0], [2981.75, 50939.0], [2982.0, 36645.0], [2982.75, 38303.0], [2983.0, 400.0], [2985.75, 1144.0], [2986.0, 4578.0], [2987.25, 36620.0], [2988.0, 40000.0]]}}}
{"jsonrpc": "2.0", "method": "subscription", "params": {"channel": "book.ETH-2JAN26.none.20.100ms", "data": {"timestamp": 1766244213908, "change_id": 102223152607, "instrument_name": "ETH-2JAN26", "bids": [[2973.25, 4913.0], [2973.0, 1673.0], [2972.75, 1250.0], [2971.5, 388.0], [2971.25, 1688.0], [2971.0, 1688.0], [2970.75, 3166.0], [2970.5, 6251.0], [2970.25, 2142.0], [2970.0, 7177.0], [2969.5, 530.0], [2968.5, 30.0], [2968.25, 1856.0], [2968.0, 6218.0], [2967.0, 46.0], [2966.75, 30.0], [2966.25, 1371.0], [2966.0, 5738.0], [2965.5, 23847.0], [2965.25, 30487.0]], "asks": [[2973.75, 1467.0], [2974.0, 5286.0], [2974.75, 80.0], [2976.5, 1841.0], [2976.75, 6167.0], [2977.5, 2199.0], [2977.75, 7368.0], [2978.75, 5459.0], [2979.0, 18288.0], [2981.5, 11940.0], [2981.75, 50939.0], [2982.0, 36645.0], [2982.75, 38303.0], [2983.0, 400.0], [2985.75, 1144.0], [2986.0, 4578.0], [2987.25, 36620.0], [2988.0, 40000.0], [2990.25, 20808.0], [2991.25, 40000.0]]}}}
{"jsonrpc": "2.0", "method": "subscription", "params": {"channel": "book.ETH-2JAN26.none.20.100ms", "data": {"timestamp": 1766244214220, "change_id": 102223152990, "instrument_name": "ETH-2JAN26", "bids": [[2973.25, 6163.0], [2971.5, 388.0], [2971.25, 1688.0], [2971.0, 1688.0], [2970.75, 3166.0], [2970.5, 6251.0], [2970.25, 2142.0], [2970.0, 7177.0], [2969.5, 530.0], [2968.5, 30.0], [2968.25, 1856.0], [2968.0, 6218.0], [2967.0, 46.0], [2966.75, 30.0], [2966.25, 1371.0], [2966.0, 5738.0], [2965.5, 23847.0], [2965.25, 30487.0], [2965.0, 40030.0], [2964.5, 38101.0]], "asks": [[2973.75, 1467.0], [2974.0, 5286.0], [2974.25, 373.0], [2974.5, 1250.0], [2974.75, 80.0], [2976.5, 1841.0], [2976.75, 6167.0], [2977.5, 2199.0], [2977.75, 7368.0], [2978.75, 5459.0], [2979.0, 18288.0], [2981.5, 11940.0], [2981.75, 50939.0], [2982.0, 36645.0], [2982.75, 38303.0], [2983.0, 400.0], [2985.75, 1144.0], [2986.0, 4578.0], [2987.25, 36620.0], [2988.0, 40000.0]]}}}
{"jsonrpc": "2.0", "method": "subscription", "params": {"channel": "book.ETH-2JAN26.none.20.100ms", "data": {"timestamp": 1766244214795, "change_id": 102223153716, "instrument_name": "ETH-2JAN26", "bids": [[2973.25, 2550.0], [2973.0, 4912.0], [2971.75, 388.0], [2971.5, 1688.0], [2971.25, 3504.0], [2971.0, 6251.0], [2970.25, 2142.0], [2970.0, 7177.0], [2969.5, 530.0], [2968.5, 30.0], [2968.25, 1856.0], [2968.0, 6218.0], [2967.0, 46.0], [2966.75, 30.0], [2966.25, 1371.0], [2966.0, 5738.0], [2965.5, 23847.0], [2965.25, 30487.0], [2965.0, 40030.0], [2964.5, 38101.0]], "asks": [[2973.75, 1466.0], [2974.0, 4912.0], [2974.25, 373.0], [2974.5, 1250.0], [2974.75, 80.0], [2976.5, 1841.0], [2976.75, 6167.0], [2977.5, 2199.0], [2977.75, 7368.0], [2978.75, 5459.0], [2979.0, 18288.0], [2981.5, 11940.0], [2981.75, 50939.0], [2982.0, 36645.0], [2982.75, 38303.0], [2983.0, 400.0], [2985.75, 1144.0], [2986.0, 4578.0], [2987.25, 36620.0], [2988.0, 40000.0]]}}}
{"jsonrpc": "2.0", "method": "subscription", "params": {"channel": "book.ETH-2JAN26.none.20.100ms", "data": {"timestamp": 1766244215784, "change_id": 102223154668, "instrument_name": "ETH-2JAN26", "bids": [[2973.25, 2550.0], [2973.0, 4912.0], [2971.75, 388.0], [2971.5, 1688.0], [2971.25, 3504.0], [2971.0, 6251.0], [2970.25, 2142.0], [2970.0, 7177.0], [2969.5, 530.0], [2968.5, 30.0], [2968.25, 1856.0], [2968.0, 6218.0], [2967.0, 46.0], [2966.75, 30.0], [2966.25, 1371.0], [2966.0, 5738.0], [2965.5, 23847.0], [2965.25, 30487.0], [2965.0, 40030.0], [2964.5, 38101.0]], "asks": [[2973.75, 1466.0], [2974.0, 4912.0], [2974.25, 373.0], [2974.5, 1250.0], [2974.75, 80.0], [2975.5, 388.0], [2975.75, 1300.0], [2976.0, 2049.0], [2976.25, 6863.0], [2976.5, 1841.0], [2976.75, 6167.0], [2978.75, 5459.0], [2979.0, 18288.0], [2981.5, 11940.0], [2981.75, 50939.0], [2982.0, 36645.0], [2982.75, 38303.0], [2983.0, 400.0], [2985.75, 1144.0], [2986.0, 4578.0]]}}}
{"jsonrpc": "2.0", "method": "subscription", "params": {"channel": "book.ETH-2JAN26.none.20.100ms", "data": {"timestamp": 1766244216396, "change_id": 102223155307, "instrument_name": "ETH-2JAN26", "bids": [[2973.25, 1300.0], [2973.0, 4912.0], [2972.75, 1250.0], [2971.75, 388.0], [2971.5, 1688.0], [2971.25, 3504.0], [2971.0, 6251.0], [2970.25, 2142.0], [2970.0, 7177.0], [2969.5, 530.0], [2968.5, 30.0], [2968.25, 1856.0], [2968.0, 6218.0], [2967.0, 46.0], [2966.75, 30.0], [2966.25, 1371.0], [2966.0, 5738.0], [2965.5, 23847.0], [2965.25, 30487.0], [2965.0, 40030.0]], "asks": [[2973.75, 4912.0], [2974.0, 373.0], [2974.25, 1250.0], [2974.75, 80.0], [2975.5, 388.0], [2975.75, 1300.0], [2976.0, 2049.0], [2976.25, 6863.0], [2976.5, 1841.0], [2976.75, 6167.0], [2978.75, 5459.0], [2979.0, 18288.0], [2981.5, 11940.0], [2981.75, 50939.0], [2982.0, 36645.0], [2982.75, 38303.0], [2983.0, 400.0], [2985.75, 1144.0], [2986.0, 4578.0], [2987.25, 36620.0]]}}}
{"jsonrpc": "2.0", "method": "subscription", "params": {"channel": "book.ETH-2JAN26.none.20.100ms", "data": {"timestamp": 1766244216772, "change_id": 102223155733, "instrument_name": "ETH-2JAN26", "bids": [[2973.25, 1300.0], [2973.0, 4912.0], [2972.75, 1250.0], [2971.75, 388.0], [2971.5, 1688.0], [2971.25, 3504.0], [2971.0, 6251.0], [2970.25, 2142.0], [2970.0, 7177.0], [2969.5, 530.0], [2968.5, 30.0], [2968.25, 1856.0], [2968.0, 6218.0], [2967.0, 46.0], [2966.75, 30.0], [2966.25, 1371.0], [2966.0, 5738.0], [2965.5, 23847.0], [2965.25, 30487.0], [2965.0, 40030.0]], "asks": [[2973.75, 4912.0], [2974.0, 373.0], [2974.25, 1250.0], [2974.75, 80.0], [2975.5, 388.0], [2975.75, 1688.0], [2976.0, 3349.0], [2976.25, 6863.0], [2976.5, 1841.0], [2976.75, 6167.0], [2978.75, 5459.0], [2979.0, 18288.0], [2981.5, 11940.0], [2981.75, 50939.0], [2982.0, 36645.0], [2982.75, 38303.0], [2983.0, 400.0], [2985.75, 1144.0], [2986.0, 4578.0], [2987.25, 36620.0]]}}}
{"jsonrpc": "2.0", "method": "subscription", "params": {"channel": "book.ETH-2JAN26.none.20.100ms", "data": {"timestamp": 1766244217761, "change_id": 102223156636, "instrument_name": "ETH-2JAN26", "bids": [[2973.25, 1300.0], [2973.0, 5285.0], [2972.75, 1250.0], [2971.0, 1300.0], [2970.75, 1866.0], [2970.5, 6251.0], [2970.25, 2142.0], [2970.0, 7177.0], [2969.5, 530.0], [2968.5, 30.0], [2968.25, 1856.0], [2968.0, 6218.0], [2967.0, 46.0], [2966.75, 30.0], [2966.25, 1371.0], [2966.0, 5738.0], [2965.5, 23847.0], [2965.25, 30487.0], [2965.0, 40030.0], [2964.5, 38101.0]], "asks": [[2973.75, 4912.0], [2974.0, 373.0], [2974.25, 1250.0], [2974.75, 80.0], [2975.5, 388.0], [2975.75, 1688.0], [2976.0, 3349.0], [2976.25, 6863.0], [2976.5, 1841.0], [2976.75, 6167.0], [2978.75, 5459.0], [2979.0, 18288.0], [2981.5, 11940.0], [2981.75, 50939.0], [2982.0, 36645.0], [2982.75, 38303.0], [2983.0, 400.0], [2985.75, 1144.0], [2986.0, 4578.0], [2987.25, 36620.0]]}}}
{"jsonrpc": "2.0", "method": "subscription", "params": {"channel": "book.ETH-2JAN26.none.20.100ms", "data": {"timestamp": 1766244218817, "change_id": 102223157901, "instrument_name": "ETH-2JAN26", "bids": [[2971.25, 272.0], [2971.0, 1688.0], [2970.75, 1300.0], [2969.5, 530.0], [2968.75, 2119.0], [2968.5, 7098.0], [2968.0, 16.0], [2967.5, 1851.0], [2967.25, 6202.0], [2967.0, 46.0], [2966.75, 30.0], [2966.25, 1371.0], [2966.0, 5738.0], [2965.75, 5466.0], [2965.5, 23847.0], [2965.25, 30487.0], [2965.0, 40030.0], [2964.5, 38101.0], [2964.0, 16.0], [2963.5, 21651.0]], "asks": [[2973.25, 4912.0], [2974.25, 80.0], [2975.5, 272.0], [2975.75, 1688.0], [2976.0, 3349.0], [2976.25, 6863.0], [2976.5, 1841.0], [2976.75, 6167.0], [2978.75, 5459.0], [2979.0, 18288.0], [2981.5, 11940.0], [2981.75, 50939.0], [2982.0, 36645.0], [2982.75, 38303.0], [2983.0, 400.0], [2985.75, 1144.0], [2986.0, 4578.0], [2987.25, 36620.0], [2988.0, 40000.0], [2990.25, 20808.0]]}}}
{"jsonrpc": "2.0", "method": "subscription", "params": {"channel": "book.ETH-2JAN26.none.20.100ms", "data": {"timestamp": 1766244219192, "change_id": 102223158735, "instrument_name": "ETH-2JAN26", "bids": [[2972.5, 6585.0], [2972.25, 1250.0], [2971.75, 3060.0], [2971.5, 10252.0], [2971.25, 272.0], [2971.0, 1688.0], [2970.75, 1300.0], [2970.25, 2123.0], [2970.0, 7111.0], [2969.5, 530.0], [2968.5, 30.0], [2968.0, 16.0], [2967.0, 46.0], [2966.75, 30.0], [2966.25, 1371.0], [2966.0, 5738.0], [2965.75, 5466.0], [2965.5, 23847.0], [2965.25, 30487.0], [2965.0, 40030.0]], "asks": [[2973.25, 4912.0], [2974.25, 80.0], [2975.25, 373.0], [2975.5, 1522.0], [2975.75, 1688.0], [2976.0, 3349.0], [2976.25, 6863.0], [2976.5, 1841.0], [2976.75, 6167.0], [2978.75, 5459.0], [2979.0, 18288.0], [2981.5, 11940.0], [2981.75, 40000.0], [2982.0, 36645.0], [2982.75, 38303.0], [2983.0, 400.0], [2985.75, 1144.0], [2986.0, 4578.0], [2987.25, 36620.0], [2988.0, 40000.0]]}}}
{"jsonrpc": "2.0", "method": "subscription", "params": {"channel": "book.ETH-2JAN26.none.20.100ms", "data": {"timestamp": 1766244219449, "change_id": 102223159119, "instrument_name": "ETH-2JAN26", "bids": [[2972.5, 6585.0], [2972.25, 1250.0], [2971.75, 3060.0], [2971.5, 10252.0], [2971.25, 272.0], [2971.0, 1688.0], [2970.75, 1300.0], [2970.25, 2123.0], [2970.0, 7111.0], [2969.5, 530.0], [2968.5, 30.0], [2968.0, 16.0], [2967.0, 46.0], [2966.75, 30.0], [2966.25, 1371.0], [2966.0, 5738.0], [2965.75, 5466.0], [2965.5, 23847.0], [2965.25, 30487.0], [2965.0, 40030.0]], "asks": [[2973.0, 1107.0], [2973.25, 4912.0], [2974.25, 80.0], [2975.0, 373.0], [2975.25, 1250.0], [2975.5, 272.0], [2975.75, 1688.0], [2976.0, 3349.0], [2976.25, 6863.0], [2976.5, 1841.0], [2976.75, 6167.0], [2978.75, 5459.0], [2979.0, 18288.0], [2981.5, 11940.0], [2981.75, 40000.0], [2982.0, 36645.0], [2982.75, 38303.0], [2983.0, 400.0], [2985.75, 1144.0], [2986.0, 4578.0]]}}}
{"jsonrpc": "2.0", "method": "subscription", "params": {"channel": "book.ETH-2JAN26.none.20.100ms", "data": {"timestamp": 1766244219738, "change_id": 102223159419, "instrument_name": "ETH-2JAN26", "bids": [[2972.5, 6585.0], [2972.25, 1250.0], [2971.75, 3060.0], [2971.5, 10252.0], [2971.25, 272.0], [2971.0, 1300.0], [2970.25, 2123.0], [2970.0, 7111.0], [2969.5, 530.0], [2968.5, 30.0], [2968.0, 16.0], [2967.0, 46.0], [2966.75, 30.0], [2966.25, 1371.0], [2966.0, 5738.0], [2965.75, 5466.0], [2965.5, 23847.0], [2965.25, 30487.0], [2965.0, 40030.0], [2964.5, 38101.0]], "asks": [[2973.0, 1107.0], [2973.25, 4912.0], [2974.25, 80.0], [2974.75, 269.0], [2975.0, 1273.0], [2975.25, 1250.0], [2975.5, 272.0], [2975.75, 1688.0], [2976.0, 3349.0], [2976.25, 6863.0], [2976.5, 1841.0], [2976.75, 6167.0], [2978.75, 5459.0], [2979.0, 18288.0], [2981.5, 11940.0], [2981.75, 40000.0], [2982.0, 36645.0], [2982.75, 38303.0], [2983.0, 400.0], [2985.75, 1144.0]]}}}
{"jsonrpc": "2.0", "method": "subscription", "params": {"channel": "book.ETH-2JAN26.none.20.100ms", "data": {"timestamp": 1766244219952, "change_id": 102223159559, "instrument_name": "ETH-2JAN26", "bids": [[2972.5, 6585.0], [2972.25, 1250.0], [2971.75, 3060.0], [2971.5, 10252.0], [2971.25, 272.0], [2971.0, 1300.0], [2970.25, 2123.0], [2970.0, 7111.0], [2969.5, 530.0], [2968.5, 30.0], [2968.0, 16.0], [2967.0, 46.0], [2966.75, 30.0], [2966.25, 1371.0], [2966.0, 5738.0], [2965.75, 5466.0], [2965.5, 23847.0], [2965.25, 30487.0], [2965.0, 40030.0], [2964.5, 38101.0]], "asks": [[2973.0, 1107.0], [2973.25, 4912.0], [2974.25, 80.0], [2974.75, 607.0], [2975.0, 2523.0], [2975.5, 272.0], [2975.75, 1688.0], [2976.0, 3349.0], [2976.25, 6863.0], [2976.5, 1841.0], [2976.75, 6167.0], [2978.75, 5459.0], [2979.0, 18288.0], [2981.5, 11940.0], [2981.75, 40000.0], [2982.0, 36645.0], [2982.75, 38303.0], [2983.0, 400.0], [2985.75, 1144.0], [2986.0, 4578.0]]}}}
{"jsonrpc": "2.0", "method": "subscription", "params": {"channel": "book.ETH-2JAN26.none.20.100ms", "data": {"timestamp": 1766244220515, "change_id": 102223160219, "instrument_name": "ETH-2JAN26", "bids": [[2972.5, 6585.0], [2972.25, 1250.0], [2971.75, 3060.0], [2971.5, 10252.0], [2971.25, 272.0], [2971.0, 1300.0], [2970.25, 2123.0], [2970.0, 7111.0], [2969.5, 530.0], [2968.5, 30.0], [2968.0, 16.0], [2967.0, 46.0], [2966.75, 30.0], [2966.25, 1371.0], [2966.0, 5738.0], [2965.75, 5466.0], [2965.5, 23847.0], [2965.25, 30487.0], [2965.0, 40030.0], [2964.5, 38101.0]], "asks": [[2973.0, 1107.0], [2973.25, 4912.0], [2974.25, 80.0], [2974.5, 373.0], [2974.75, 1519.0], [2975.0, 900.0], [2975.5, 272.0], [2975.75, 1688.0], [2976.0, 3349.0], [2976.25, 6863.0], [2976.5, 1841.0], [2976.75, 6167.0], [2978.75, 5459.0], [2979.0, 18288.0], [2981.5, 11940.0], [2981.75, 40000.0], [2982.0, 36645.0], [2982.75, 38303.0], [2983.0, 400.0], [2985.75, 1144.0]]}}}
{"jsonrpc": "2.0", "method": "subscription", "params": {"channel": "book.ETH-2JAN26.none.20.100ms", "data": {"timestamp": 1766244220729, "change_id": 102223160454, "instrument_name": "ETH-2JAN26", "bids": [[2972.5, 7462.0], [2971.75, 3060.0], [2971.5, 10252.0], [2970.25, 2123.0], [2970.0, 7111.0], [2969.5, 530.0], [2968.5, 30.0], [2968.0, 16.0], [2967.0, 46.0], [2966.75, 30.0], [2966.25, 1371.0], [2966.0, 5738.0], [2965.75, 5466.0], [2965.5, 23847.0], [2965.25, 30487.0], [2965.0, 40030.0], [2964.5, 38101.0], [2964.0, 16.0], [2963.5, 21651.0], [2963.0, 16.0]], "asks": [[2973.25, 4912.0], [2974.25, 80.0], [2974.5, 373.0], [2974.75, 1250.0], [2975.25, 209.0], [2975.5, 972.0], [2975.75, 1688.0], [2976.0, 3349.0], [2976.25, 6863.0], [2976.5, 1841.0], [2976.75, 6167.0], [2978.75, 5459.0], [2979.0, 18288.0], [2981.5, 11940.0], [2981.75, 40000.0], [2982.0, 36645.0], [2982.75, 38303.0], [2983.0, 400.0], [2985.75, 1144.0], [2986.0, 4578.0]]}}}
{"jsonrpc": "2.0", "method": "subscription", "params": {"channel": "book.ETH-2JAN26.none.20.100ms", "data": {"timestamp": 1766244221507, "change_id": 102223161645, "instrument_name": "ETH-2JAN26", "bids": [[2973.25, 6212.0], [2973.0, 1300.0], [2972.75, 1250.0], [2971.75, 3060.0], [2971.5, 10252.0], [2971.0, 1866.0], [2970.75, 6251.0], [2970.0, 7111.0], [2969.5, 530.0], [2968.5, 30.0], [2968.0, 16.0], [2967.0, 46.0], [2966.75, 30.0], [2966.25, 1371.0], [2966.0, 5738.0], [2965.75, 5466.0], [2965.5, 23847.0], [2965.25, 30487.0], [2965.0, 40030.0], [2964.5, 38101.0]], "asks": [[2975.0, 80.0], [2975.5, 972.0], [2975.75, 1688.0], [2976.0, 1300.0], [2976.5, 1841.0], [2976.75, 6167.0], [2977.0, 2149.0], [2977.25, 7200.0], [2978.75, 5459.0], [2979.0, 18288.0], [2981.5, 11940.0], [2981.75, 40000.0], [2982.0, 36645.0], [2982.75, 38303.0], [2983.0, 400.0], [2985.75, 1144.0], [2986.0, 4578.0], [2987.25, 36620.0], [2988.0, 40000.0], [2990.25, 20808.0]]}}}
{"jsonrpc": "2.0", "method": "subscription", "params": {"channel": "book.ETH-2JAN26.none.20.100ms", "data": {"timestamp": 1766244221775, "change_id": 102223162335, "instrument_name": "ETH-2JAN26", "bids": [[2973.25, 5174.0], [2973.0, 1250.0], [2971.25, 388.0], [2971.0, 1300.0], [2970.75, 1866.0], [2970.5, 6251.0], [2970.25, 2123.0], [2970.0, 7111.0], [2969.5, 530.0], [2968.5, 30.0], [2968.25, 1856.0], [2968.0, 6218.0], [2967.0, 46.0], [2966.75, 30.0], [2966.25, 1713.0], [2966.0, 5738.0], [2965.5, 18313.0], [2965.25, 30487.0], [2965.0, 40030.0], [2964.5, 38101.0]], "asks": [[2973.75, 1466.0], [2974.0, 4912.0], [2975.0, 635.0], [2975.25, 1950.0], [2976.5, 1841.0], [2976.75, 6167.0], [2977.0, 2149.0], [2977.25, 7200.0], [2978.75, 5459.0], [2979.0, 18288.0], [2981.75, 50939.0], [2982.0, 36645.0], [2982.75, 38303.0], [2983.0, 400.0], [2985.75, 1144.0], [2986.0, 4578.0], [2987.25, 36620.0], [2988.0, 40000.0], [2990.25, 20808.0], [2991.25, 40000.0]]}}}
{"jsonrpc": "2.0", "method": "subscription", "params": {"channel": "book.ETH-2JAN26.none.20.100ms", "data": {"timestamp": 1766244222119, "change_id": 102223162755, "instrument_name": "ETH-2JAN26", "bids": [[2973.25, 262.0], [2973.0, 6162.0], [2971.25, 2204.0], [2971.0, 7551.0], [2970.25, 2123.0], [2970.0, 7111.0], [2969.5, 530.0], [2968.5, 30.0], [2968.25, 1856.0], [2968.0, 6218.0], [2967.0, 46.0], [2966.75, 30.0], [2966.25, 1713.0], [2966.0, 5738.0], [2965.5, 18313.0], [2965.25, 30487.0], [2965.0, 40030.0], [2964.5, 38101.0], [2964.0, 16.0], [2963.5, 21651.0]], "asks": [[2973.75, 4912.0], [2974.75, 397.0], [2975.0, 4313.0], [2975.25, 8280.0], [2976.5, 1841.0], [2976.75, 6167.0], [2977.0, 2149.0], [2977.25, 7200.0], [2978.75, 5459.0], [2979.0, 18288.0], [2981.5, 11940.0], [2981.75, 50939.0], [2982.0, 36645.0], [2982.75, 38303.0], [2983.0, 400.0], [2985.75, 1144.0], [2986.0, 4578.0], [2987.25, 36620.0], [2988.0, 40000.0], [2990.25, 20808.0]]}}}
{"jsonrpc": "2.0", "method": "subscription", "params": {"channel": "book.ETH-2JAN26.none.20.100ms", "data": {"timestamp": 1766244222418, "change_id": 102223163008, "instrument_name": "ETH-2JAN26", "bids": [[2973.0, 6162.0], [2971.25, 2204.0], [2971.0, 7551.0], [2970.25, 2123.0], [2970.0, 7111.0], [2969.5, 530.0], [2968.5, 30.0], [2968.25, 1856.0], [2968.0, 6218.0], [2967.0, 46.0], [2966.75, 30.0], [2966.25, 1713.0], [2966.0, 5738.0], [2965.5, 18313.0], [2965.25, 30487.0], [2965.0, 40030.0], [2964.5, 38101.0], [2964.0, 16.0], [2963.5, 21651.0], [2963.0, 16.0]], "asks": [[2973.75, 4912.0], [2974.75, 397.0], [2975.0, 4313.0], [2975.25, 8280.0], [2976.5, 1841.0], [2976.75, 6167.0], [2977.0, 2149.0], [2977.25, 7200.0], [2978.75, 5459.0], [2979.0, 18288.0], [2981.5, 11940.0], [2981.75, 50939.0], [2982.0, 36645.0], [2982.75, 38303.0], [2983.0, 400.0], [2985.75, 1144.0], [2986.0, 4578.0], [2987.25, 36620.0], [2988.0, 40000.0], [2990.25, 20808.0]]}}}
{"jsonrpc": "2.0", "method": "subscription", "params": {"channel": "book.ETH-2JAN26.none.20.100ms", "data": {"timestamp": 1766244222789, "change_id": 102223163541, "instrument_name": "ETH-2JAN26", "bids": [[2973.0, 6162.0], [2971.75, 388.0], [2971.5, 1300.0], [2971.25, 2204.0], [2971.0, 6251.0], [2970.25, 2123.0], [2970.0, 7111.0], [2969.5, 530.0], [2968.5, 30.0], [2968.25, 1856.0], [2968.0, 6218.0], [2967.0, 46.0], [2966.75, 30.0], [2966.25, 1713.0], [2966.0, 5738.0], [2965.5, 18313.0], [2965.25, 30487.0], [2965.0, 40030.0], [2964.5, 38101.0], [2964.0, 16.0]], "asks": [[2973.5, 1093.0], [2973.75, 4912.0], [2974.5, 453.0], [2974.75, 1250.0], [2975.0, 2983.0], [2975.25, 8280.0], [2976.5, 1841.0], [2976.75, 6167.0], [2977.0, 2149.0], [2977.25, 7200.0], [2978.75, 5459.0], [2979.0, 18288.0], [2981.5, 11940.0], [2981.75, 50939.0], [2982.0, 36645.0], [2982.75, 38303.0], [2983.0, 400.0], [2985.75, 1144.0], [2986.0, 4578.0], [2987.25, 36620.0]]}}}
{"jsonrpc": "2.0", "method": "subscription", "params": {"channel": "book.ETH-2JAN26.none.20.100ms", "data": {"timestamp": 1766244223037, "change_id": 102223163758, "instrument_name": "ETH-2JAN26", "bids": [[2973.0, 1665.0], [2972.75, 4912.0], [2971.75, 388.0], [2971.5, 1300.0], [2970.75, 1866.0], [2970.5, 6251.0], [2970.25, 2123.0], [2970.0, 7111.0], [2969.5, 530.0], [2968.5, 30.0], [2968.25, 1856.0], [2968.0, 6218.0], [2967.0, 46.0], [2966.75, 30.0], [2966.25, 1713.0], [2966.0, 5738.0], [2965.5, 18313.0], [2965.25, 30487.0], [2965.0, 40030.0], [2964.5, 38101.0]], "asks": [[2973.5, 4912.0], [2974.25, 397.0], [2974.5, 1330.0], [2975.0, 2983.0], [2975.25, 8280.0], [2976.5, 1841.0], [2976.75, 6167.0], [2977.0, 2149.0], [2977.25, 7200.0], [2978.75, 5459.0], [2979.0, 18288.0], [2981.5, 11940.0], [2981.75, 50939.0], [2982.0, 36645.0], [2982.75, 38303.0], [2983.0, 400.0], [2985.75, 1144.0], [2986.0, 4578.0], [2987.25, 36620.0], [2988.0, 40000.0]]}}}
{"jsonrpc": "2.0", "method": "subscription", "params": {"channel": "book.ETH-2JAN26.none.20.100ms", "data": {"timestamp": 1766244223490, "change_id": 102223164548, "instrument_name": "ETH-2JAN26", "bids": [[2972.5, 1250.0], [2971.75, 388.0], [2971.5, 1300.0], [2969.5, 530.0], [2968.75, 2167.0], [2968.5, 7259.0], [2968.25, 1856.0], [2968.0, 16.0], [2967.0, 46.0], [2966.75, 30.0], [2966.25, 1713.0], [2966.0, 5738.0], [2965.5, 18313.0], [2965.25, 30487.0], [2965.0, 40030.0], [2964.5, 38101.0], [2964.0, 16.0], [2963.5, 21651.0], [2963.0, 16.0], [2962.5, 30.0]], "asks": [[2974.25, 397.0], [2974.5, 1330.0], [2975.0, 2983.0], [2975.25, 8280.0], [2976.5, 1841.0], [2976.75, 6167.0], [2977.0, 2149.0], [2977.25, 7200.0], [2978.75, 5459.0], [2979.0, 18288.0], [2981.5, 11940.0], [2981.75, 50939.0], [2982.0, 36645.0], [2982.75, 38303.0], [2983.0, 400.0], [2985.75, 1144.0], [2986.0, 4578.0], [2987.25, 36620.0], [2988.0, 40000.0], [2990.25, 20808.0]]}}}
{"jsonrpc": "2.0", "method": "subscription", "params": {"channel": "book.ETH-2JAN26.none.20.100ms", "data": {"timestamp": 1766244223795, "change_id": 102223164992, "instrument_name": "ETH-2JAN26", "bids": [[2973.0, 1675.0], [2972.75, 7462.0], [2970.5, 2145.0], [2970.25, 7185.0], [2969.5, 530.0], [2968.5, 30.0], [2968.0, 1867.0], [2967.75, 6202.0], [2967.0, 46.0], [2966.75, 30.0], [2966.25, 1713.0], [2966.0, 5738.0], [2965.5, 18313.0], [2965.25, 30487.0], [2965.0, 40030.0], [2964.5, 38101.0], [2964.0, 16.0], [2963.5, 21651.0], [2963.0, 16.0], [2962.5, 30.0]], "asks": [[2973.5, 4912.0], [2973.75, 373.0], [2974.0, 1250.0], [2974.5, 80.0], [2975.0, 2983.0], [2975.25, 8280.0], [2976.5, 1841.0], [2976.75, 6167.0], [2977.0, 2149.0], [2977.25, 7200.0], [2978.75, 5459.0], [2979.0, 18288.0], [2981.5, 11940.0], [2981.75, 40000.0], [2982.0, 36645.0], [2982.75, 38303.0], [2983.0, 400.0], [2985.75, 1144.0], [2986.0, 4578.0], [2987.25, 36620.0]]}}}
{"jsonrpc": "2.0", "method": "subscription", "params": {"channel": "book.ETH-2JAN26.none.20.100ms", "data": {"timestamp": 1766244224294, "change_id": 102223165382, "instrument_name": "ETH-2JAN26", "bids": [[2973.0, 1675.0], [2972.75, 7462.0], [2971.0, 388.0], [2970.75, 1300.0], [2970.5, 2145.0], [2970.25, 7185.0], [2969.5, 530.0], [2968.5, 30.0], [2968.0, 1867.0], [2967.75, 6202.0], [2967.0, 46.0], [2966.75, 30.0], [2966.25, 1713.0], [2966.0, 5738.0], [2965.5, 18313.0], [2965.25, 30487.0], [2965.0, 40030.0], [2964.5, 38101.0], [2964.0, 16.0], [2963.5, 21651.0]], "asks": [[2973.5, 4912.0], [2973.75, 373.0], [2974.0, 1250.0], [2974.5, 80.0], [2975.0, 2983.0], [2975.25, 8280.0], [2976.5, 1841.0], [2976.75, 6167.0], [2977.0, 2149.0], [2977.25, 7200.0], [2978.75, 5459.0], [2979.0, 18288.0], [2981.5, 11940.0], [2981.75, 40000.0], [2982.0, 36645.0], [2982.75, 38303.0], [2983.0, 400.0], [2985.75, 1144.0], [2986.0, 4578.0], [2987.25, 36620.0]]}}}
{"jsonrpc": "2.0", "method": "subscription", "params": {"channel": "book.ETH-2JAN26.none.20.100ms", "data": {"timestamp": 1766244224683, "change_id": 102223165932, "instrument_name": "ETH-2JAN26", "bids": [[2973.0, 1675.0], [2972.75, 6162.0], [2971.5, 388.0], [2971.25, 1300.0], [2971.0, 388.0], [2970.75, 1300.0], [2970.5, 2145.0], [2970.25, 7185.0], [2969.5, 530.0], [2968.5, 30.0], [2968.0, 1867.0], [2967.75, 6202.0], [2967.0, 46.0], [2966.75, 30.0], [2966.25, 1713.0], [2966.0, 5738.0], [2965.5, 18313.0], [2965.25, 30487.0], [2965.0, 40030.0], [2964.5, 38101.0]], "asks": [[2973.5, 4912.0], [2973.75, 373.0], [2974.0, 1250.0], [2974.5, 80.0], [2975.0, 2983.0], [2975.25, 8280.0], [2976.5, 1841.0], [2976.75, 6167.0], [2977.0, 2149.0], [2977.25, 7200.0], [2978.75, 5459.0], [2979.0, 18288.0], [2981.5, 11940.0], [2981.75, 40000.0], [2982.0, 36645.0], [2982.75, 38303.0], [2983.0, 400.0], [2985.75, 1144.0], [2986.0, 4578.0], [2987.25, 36620.0]]}}}
{"jsonrpc": "2.0", "method": "subscription", "params": {"channel": "book.ETH-2JAN26.none.20.100ms", "data": {"timestamp": 1766244224894, "change_id": 102223166152, "instrument_name": "ETH-2JAN26", "bids": [[2973.0, 1675.0], [2972.75, 6162.0], [2971.5, 388.0], [2971.25, 1300.0], [2971.0, 388.0], [2970.75, 1300.0], [2970.5, 2145.0], [2970.25, 7185.0], [2969.5, 530.0], [2968.5, 30.0], [2968.0, 1867.0], [2967.75, 6202.0], [2967.0, 46.0], [2966.75, 30.0], [2966.25, 1713.0], [2966.0, 5738.0], [2965.5, 18313.0], [2965.25, 30487.0], [2965.0, 40030.0], [2964.5, 38101.0]], "asks": [[2973.5, 4912.0], [2973.75, 373.0], [2974.0, 1250.0], [2974.5, 80.0], [2975.0, 2983.0], [2975.25, 8280.0], [2976.5, 1841.0], [2976.75, 6167.0], [2977.0, 2149.0], [2977.25, 7200.0], [2978.75, 5459.0], [2979.0, 18288.0], [2981.5, 11940.0], [2981.75, 40000.0], [2982.0, 36645.0], [2982.75, 38303.0], [2983.0, 400.0], [2985.75, 1144.0], [2986.0, 4578.0], [2987.25, 36620.0]]}}}
{"jsonrpc": "2.0", "method": "subscription", "params": {"channel": "book.ETH-2JAN26.none.20.100ms", "data": {"timestamp": 1766244225306, "change_id": 102223166354, "instrument_name": "ETH-2JAN26", "bids": [[2973.0, 2925.0], [2972.75, 4912.0], [2971.5, 388.0], [2971.25, 1300.0], [2971.0, 388.0], [2970.75, 1300.0], [2970.5, 2145.0], [2970.25, 7185.0], [2969.5, 530.0], [2968.5, 30.0], [2968.0, 1867.0], [2967.75, 6202.0], [2967.0, 46.0], [2966.75, 30.0], [2966.25, 1713.0], [2966.0, 5738.0], [2965.5, 18313.0], [2965.25, 30487.0], [2965.0, 40030.0], [2964.5, 38101.0]], "asks": [[2973.5, 4912.0], [2973.75, 373.0], [2974.0, 1250.0], [2974.5, 80.0], [2975.0, 2983.0], [2975.25, 8280.0], [2976.5, 1841.0], [2976.75, 6167.0], [2977.0, 2149.0], [2977.25, 7200.0], [2978.75, 5459.0], [2979.0, 18288.0], [2981.5, 11940.0], [2981.75, 40000.0], [2982.0, 36645.0], [2982.75, 38303.0], [2983.0, 400.0], [2985.75, 1144.0], [2986.0, 4578.0], [2987.25, 36620.0]]}}}
{"jsonrpc": "2.0", "method": "subscription", "params": {"channel": "book.ETH-2JAN26.none.20.100ms", "data": {"timestamp": 1766244225792, "change_id": 102223167103, "instrument_name": "ETH-2JAN26", "bids": [[2973.0, 1300.0], [2972.75, 3565.0], [2972.5, 4912.0], [2971.5, 388.0], [2971.25, 1300.0], [2971.0, 388.0], [2970.75, 1300.0], [2970.5, 2145.0], [2970.25, 7185.0], [2969.5, 530.0], [2968.5, 30.0], [2968.0, 1867.0], [2967.75, 6202.0], [2967.0, 46.0], [2966.75, 30.0], [2966.25, 1713.0], [2966.0, 5738.0], [2965.5, 18313.0], [2965.25, 30487.0], [2965.0, 40030.0]], "asks": [[2973.5, 4912.0], [2973.75, 373.0], [2974.0, 1250.0], [2974.5, 80.0], [2975.0, 2983.0], [2975.25, 8280.0], [2976.5, 1841.0], [2976.75, 6167.0], [2977.0, 2149.0], [2977.25, 7200.0], [2978.75, 5459.0], [2979.0, 18288.0], [2981.5, 11940.0], [2981.75, 40000.0], [2982.0, 36645.0], [2982.75, 38303.0], [2983.0, 400.0], [2985.75, 1144.0], [2986.0, 4578.0], [2987.25, 36620.0]]}}}
{"jsonrpc": "2.0", "method": "subscription", "params": {"channel": "book.ETH-2JAN26.none.20.100ms", "data": {"timestamp": 1766244225906, "change_id": 102223167273, "instrument_name": "ETH-2JAN26", "bids": [[2973.0, 1300.0], [2972.75, 7462.0], [2971.5, 388.0], [2971.25, 1300.0], [2971.0, 388.0], [2970.75, 1300.0], [2970.5, 2145.0], [2970.25, 7185.0], [2969.5, 530.0], [2968.5, 30.0], [2968.0, 1867.0], [2967.75, 6202.0], [2967.0, 46.0], [2966.75, 30.0], [2966.25, 1713.0], [2966.0, 5738.0], [2965.5, 18313.0], [2965.25, 30487.0], [2965.0, 40030.0], [2964.5, 38101.0]], "asks": [[2973.5, 4912.0], [2973.75, 373.0], [2974.0, 1250.0], [2974.5, 80.0], [2975.0, 2983.0], [2975.25, 8280.0], [2976.5, 1841.0], [2976.75, 6167.0], [2977.0, 2149.0], [2977.25, 7200.0], [2978.75, 5459.0], [2979.0, 18288.0], [2981.5, 11940.0], [2981.75, 40000.0], [2982.0, 36645.0], [2982.75, 38303.0], [2983.0, 400.0], [2985.75, 1144.0], [2986.0, 4578.0], [2987.25, 36620.0]]}}}
{"jsonrpc": "2.0", "method": "subscription", "params": {"channel": "book.ETH-2JAN26.none.20.100ms", "data": {"timestamp": 1766244226659, "change_id": 102223168070, "instrument_name": "ETH-2JAN26", "bids": [[2973.0, 1300.0], [2972.75, 6162.0], [2971.5, 388.0], [2971.25, 1300.0], [2971.0, 388.0], [2970.75, 1300.0], [2970.5, 2145.0], [2970.25, 7185.0], [2969.5, 530.0], [2968.5, 30.0], [2968.0, 1867.0], [2967.75, 6202.0], [2967.0, 46.0], [2966.75, 30.0], [2966.25, 1713.0], [2966.0, 5738.0], [2965.5, 18313.0], [2965.25, 30487.0], [2965.0, 40030.0], [2964.5, 38101.0]], "asks": [[2973.5, 4912.0], [2973.75, 373.0], [2974.0, 1250.0], [2974.5, 80.0], [2975.0, 2983.0], [2975.25, 8280.0], [2976.5, 1841.0], [2976.75, 6167.0], [2977.0, 2149.0], [2977.25, 7200.0], [2978.75, 5459.0], [2979.0, 18288.0], [2981.5, 11940.0], [2981.75, 40000.0], [2982.0, 36645.0], [2982.75, 38303.0], [2983.0, 400.0], [2985.75, 1144.0], [2986.0, 4578.0], [2987.25, 36620.0]]}}}
{"jsonrpc": "2.0", "method": "subscription", "params": {"channel": "book.ETH-2JAN26.none.20.100ms", "data": {"timestamp": 1766244227450, "change_id": 102223168819, "instrument_name": "ETH-2JAN26", "bids": [[2973.0, 1582.0], [2972.75, 6162.0], [2971.5, 388.0], [2971.25, 1300.0], [2971.0, 388.0], [2970.75, 1300.0], [2970.5, 2145.0], [2970.25, 7185.0], [2969.5, 530.0], [2968.5, 30.0], [2968.0, 1867.0], [2967.75, 6202.0], [2967.0, 46.0], [2966.75, 30.0], [2966.25, 1713.0], [2966.0, 5738.0], [2965.5, 18313.0], [2965.25, 30487.0], [2965.0, 40030.0], [2964.5, 38101.0]], "asks": [[2973.5, 4912.0], [2974.0, 373.0], [2974.25, 1250.0], [2974.5, 80.0], [2975.0, 2983.0], [2975.25, 8280.0], [2976.5, 1841.0], [2976.75, 6167.0], [2977.0, 2149.0], [2977.25, 7200.0], [2978.75, 5459.0], [2979.0, 18288.0], [2981.5, 11940.0], [2981.75, 40000.0], [2982.0, 36645.0], [2982.75, 38303.0], [2983.0, 400.0], [2985.75, 1144.0], [2986.0, 4578.0], [2987.25, 36620.0]]}}}
{"jsonrpc": "2.0", "method": "subscription", "params": {"channel": "book.ETH-2JAN26.none.20.100ms", "data": {"timestamp": 1766244228695, "change_id": 102223170069, "instrument_name": "ETH-2JAN26", "bids": [[2973.0, 7462.0], [2971.5, 388.0], [2971.25, 1300.0], [2971.0, 388.0], [2970.75, 1300.0], [2970.5, 2145.0], [2970.25, 7185.0], [2969.5, 530.0], [2968.5, 30.0], [2968.0, 1867.0], [2967.75, 6202.0], [2967.0, 46.0], [2966.75, 30.0], [2966.25, 1713.0], [2966.0, 5738.0], [2965.5, 18313.0], [2965.25, 30487.0], [2965.0, 40030.0], [2964.5, 38101.0], [2964.0, 16.0]], "asks": [[2974.0, 373.0], [2974.25, 1250.0], [2974.5, 80.0], [2975.0, 2983.0], [2975.25, 8280.0], [2976.5, 1841.0], [2976.75, 6167.0], [2977.0, 2149.0], [2977.25, 7200.0], [2978.75, 5459.0], [2979.0, 18288.0], [2981.5, 11940.0], [2981.75, 40000.0], [2982.0, 36645.0], [2982.75, 38303.0], [2983.0, 400.0], [2985.75, 1144.0], [2986.0, 4578.0], [2987.25, 36620.0], [2988.0, 40000.0]]}}}
{"jsonrpc": "2.0", "method": "subscription", "params": {"channel": "book.ETH-2JAN26.none.20.100ms", "data": {"timestamp": 1766244228827, "change_id": 102223170195, "instrument_name": "ETH-2JAN26", "bids": [[2973.0, 7462.0], [2971.5, 388.0], [2971.25, 1300.0], [2971.0, 388.0], [2970.75, 1300.0], [2970.5, 2145.0], [2970.25, 7185.0], [2969.5, 530.0], [2968.5, 30.0], [2968.0, 1867.0], [2967.75, 6202.0], [2967.0, 46.0], [2966.75, 30.0], [2966.25, 1713.0], [2966.0, 5738.0], [2965.5, 18313.0], [2965.25, 30487.0], [2965.0, 40030.0], [2964.5, 38101.0], [2964.0, 16.0]], "asks": [[2973.5, 669.0], [2973.75, 4912.0], [2974.0, 373.0], [2974.25, 1250.0], [2974.5, 80.0], [2976.5, 1841.0], [2976.75, 6167.0], [2977.0, 2149.0], [2977.25, 7200.0], [2978.75, 5459.0], [2979.0, 18288.0], [2981.5, 11940.0], [2981.75, 40000.0], [2982.0, 36645.0], [2982.75, 38303.0], [2983.0, 400.0], [2985.75, 1144.0], [2986.0, 4578.0], [2987.25, 36620.0], [2988.0, 40000.0]]}}}
{"jsonrpc": "2.0", "method": "subscription", "params": {"channel": "book.ETH-2JAN26.none.20.100ms", "data": {"timestamp": 1766244229390, "change_id": 102223170822, "instrument_name": "ETH-2JAN26", "bids": [[2973.25, 2550.0], [2973.0, 6212.0], [2971.5, 388.0], [2971.25, 1300.0], [2971.0, 388.0], [2970.75, 1300.0], [2970.5, 2145.0], [2970.25, 7185.0], [2969.5, 530.0], [2968.5, 30.0], [2968.0, 1867.0], [2967.75, 6202.0], [2967.0, 46.0], [2966.75, 30.0], [2966.25, 1713.0], [2966.0, 5738.0], [2965.5, 18313.0], [2965.25, 30487.0], [2965.0, 40030.0], [2964.5, 38101.0]], "asks": [[2973.75, 4912.0], [2974.25, 397.0], [2974.5, 1330.0], [2976.5, 1841.0], [2976.75, 6167.0], [2977.0, 2149.0], [2977.25, 7200.0], [2978.75, 5459.0], [2979.0, 18288.0], [2981.5, 11940.0], [2981.75, 40000.0], [2982.0, 36645.0], [2982.75, 38303.0], [2983.0, 400.0], [2985.75, 1144.0], [2986.0, 4578.0], [2987.25, 36620.0], [2988.0, 40000.0], [2990.25, 20808.0], [2991.25, 40000.0]]}}}
