{"jsonrpc": "2.0", "id": 1, "result": ["book.ETH-2JAN26.none.20.100ms"], "usIn": 1766455201834630, "usOut": 1766455201834783, "usDiff": 153, "testnet": false}
{"jsonrpc": "2.0", "method": "subscription", "params": {"channel": "book.ETH-2JAN26.none.20.100ms", "data": {"timestamp": 1766455201703, "change_id": 102481588372, "instrument_name": "ETH-2JAN26", "bids": [[3020.25, 6229.0], [3020.0, 388.0], [3019.75, 1300.0], [3019.5, 712.0], [3019.25, 2938.0], [3019.0, 1681.0], [3018.75, 1690.0], [3018.5, 1300.0], [3018.25, 388.0], [3018.0, 1300.0], [3017.75, 2158.0], [3017.5, 7570.0], [3017.0, 1921.0], [3016.75, 6435.0], [3016.5, 500.0], [3015.25, 842.0], [3015.0, 1145.0], [3014.25, 1850.0], [3014.0, 6196.0], [3012.25, 22912.0]], "asks": [[3020.5, 600.0], [3020.75, 6014.0], [3021.0, 12165.0], [3021.25, 3498.0], [3021.5, 7917.0], [3021.75, 1718.0], [3022.0, 1400.0], [3022.25, 888.0], [3022.5, 1300.0], [3022.75, 1867.0], [3023.0, 8407.0], [3023.25, 7205.0], [3025.0, 11977.0], [3025.25, 40125.0], [3027.75, 37542.0], [3029.5, 40000.0], [3029.75, 400.0], [3030.5, 37016.0], [3031.5, 38583.0], [3035.75, 40000.0]]}}}
{"jsonrpc": "2.0", "method": "subscription", "params": {"channel": "book.ETH-2JAN26.none.20.100ms", "data": {"timestamp": 1766455202112, "change_id": 102481589059, "instrument_name": "ETH-2JAN26", "bids": [[3020.25, 6229.0], [3020.0, 388.0], [3019.75, 1688.0], [3019.5, 2012.0], [3019.25, 2938.0], [3019.0, 1308.0], [3018.75, 390.0], [3018.5, 1300.0], [3018.25, 388.0], [3018.0, 1300.0], [3017.75, 2158.0], [3017.5, 7570.0], [3017.0, 1921.0], [3016.75, 6435.0], [3016.5, 500.0], [3015.25, 842.0], [3015.0, 1145.0], [3014.25, 1850.0], [3014.0, 6196.0], [3012.25, 22912.0]], "asks": [[3020.5, 600.0], [3020.75, 6014.0], [3021.0, 12165.0], [3021.25, 3498.0], [3021.5, 7917.0], [3021.75, 1718.0], [3022.0, 1400.0], [3022.25, 888.0], [3022.5, 1300.0], [3022.75, 1867.0], [3023.0, 8407.0], [3023.25, 7205.0], [3025.0, 11977.0], [3025.25, 40125.0], [3027.75, 37542.0], [3029.5, 40000.0], [3029.75, 400.0], [3030.5, 37016.0], [3031.5, 38583.0], [3035.75, 40000.0]]}}}
{"jsonrpc": "2.0", "method": "subscription", "params": {"channel": "book.ETH-2JAN26.none.20.100ms", "data": {"timestamp": 1766455202483, "change_id": 102481589567, "instrument_name": "ETH-2JAN26", "bids": [[3020.5, 6229.0], [3020.25, 1300.0], [3020.0, 388.0], [3019.75, 1688.0], [3019.5, 2012.0], [3019.25, 2938.0], [3019.0, 1308.0], [3018.75, 390.0], [3018.5, 1300.0], [3018.25, 388.0], [3018.0, 1300.0], [3017.75, 2158.0], [3017.5, 7570.0], [3017.0, 1921.0], [3016.75, 6435.0], [3016.5, 500.0], [3015.25, 842.0], [3015.0, 1145.0], [3014.25, 1850.0], [3014.0, 6196.0]], "asks": [[3020.75, 2955.0], [3021.0, 12165.0], [3021.25, 1688.0], [3021.5, 3498.0], [3021.75, 7947.0], [3022.0, 1400.0], [3022.25, 888.0], [3022.5, 1300.0], [3022.75, 1867.0], [3023.0, 6256.0], [3025.0, 11977.0], [3025.25, 46958.0], [3027.75, 37542.0], [3029.5, 40000.0], [3029.75, 400.0], [3030.5, 37016.0], [3031.5, 38583.0], [3035.75, 40000.0], [3036.75, 1145.0], [3038.25, 36602.0]]}}}
{"jsonrpc": "2.0", "method": "subscription", "params": {"channel": "book.ETH-2JAN26.none.20.100ms", "data": {"timestamp": 1766455202692, "change_id": 102481589778, "instrument_name": "ETH-2JAN26", "bids": [[3020.5, 6229.0], [3020.25, 1300.0], [3020.0, 388.0], [3019.75, 1688.0], [3019.5, 2012.0], [3019.25, 2938.0], [3019.0, 1308.0], [3018.75, 390.0], [3018.5, 1300.0], [3018.25, 388.0], [3018.0, 1300.0], [3017.75, 2158.0], [3017.5, 7570.0], [3017.0, 1921.0], [3016.75, 6435.0], [3016.5, 500.0], [3015.25, 842.0], [3015.0, 1145.0], [3014.25, 1850.0], [3014.0, 6196.0]], "asks": [[3020.75, 2955.0], [3021.0, 12165.0], [3021.25, 1688.0], [3021.5, 3498.0], [3021.75, 7947.0], [3022.0, 1400.0], [3022.25, 888.0], [3022.5, 1300.0], [3022.75, 1867.0], [3023.0, 8385.0], [3023.25, 7133.0], [3025.0, 11977.0], [3025.25, 40125.0], [3027.75, 37542.0], [3029.5, 40000.0], [3029.75, 400.0], [3030.5, 37016.0], [3031.5, 38583.0], [3035.75, 40000.0], [3036.75, 1145.0]]}}}
{"jsonrpc": "2.0", "method": "subscription", "params": {"channel": "book.ETH-2JAN26.none.20.100ms", "data": {"timestamp": 1766455203101, "change_id": 102481590215, "instrument_name": "ETH-2JAN26", "bids": [[3020.5, 6229.0], [3020.25, 1300.0], [3020.0, 388.0], [3019.75, 1688.0], [3019.5, 2012.0], [3019.25, 2938.0], [3019.0, 1308.0], [3018.75, 390.0], [3018.5, 1300.0], [3017.75, 2158.0], [3017.5, 7570.0], [3017.0, 1921.0], [3016.75, 6435.0], [3016.5, 500.0], [3015.25, 842.0], [3015.0, 1145.0], [3014.25, 1850.0], [3014.0, 6196.0], [3012.25, 22912.0], [3012.0, 18485.0]], "asks": [[3020.75, 2955.0], [3021.0, 12165.0], [3021.25, 1688.0], [3021.5, 3498.0], [3021.75, 7947.0], [3022.0, 1400.0], [3022.25, 888.0], [3022.5, 1300.0], [3022.75, 1867.0], [3023.0, 8385.0], [3023.25, 7133.0], [3025.0, 11977.0], [3025.25, 40125.0], [3027.75, 37542.0], [3029.5, 40000.0], [3029.75, 400.0], [3030.5, 37016.0], [3031.5, 38583.0], [3035.75, 40000.0], [3036.75, 1145.0]]}}}
{"jsonrpc": "2.0", "method": "subscription", "params": {"channel": "book.ETH-2JAN26.none.20.100ms", "data": {"timestamp": 1766455204117, "change_id": 102481591142, "instrument_name": "ETH-2JAN26", "bids": [[3020.25, 7529.0], [3020.0, 388.0], [3019.75, 1688.0], [3019.5, 2012.0], [3019.25, 2938.0], [3019.0, 1308.0], [3017.75, 2158.0], [3017.5, 7570.0], [3017.0, 1921.0], [3016.75, 6435.0], [3016.5, 500.0], [3015.25, 842.0], [3015.0, 1145.0], [3014.25, 1850.0], [3014.0, 6196.0], [3012.25, 22912.0], [3012.0, 18485.0], [3011.75, 400.0], [3010.0, 40000.0], [3009.5, 38446.0]], "asks": [[3020.75, 6014.0], [3021.0, 12165.0], [3021.25, 3498.0], [3021.5, 7917.0], [3021.75, 1718.0], [3022.0, 1400.0], [3022.25, 888.0], [3022.5, 1300.0], [3022.75, 1867.0], [3023.0, 8385.0], [3023.25, 7133.0], [3025.0, 11977.0], [3025.25, 40125.0], [3027.75, 37542.0], [3029.5, 40000.0], [3029.75, 400.0], [3030.5, 37016.0], [3031.5, 38583.0], [3035.75, 40000.0], [3036.75, 1145.0]]}}}
{"jsonrpc": "2.0", "method": "subscription", "params": {"channel": "book.ETH-2JAN26.none.20.100ms", "data": {"timestamp": 1766455204890, "change_id": 102481591828, "instrument_name": "ETH-2JAN26", "bids": [[3020.5, 6229.0], [3020.25, 1300.0], [3020.0, 388.0], [3019.75, 1688.0], [3019.5, 2012.0], [3019.25, 2938.0], [3019.0, 1308.0], [3017.75, 2158.0], [3017.5, 7570.0], [3017.0, 1921.0], [3016.75, 6435.0], [3016.5, 500.0], [3015.25, 842.0], [3015.0, 1145.0], [3014.25, 1850.0], [3014.0, 6196.0], [3012.25, 22912.0], [3012.0, 18485.0], [3011.75, 400.0], [3010.0, 40000.0]], "asks": [[3020.75, 1250.0], [3021.0, 1744.0], [3021.25, 1688.0], [3021.5, 3498.0], [3021.75, 7947.0], [3022.0, 1400.0], [3022.25, 888.0], [3022.5, 1300.0], [3022.75, 1867.0], [3023.0, 6256.0], [3025.0, 11977.0], [3025.25, 42245.0], [3025.5, 7102.0], [3027.75, 37542.0], [3029.5, 40000.0], [3029.75, 400.0], [3030.5, 37016.0], [3031.5, 38583.0], [3035.75, 40000.0], [3036.75, 1145.0]]}}}
{"jsonrpc": "2.0", "method": "subscription", "params": {"channel": "book.ETH-2JAN26.none.20.100ms", "data": {"timestamp": 1766455205258, "change_id": 102481592505, "instrument_name": "ETH-2JAN26", "bids": [[3020.25, 7529.0], [3020.0, 388.0], [3019.75, 1688.0], [3019.5, 2012.0], [3019.25, 2550.0], [3019.0, 8.0], [3018.25, 388.0], [3018.0, 1300.0], [3017.75, 2158.0], [3017.5, 7570.0], [3017.0, 1921.0], [3016.75, 6435.0], [3016.5, 500.0], [3015.25, 842.0], [3015.0, 1145.0], [3014.25, 1850.0], [3014.0, 6196.0], [3012.25, 22912.0], [3012.0, 18485.0], [3011.75, 400.0]], "asks": [[3020.5, 1250.0], [3020.75, 4764.0], [3021.0, 12166.0], [3021.25, 1688.0], [3021.5, 3498.0], [3021.75, 7947.0], [3022.0, 1400.0], [3022.25, 888.0], [3022.5, 1300.0], [3022.75, 2467.0], [3023.0, 8317.0], [3023.25, 6904.0], [3025.0, 11977.0], [3025.25, 40125.0], [3027.75, 37542.0], [3029.5, 40000.0], [3029.75, 400.0], [3030.5, 37016.0], [3031.5, 38583.0], [3035.75, 40000.0]]}}}
{"jsonrpc": "2.0", "method": "subscription", "params": {"channel": "book.ETH-2JAN26.none.20.100ms", "data": {"timestamp": 1766455205285, "change_id": 102481592515, "instrument_name": "ETH-2JAN26", "bids": [[3020.25, 7529.0], [3020.0, 388.0], [3019.75, 1688.0], [3019.5, 2012.0], [3019.25, 2550.0], [3019.0, 8.0], [3018.25, 388.0], [3018.0, 1300.0], [3017.75, 2158.0], [3017.5, 7570.0], [3017.0, 1921.0], [3016.75, 6435.0], [3016.5, 500.0], [3015.25, 842.0], [3015.0, 1145.0], [3014.25, 1850.0], [3014.0, 6196.0], [3012.25, 22912.0], [3012.0, 18485.0], [3011.75, 400.0]], "asks": [[3020.5, 1250.0], [3020.75, 4764.0], [3021.0, 12166.0], [3021.25, 1688.0], [3021.5, 7917.0], [3021.75, 1718.0], [3022.0, 1400.0], [3022.25, 888.0], [3022.5, 1300.0], [3022.75, 2467.0], [3023.0, 8317.0], [3023.25, 6904.0], [3025.0, 11977.0], [3025.25, 40125.0], [3027.75, 37542.0], [3029.5, 40000.0], [3029.75, 400.0], [3030.5, 37016.0], [3031.5, 38583.0], [3035.75, 40000.0]]}}}
{"jsonrpc": "2.0", "method": "subscription", "params": {"channel": "book.ETH-2JAN26.none.20.100ms", "data": {"timestamp": 1766455205889, "change_id": 102481593024, "instrument_name": "ETH-2JAN26", "bids": [[3020.0, 7529.0], [3019.75, 1688.0], [3019.5, 1688.0], [3019.25, 1676.0], [3019.0, 1258.0], [3018.25, 388.0], [3018.0, 1300.0], [3017.0, 6435.0], [3016.5, 500.0], [3015.25, 842.0], [3015.0, 3243.0], [3014.75, 7029.0], [3014.25, 6196.0], [3012.25, 22912.0], [3012.0, 18485.0], [3011.75, 400.0], [3010.0, 40000.0], [3009.5, 38446.0], [3007.0, 38031.0], [3006.25, 37365.0]], "asks": [[3020.5, 1638.0], [3020.75, 4764.0], [3021.0, 13976.0], [3021.25, 7917.0], [3021.5, 1688.0], [3021.75, 1718.0], [3022.0, 1400.0], [3022.25, 888.0], [3022.5, 1300.0], [3022.75, 2467.0], [3023.0, 8317.0], [3023.25, 6904.0], [3025.0, 11977.0], [3025.25, 40125.0], [3027.75, 37542.0], [3029.5, 40000.0], [3029.75, 400.0], [3030.5, 37016.0], [3031.5, 38583.0], [3035.75, 40000.0]]}}}
{"jsonrpc": "2.0", "method": "subscription", "params": {"channel": "book.ETH-2JAN26.none.20.100ms", "data": {"timestamp": 1766455206161, "change_id": 102481593578, "instrument_name": "ETH-2JAN26", "bids": [[3020.0, 7529.0], [3019.75, 1688.0], [3019.5, 1688.0], [3019.25, 1676.0], [3019.0, 1258.0], [3018.5, 1300.0], [3017.5, 7153.0], [3017.0, 6435.0], [3016.5, 500.0], [3015.25, 842.0], [3015.0, 1145.0], [3014.25, 6196.0], [3012.25, 22912.0], [3012.0, 18485.0], [3011.75, 400.0], [3010.0, 40000.0], [3009.5, 38446.0], [3007.0, 38031.0], [3006.25, 37365.0], [3004.75, 40000.0]], "asks": [[3020.25, 1250.0], [3020.5, 388.0], [3020.75, 4764.0], [3021.0, 13976.0], [3021.25, 7917.0], [3021.5, 1688.0], [3021.75, 1718.0], [3022.0, 1400.0], [3022.25, 888.0], [3022.5, 1300.0], [3022.75, 2467.0], [3023.0, 8317.0], [3023.25, 6904.0], [3025.0, 11977.0], [3025.25, 40125.0], [3027.75, 37542.0], [3029.5, 40000.0], [3029.75, 400.0], [3030.5, 37016.0], [3031.5, 38583.0]]}}}
{"jsonrpc": "2.0", "method": "subscription", "params": {"channel": "book.ETH-2JAN26.none.20.100ms", "data": {"timestamp": 1766455206597, "change_id": 102481594325, "instrument_name": "ETH-2JAN26", "bids": [[3019.5, 7529.0], [3019.25, 1300.0], [3018.5, 2550.0], [3018.25, 8.0], [3016.5, 9073.0], [3016.25, 7161.0], [3015.25, 842.0], [3015.0, 1145.0], [3012.75, 6196.0], [3012.5, 6839.0], [3012.25, 22912.0], [3012.0, 18485.0], [3011.75, 400.0], [3010.0, 40000.0], [3009.5, 38446.0], [3007.0, 38031.0], [3006.25, 37365.0], [3004.75, 40000.0], [3001.5, 73320.0], [3001.25, 18001.0]], "asks": [[3020.0, 1250.0], [3020.5, 2254.0], [3020.75, 7934.0], [3021.0, 1688.0], [3021.25, 1688.0], [3021.5, 1688.0], [3021.75, 7974.0], [3022.0, 1400.0], [3022.25, 888.0], [3022.5, 1300.0], [3022.75, 600.0], [3023.0, 2061.0], [3023.25, 6904.0], [3025.0, 11977.0], [3025.25, 40125.0], [3027.75, 37542.0], [3029.5, 40000.0], [3029.75, 400.0], [3030.5, 37016.0], [3031.5, 38583.0]]}}}
{"jsonrpc": "2.0", "method": "subscription", "params": {"channel": "book.ETH-2JAN26.none.20.100ms", "data": {"timestamp": 1766455206886, "change_id": 102481594630, "instrument_name": "ETH-2JAN26", "bids": [[3019.5, 6229.0], [3019.25, 1300.0], [3018.75, 761.0], [3018.5, 2550.0], [3018.25, 8.0], [3016.5, 9073.0], [3016.25, 7161.0], [3015.25, 842.0], [3015.0, 1145.0], [3012.75, 6196.0], [3012.5, 6839.0], [3012.25, 22912.0], [3012.0, 18485.0], [3011.75, 400.0], [3010.0, 40000.0], [3009.5, 38446.0], [3007.0, 38031.0], [3006.25, 37365.0], [3004.75, 40000.0], [3001.5, 73320.0]], "asks": [[3019.75, 1250.0], [3020.0, 56.0], [3020.5, 2198.0], [3020.75, 7934.0], [3021.0, 1688.0], [3021.25, 1688.0], [3021.5, 3506.0], [3021.75, 7974.0], [3022.0, 1400.0], [3022.25, 888.0], [3022.5, 1300.0], [3022.75, 600.0], [3023.0, 2061.0], [3023.25, 6904.0], [3025.0, 11977.0], [3025.25, 40125.0], [3027.75, 37542.0], [3029.5, 40000.0], [3029.75, 400.0], [3030.5, 37016.0]]}}}
{"jsonrpc": "2.0", "method": "subscription", "params": {"channel": "book.ETH-2JAN26.none.20.100ms", "data": {"timestamp": 1766455207057, "change_id": 102481594799, "instrument_name": "ETH-2JAN26", "bids": [[3019.5, 7529.0], [3019.0, 388.0], [3018.75, 2061.0], [3018.5, 2550.0], [3018.25, 8.0], [3016.5, 9073.0], [3016.25, 7161.0], [3015.25, 842.0], [3015.0, 1145.0], [3012.75, 6196.0], [3012.5, 6839.0], [3012.25, 22912.0], [3012.0, 18485.0], [3011.75, 400.0], [3010.0, 40000.0], [3009.5, 38446.0], [3007.0, 38031.0], [3006.25, 37365.0], [3004.75, 40000.0], [3001.5, 73320.0]], "asks": [[3019.75, 1250.0], [3020.0, 56.0], [3020.25, 3110.0], [3020.5, 12617.0], [3020.75, 7934.0], [3021.0, 1688.0], [3021.25, 1688.0], [3021.5, 3506.0], [3021.75, 7974.0], [3022.0, 1400.0], [3022.25, 500.0], [3023.0, 2061.0], [3023.25, 6904.0], [3025.0, 11977.0], [3025.25, 40125.0], [3027.75, 37542.0], [3029.5, 40000.0], [3029.75, 400.0], [3030.5, 37016.0], [3031.5, 38583.0]]}}}
{"jsonrpc": "2.0", "method": "subscription", "params": {"channel": "book.ETH-2JAN26.none.20.100ms", "data": {"timestamp": 1766455207497, "change_id": 102481595432, "instrument_name": "ETH-2JAN26", "bids": [[3019.5, 6229.0], [3019.0, 388.0], [3018.75, 2061.0], [3018.5, 2550.0], [3018.25, 8.0], [3016.5, 9073.0], [3016.25, 7161.0], [3015.25, 842.0], [3015.0, 1145.0], [3012.75, 6196.0], [3012.5, 6839.0], [3012.25, 22912.0], [3012.0, 18485.0], [3011.75, 400.0], [3010.0, 40000.0], [3009.5, 38446.0], [3007.0, 38031.0], [3006.25, 37365.0], [3004.75, 40000.0], [3001.5, 73320.0]], "asks": [[3019.75, 1250.0], [3020.0, 56.0], [3020.25, 3110.0], [3020.5, 12617.0], [3020.75, 7934.0], [3021.0, 1688.0], [3021.25, 1688.0], [3021.5, 3506.0], [3021.75, 7974.0], [3022.0, 1400.0], [3022.25, 500.0], [3023.0, 2061.0], [3023.25, 6904.0], [3025.0, 11977.0], [3025.25, 40125.0], [3027.75, 37542.0], [3029.5, 40000.0], [3029.75, 400.0], [3030.5, 37016.0], [3031.5, 38583.0]]}}}
{"jsonrpc": "2.0", "method": "subscription", "params": {"channel": "book.ETH-2JAN26.none.20.100ms", "data": {"timestamp": 1766455207832, "change_id": 102481595639, "instrument_name": "ETH-2JAN26", "bids": [[3019.5, 6229.0], [3019.0, 388.0], [3018.75, 2061.0], [3018.5, 2550.0], [3018.25, 8.0], [3016.5, 9073.0], [3016.25, 7161.0], [3015.25, 500.0], [3012.75, 7341.0], [3012.5, 6839.0], [3012.25, 22912.0], [3012.0, 18485.0], [3011.75, 400.0], [3010.0, 40000.0], [3009.5, 38446.0], [3007.0, 38031.0], [3006.25, 37365.0], [3004.75, 40000.0], [3001.5, 73320.0], [3001.25, 18001.0]], "asks": [[3019.75, 1250.0], [3020.0, 56.0], [3020.25, 3110.0], [3020.5, 12617.0], [3020.75, 7934.0], [3021.0, 1688.0], [3021.25, 1688.0], [3021.5, 3506.0], [3021.75, 7974.0], [3022.0, 1400.0], [3022.25, 500.0], [3023.0, 2061.0], [3023.25, 6904.0], [3025.0, 11977.0], [3025.25, 40125.0], [3027.75, 37542.0], [3029.5, 40000.0], [3029.75, 400.0], [3030.5, 37016.0], [3031.5, 38583.0]]}}}
{"jsonrpc": "2.0", "method": "subscription", "params": {"channel": "book.ETH-2JAN26.none.20.100ms", "data": {"timestamp": 1766455208047, "change_id": 102481595680, "instrument_name": "ETH-2JAN26", "bids": [[3019.5, 6229.0], [3019.25, 388.0], [3019.0, 1688.0], [3018.75, 2061.0], [3018.5, 2550.0], [3018.25, 8.0], [3016.75, 2070.0], [3016.5, 9073.0], [3016.25, 7161.0], [3015.25, 500.0], [3013.0, 2191.0], [3012.75, 7341.0], [3012.5, 6839.0], [3012.25, 22912.0], [3012.0, 18485.0], [3011.75, 400.0], [3010.0, 40000.0], [3009.5, 38446.0], [3007.0, 38031.0], [3006.25, 37365.0]], "asks": [[3019.75, 2550.0], [3020.0, 656.0], [3020.25, 3110.0], [3020.5, 12617.0], [3020.75, 7934.0], [3021.0, 1688.0], [3021.25, 1688.0], [3021.5, 3506.0], [3021.75, 7974.0], [3022.0, 1400.0], [3022.25, 500.0], [3023.0, 2061.0], [3023.25, 6904.0], [3025.0, 11977.0], [3025.25, 40125.0], [3027.75, 37542.0], [3029.5, 40000.0], [3029.75, 400.0], [3030.5, 37016.0], [3031.5, 38583.0]]}}}
{"jsonrpc": "2.0", "method": "subscription", "params": {"channel": "book.ETH-2JAN26.none.20.100ms", "data": {"timestamp": 1766455209237, "change_id": 102481597184, "instrument_name": "ETH-2JAN26", "bids": [[3019.75, 6229.0], [3019.25, 388.0], [3019.0, 1688.0], [3018.75, 2061.0], [3018.5, 2550.0], [3018.25, 8.0], [3016.75, 2070.0], [3016.5, 9073.0], [3016.25, 7161.0], [3015.25, 500.0], [3013.0, 2191.0], [3012.75, 7341.0], [3012.5, 6839.0], [3012.25, 22912.0], [3012.0, 18485.0], [3011.75, 400.0], [3010.0, 40000.0], [3009.5, 38446.0], [3007.0, 38031.0], [3006.25, 37365.0]], "asks": [[3020.0, 656.0], [3020.25, 4360.0], [3020.5, 10807.0], [3020.75, 3496.0], [3021.0, 7917.0], [3021.25, 1688.0], [3021.5, 3506.0], [3021.75, 7974.0], [3022.0, 1400.0], [3022.25, 500.0], [3023.0, 2061.0], [3023.25, 6904.0], [3025.0, 11977.0], [3025.25, 40125.0], [3027.75, 37542.0], [3029.5, 40000.0], [3029.75, 400.0], [3030.5, 37016.0], [3031.5, 38583.0], [3035.75, 40000.0]]}}}
{"jsonrpc": "2.0", "method": "subscription", "params": {"channel": "book.ETH-2JAN26.none.20.100ms", "data": {"timestamp": 1766455209339, "change_id": 102481597238, "instrument_name": "ETH-2JAN26", "bids": [[3019.75, 6229.0], [3019.25, 388.0], [3019.0, 1688.0], [3018.75, 2938.0], [3018.5, 1300.0], [3018.25, 8.0], [3016.75, 2070.0], [3016.5, 9073.0], [3016.25, 7161.0], [3015.25, 500.0], [3013.0, 2191.0], [3012.75, 7341.0], [3012.5, 6839.0], [3012.25, 22912.0], [3012.0, 18485.0], [3011.75, 400.0], [3010.0, 40000.0], [3009.5, 38446.0], [3007.0, 38031.0], [3006.25, 37365.0]], "asks": [[3020.0, 656.0], [3020.25, 4360.0], [3020.5, 10807.0], [3020.75, 3496.0], [3021.0, 7917.0], [3021.25, 1688.0], [3021.5, 3506.0], [3021.75, 7974.0], [3022.0, 1400.0], [3022.25, 500.0], [3023.0, 2061.0], [3023.25, 6904.0], [3025.0, 11977.0], [3025.25, 40125.0], [3027.75, 37542.0], [3029.5, 40000.0], [3029.75, 400.0], [3030.5, 37016.0], [3031.5, 38583.0], [3035.75, 40000.0]]}}}
{"jsonrpc": "2.0", "method": "subscription", "params": {"channel": "book.ETH-2JAN26.none.20.100ms", "data": {"timestamp": 1766455209908, "change_id": 102481597591, "instrument_name": "ETH-2JAN26", "bids": [[3019.75, 6229.0], [3019.25, 388.0], [3019.0, 1688.0], [3018.75, 2938.0], [3018.5, 1300.0], [3018.25, 8.0], [3016.75, 2070.0], [3016.5, 9073.0], [3016.25, 7161.0], [3015.25, 500.0], [3013.0, 2191.0], [3012.75, 7341.0], [3012.5, 6839.0], [3012.25, 22912.0], [3012.0, 18485.0], [3011.75, 400.0], [3010.0, 40000.0], [3009.5, 38446.0], [3007.0, 38031.0], [3006.25, 37365.0]], "asks": [[3020.25, 4360.0], [3020.5, 10807.0], [3020.75, 3552.0], [3021.0, 7917.0], [3021.25, 1688.0], [3021.5, 3506.0], [3021.75, 7974.0], [3022.0, 1400.0], [3022.25, 500.0], [3023.0, 2061.0], [3023.25, 6904.0], [3025.0, 11977.0], [3025.25, 40125.0], [3027.75, 37542.0], [3029.5, 40000.0], [3029.75, 400.0], [3030.5, 37016.0], [3031.5, 38583.0], [3035.75, 40000.0], [3036.75, 1145.0]]}}}
{"jsonrpc": "2.0", "method": "subscription", "params": {"channel": "book.ETH-2JAN26.none.20.100ms", "data": {"timestamp": 1766455210023, "change_id": 102481597643, "instrument_name": "ETH-2JAN26", "bids": [[3019.75, 7529.0], [3019.5, 388.0], [3019.25, 1688.0], [3019.0, 1688.0], [3018.75, 1638.0], [3018.5, 1300.0], [3018.25, 8.0], [3016.75, 2070.0], [3016.5, 9073.0], [3016.25, 7161.0], [3015.25, 500.0], [3013.0, 2191.0], [3012.75, 7341.0], [3012.5, 6839.0], [3012.25, 22912.0], [3012.0, 18485.0], [3011.75, 400.0], [3010.0, 40000.0], [3009.5, 38446.0], [3007.0, 38031.0]], "asks": [[3020.25, 5660.0], [3020.5, 10807.0], [3020.75, 3552.0], [3021.0, 7917.0], [3021.25, 1688.0], [3021.5, 3506.0], [3021.75, 7974.0], [3022.0, 1400.0], [3022.25, 500.0], [3023.0, 2061.0], [3023.25, 6904.0], [3025.0, 11977.0], [3025.25, 40125.0], [3027.75, 37542.0], [3029.5, 40000.0], [3029.75, 400.0], [3030.5, 37016.0], [3031.5, 38583.0], [3035.75, 40000.0], [3036.75, 1145.0]]}}}
{"jsonrpc": "2.0", "method": "subscription", "params": {"channel": "book.ETH-2JAN26.none.20.100ms", "data": {"timestamp": 1766455210482, "change_id": 102481598318, "instrument_name": "ETH-2JAN26", "bids": [[3019.75, 6229.0], [3019.5, 388.0], [3019.25, 1688.0], [3019.0, 1688.0], [3018.75, 1638.0], [3018.5, 1300.0], [3018.25, 8.0], [3016.75, 2070.0], [3016.5, 9073.0], [3016.25, 7161.0], [3015.25, 500.0], [3013.0, 2191.0], [3012.75, 7341.0], [3012.5, 6839.0], [3012.25, 22912.0], [3012.0, 18485.0], [3011.75, 400.0], [3010.0, 40000.0], [3009.5, 38446.0], [3007.0, 38031.0]], "asks": [[3020.25, 5660.0], [3020.5, 10807.0], [3020.75, 3552.0], [3021.0, 7917.0], [3021.25, 1688.0], [3021.5, 3506.0], [3021.75, 7974.0], [3022.0, 1400.0], [3022.25, 500.0], [3023.0, 2061.0], [3023.25, 6904.0], [3025.0, 11977.0], [3025.25, 40125.0], [3027.75, 37542.0], [3029.5, 40000.0], [3029.75, 400.0], [3030.5, 37016.0], [3031.5, 38583.0], [3035.75, 40000.0], [3036.75, 1145.0]]}}}
{"jsonrpc": "2.0", "method": "subscription", "params": {"channel": "book.ETH-2JAN26.none.20.100ms", "data": {"timestamp": 1766455211188, "change_id": 102481599098, "instrument_name": "ETH-2JAN26", "bids": [[3019.75, 6229.0], [3019.5, 388.0], [3019.25, 1688.0], [3019.0, 1688.0], [3018.75, 1638.0], [3018.5, 1300.0], [3018.25, 8.0], [3016.75, 2070.0], [3016.5, 9073.0], [3016.25, 7161.0], [3015.25, 500.0], [3013.0, 2191.0], [3012.75, 7341.0], [3012.5, 6839.0], [3012.25, 22912.0], [3012.0, 18485.0], [3011.75, 400.0], [3010.0, 40000.0], [3009.5, 38446.0], [3007.0, 38031.0]], "asks": [[3020.0, 1850.0], [3020.25, 4410.0], [3020.5, 10807.0], [3020.75, 3552.0], [3021.0, 7917.0], [3021.25, 1688.0], [3021.5, 3506.0], [3021.75, 7974.0], [3022.0, 1400.0], [3022.25, 500.0], [3023.0, 2061.0], [3023.25, 6904.0], [3025.0, 11977.0], [3025.25, 40125.0], [3027.75, 37542.0], [3029.5, 40000.0], [3029.75, 400.0], [3030.5, 37016.0], [3031.5, 38583.0], [3035.75, 40000.0]]}}}
{"jsonrpc": "2.0", "method": "subscription", "params": {"channel": "book.ETH-2JAN26.none.20.100ms", "data": {"timestamp": 1766455211761, "change_id": 102481599447, "instrument_name": "ETH-2JAN26", "bids": [[3019.75, 6229.0], [3019.5, 388.0], [3019.25, 1688.0], [3019.0, 1688.0], [3018.75, 1638.0], [3018.5, 1300.0], [3018.25, 8.0], [3016.5, 2638.0], [3016.25, 7161.0], [3015.75, 1921.0], [3015.5, 6435.0], [3015.25, 500.0], [3013.25, 6196.0], [3013.0, 342.0], [3012.75, 1145.0], [3012.5, 6839.0], [3012.25, 22912.0], [3012.0, 18485.0], [3011.75, 400.0], [3010.0, 40000.0]], "asks": [[3020.0, 1850.0], [3020.25, 4410.0], [3020.5, 10807.0], [3020.75, 3552.0], [3021.0, 7917.0], [3021.25, 1688.0], [3021.5, 3506.0], [3021.75, 7974.0], [3022.0, 1400.0], [3022.25, 500.0], [3023.0, 2061.0], [3023.25, 6904.0], [3025.0, 11977.0], [3025.25, 40125.0], [3027.75, 37542.0], [3029.5, 40000.0], [3029.75, 400.0], [3030.5, 37016.0], [3031.5, 38583.0], [3035.75, 40000.0]]}}}
{"jsonrpc": "2.0", "method": "subscription", "params": {"channel": "book.ETH-2JAN26.none.20.100ms", "data": {"timestamp": 1766455212341, "change_id": 102481600052, "instrument_name": "ETH-2JAN26", "bids": [[3019.75, 6229.0], [3019.25, 1688.0], [3019.0, 1300.0], [3018.75, 388.0], [3018.5, 1676.0], [3018.25, 1258.0], [3016.5, 2638.0], [3016.25, 7161.0], [3015.75, 1921.0], [3015.5, 6435.0], [3015.25, 500.0], [3013.25, 6196.0], [3013.0, 342.0], [3012.75, 1145.0], [3012.5, 6839.0], [3012.25, 22912.0], [3012.0, 18485.0], [3011.75, 400.0], [3010.0, 40000.0], [3009.5, 38446.0]], "asks": [[3020.0, 1850.0], [3020.25, 4466.0], [3020.5, 12617.0], [3020.75, 7934.0], [3021.0, 1688.0], [3021.25, 1688.0], [3021.5, 3506.0], [3021.75, 7974.0], [3022.0, 1400.0], [3022.25, 500.0], [3023.0, 2061.0], [3023.25, 6904.0], [3025.0, 11977.0], [3025.25, 40125.0], [3027.75, 37542.0], [3029.5, 40000.0], [3029.75, 400.0], [3030.5, 37016.0], [3031.5, 38583.0], [3035.75, 40000.0]]}}}
{"jsonrpc": "2.0", "method": "subscription", "params": {"channel": "book.ETH-2JAN26.none.20.100ms", "data": {"timestamp": 1766455212876, "change_id": 102481600355, "instrument_name": "ETH-2JAN26", "bids": [[3019.75, 6229.0], [3019.25, 1688.0], [3019.0, 1300.0], [3018.75, 388.0], [3018.5, 2550.0], [3018.25, 8.0], [3016.5, 2638.0], [3016.25, 7161.0], [3015.75, 1921.0], [3015.5, 6435.0], [3015.25, 500.0], [3013.5, 1850.0], [3013.25, 6196.0], [3013.0, 342.0], [3012.75, 1145.0], [3012.5, 6839.0], [3012.25, 22912.0], [3012.0, 18485.0], [3011.75, 400.0], [3010.0, 40000.0]], "asks": [[3020.0, 1850.0], [3020.25, 4466.0], [3020.5, 12617.0], [3020.75, 7934.0], [3021.0, 1688.0], [3021.25, 1688.0], [3021.5, 3506.0], [3021.75, 7974.0], [3022.0, 1400.0], [3022.25, 500.0], [3023.0, 2061.0], [3023.25, 6904.0], [3025.0, 11977.0], [3025.25, 40125.0], [3027.75, 37542.0], [3029.5, 40000.0], [3029.75, 400.0], [3030.5, 37016.0], [3031.5, 38583.0], [3035.75, 40000.0]]}}}
{"jsonrpc": "2.0", "method": "subscription", "params": {"channel": "book.ETH-2JAN26.none.20.100ms", "data": {"timestamp": 1766455212990, "change_id": 102481600371, "instrument_name": "ETH-2JAN26", "bids": [[3019.75, 6229.0], [3019.25, 388.0], [3019.0, 1688.0], [3018.75, 1688.0], [3018.5, 2550.0], [3018.25, 8.0], [3016.5, 2638.0], [3016.25, 7161.0], [3015.75, 1921.0], [3015.5, 6435.0], [3015.25, 500.0], [3013.5, 1850.0], [3013.25, 6196.0], [3013.0, 342.0], [3012.75, 1145.0], [3012.5, 6839.0], [3012.25, 22912.0], [3012.0, 18485.0], [3011.75, 400.0], [3010.0, 40000.0]], "asks": [[3020.0, 1850.0], [3020.25, 4466.0], [3020.5, 12617.0], [3020.75, 7934.0], [3021.0, 1688.0], [3021.25, 1688.0], [3021.5, 3506.0], [3021.75, 7974.0], [3022.0, 1400.0], [3022.25, 500.0], [3023.0, 2061.0], [3023.25, 6904.0], [3025.0, 11977.0], [3025.25, 40125.0], [3027.75, 37542.0], [3029.5, 40000.0], [3029.75, 400.0], [3030.5, 37016.0], [3031.5, 38583.0], [3035.75, 40000.0]]}}}
{"jsonrpc": "2.0", "method": "subscription", "params": {"channel": "book.ETH-2JAN26.none.20.100ms", "data": {"timestamp": 1766455213411, "change_id": 102481601137, "instrument_name": "ETH-2JAN26", "bids": [[3019.75, 6229.0], [3019.25, 388.0], [3019.0, 1688.0], [3018.75, 1688.0], [3018.5, 2550.0], [3018.25, 8.0], [3016.5, 2638.0], [3016.25, 7161.0], [3015.75, 1921.0], [3015.5, 6435.0], [3015.25, 500.0], [3013.5, 1850.0], [3013.25, 6196.0], [3013.0, 342.0], [3012.75, 1145.0], [3012.5, 6839.0], [3012.25, 22912.0], [3012.0, 18485.0], [3011.75, 400.0], [3010.0, 40000.0]], "asks": [[3020.0, 1250.0], [3020.25, 4466.0], [3020.5, 12617.0], [3020.75, 7934.0], [3021.0, 1688.0], [3021.25, 1688.0], [3021.5, 3506.0], [3021.75, 7974.0], [3022.0, 1400.0], [3022.25, 500.0], [3023.0, 2061.0], [3023.25, 6904.0], [3025.0, 11977.0], [3025.25, 40125.0], [3027.75, 37542.0], [3029.5, 40000.0], [3029.75, 400.0], [3030.5, 37016.0], [3031.5, 38583.0], [3035.75, 40000.0]]}}}
{"jsonrpc": "2.0", "method": "subscription", "params": {"channel": "book.ETH-2JAN26.none.20.100ms", "data": {"timestamp": 1766455213885, "change_id": 102481601426, "instrument_name": "ETH-2JAN26", "bids": [[3019.25, 388.0], [3019.0, 2012.0], [3018.75, 2938.0], [3018.5, 1300.0], [3018.25, 8.0], [3016.5, 2638.0], [3016.25, 7161.0], [3015.75, 1921.0], [3015.5, 6435.0], [3015.25, 500.0], [3013.5, 1850.0], [3013.25, 6196.0], [3013.0, 342.0], [3012.75, 1145.0], [3012.5, 6839.0], [3012.25, 22912.0], [3012.0, 18485.0], [3011.75, 400.0], [3010.0, 40000.0], [3009.5, 38446.0]], "asks": [[3019.75, 373.0], [3020.0, 1655.0], [3020.25, 4466.0], [3020.5, 10807.0], [3020.75, 7936.0], [3021.0, 1688.0], [3021.25, 1688.0], [3021.5, 3506.0], [3021.75, 7974.0], [3022.0, 1400.0], [3022.25, 500.0], [3023.0, 2061.0], [3023.25, 6904.0], [3025.0, 11977.0], [3025.25, 40125.0], [3027.75, 37542.0], [3029.5, 40000.0], [3029.75, 400.0], [3030.5, 37016.0], [3031.5, 38583.0]]}}}
{"jsonrpc": "2.0", "method": "subscription", "params": {"channel": "book.ETH-2JAN26.none.20.100ms", "data": {"timestamp": 1766455213978, "change_id": 102481601455, "instrument_name": "ETH-2JAN26", "bids": [[3019.75, 7531.0], [3019.5, 1688.0], [3019.25, 1688.0], [3019.0, 1688.0], [3018.75, 1638.0], [3018.5, 1300.0], [3018.25, 8.0], [3016.5, 2638.0], [3016.25, 7161.0], [3015.75, 1921.0], [3015.5, 6435.0], [3015.25, 500.0], [3013.5, 1850.0], [3013.25, 6196.0], [3013.0, 342.0], [3012.75, 1145.0], [3012.5, 6839.0], [3012.25, 22912.0], [3012.0, 18485.0], [3011.75, 400.0]], "asks": [[3020.0, 1850.0], [3020.25, 4466.0], [3020.5, 12617.0], [3020.75, 7936.0], [3021.0, 1688.0], [3021.25, 1688.0], [3021.5, 3506.0], [3021.75, 7974.0], [3022.0, 1400.0], [3022.25, 500.0], [3023.0, 2061.0], [3023.25, 6904.0], [3025.0, 11977.0], [3025.25, 40125.0], [3027.75, 37542.0], [3029.5, 40000.0], [3029.75, 400.0], [3030.5, 37016.0], [3031.5, 38583.0], [3035.75, 40000.0]]}}}
{"jsonrpc": "2.0", "method": "subscription", "params": {"channel": "book.ETH-2JAN26.none.20.100ms", "data": {"timestamp": 1766455214764, "change_id": 102481602263, "instrument_name": "ETH-2JAN26", "bids": [[3019.75, 7531.0], [3019.5, 1688.0], [3019.25, 1688.0], [3019.0, 1688.0], [3018.75, 1638.0], [3018.5, 1300.0], [3018.25, 8.0], [3016.5, 2638.0], [3016.25, 9082.0], [3016.0, 6435.0], [3015.25, 500.0], [3014.0, 1850.0], [3013.75, 6196.0], [3013.0, 342.0], [3012.75, 1145.0], [3012.5, 6839.0], [3012.25, 22912.0], [3012.0, 18485.0], [3011.75, 400.0], [3010.0, 40000.0]], "asks": [[3020.0, 1850.0], [3020.25, 4466.0], [3020.5, 12617.0], [3020.75, 7936.0], [3021.0, 1688.0], [3021.25, 1688.0], [3021.5, 3506.0], [3021.75, 7974.0], [3022.0, 1400.0], [3022.25, 500.0], [3023.0, 2061.0], [3023.25, 6904.0], [3025.0, 11977.0], [3025.25, 40125.0], [3027.75, 37542.0], [3029.5, 40000.0], [3029.75, 400.0], [3030.5, 37016.0], [3031.5, 38583.0], [3035.75, 40000.0]]}}}
{"jsonrpc": "2.0", "method": "subscription", "params": {"channel": "book.ETH-2JAN26.none.20.100ms", "data": {"timestamp": 1766455215209, "change_id": 102481603173, "instrument_name": "ETH-2JAN26", "bids": [[3020.25, 6231.0], [3020.0, 1300.0], [3019.75, 1688.0], [3019.5, 1688.0], [3019.25, 2012.0], [3019.0, 2550.0], [3018.75, 396.0], [3018.5, 1300.0], [3016.5, 2638.0], [3016.25, 9082.0], [3016.0, 6435.0], [3015.25, 500.0], [3014.0, 1850.0], [3013.75, 6196.0], [3013.0, 342.0], [3012.75, 1145.0], [3012.5, 6839.0], [3012.25, 22912.0], [3012.0, 18485.0], [3011.75, 400.0]], "asks": [[3020.5, 1638.0], [3020.75, 1705.0], [3021.0, 3554.0], [3021.25, 7919.0], [3021.5, 3506.0], [3021.75, 7974.0], [3022.0, 1400.0], [3022.25, 500.0], [3025.0, 11977.0], [3025.25, 40125.0], [3027.0, 7114.0], [3027.75, 37542.0], [3029.5, 40000.0], [3029.75, 400.0], [3030.5, 37016.0], [3031.5, 38583.0], [3035.75, 40000.0], [3036.75, 1145.0], [3038.25, 36602.0], [3039.25, 40000.0]]}}}
{"jsonrpc": "2.0", "method": "subscription", "params": {"channel": "book.ETH-2JAN26.none.20.100ms", "data": {"timestamp": 1766455215520, "change_id": 102481603539, "instrument_name": "ETH-2JAN26", "bids": [[3020.0, 6231.0], [3019.75, 1300.0], [3019.5, 1688.0], [3019.25, 2012.0], [3019.0, 2550.0], [3018.75, 396.0], [3018.5, 1300.0], [3016.5, 2638.0], [3016.25, 9082.0], [3016.0, 6435.0], [3015.25, 500.0], [3014.0, 1850.0], [3013.75, 6196.0], [3013.0, 342.0], [3012.75, 1145.0], [3012.5, 6839.0], [3012.25, 22912.0], [3012.0, 18485.0], [3011.75, 400.0], [3010.0, 40000.0]], "asks": [[3020.25, 2923.0], [3020.5, 2254.0], [3020.75, 7936.0], [3021.0, 1688.0], [3021.25, 1688.0], [3021.5, 3506.0], [3021.75, 7974.0], [3022.0, 1400.0], [3022.25, 500.0], [3022.75, 2172.0], [3023.0, 7275.0], [3025.0, 11977.0], [3025.25, 40125.0], [3027.75, 37542.0], [3029.5, 40000.0], [3029.75, 400.0], [3030.5, 37016.0], [3031.5, 38583.0], [3035.75, 40000.0], [3036.75, 1145.0]]}}}
{"jsonrpc": "2.0", "method": "subscription", "params": {"channel": "book.ETH-2JAN26.none.20.100ms", "data": {"timestamp": 1766455215846, "change_id": 102481603980, "instrument_name": "ETH-2JAN26", "bids": [[3019.5, 7531.0], [3019.25, 1688.0], [3019.0, 1300.0], [3018.75, 712.0], [3018.5, 2550.0], [3018.0, 8.0], [3016.5, 2638.0], [3016.25, 9082.0], [3016.0, 6435.0], [3015.25, 500.0], [3014.0, 1850.0], [3013.75, 6196.0], [3013.0, 342.0], [3012.75, 1145.0], [3012.5, 6839.0], [3012.25, 22912.0], [3012.0, 18485.0], [3011.75, 400.0], [3010.0, 40000.0], [3009.5, 38446.0]], "asks": [[3020.0, 2238.0], [3020.25, 3177.0], [3020.5, 9505.0], [3020.75, 12126.0], [3021.0, 1688.0], [3021.25, 1688.0], [3021.5, 3506.0], [3021.75, 7974.0], [3022.0, 1400.0], [3022.25, 500.0], [3022.75, 2172.0], [3023.0, 7275.0], [3025.0, 11977.0], [3025.25, 40125.0], [3027.75, 37542.0], [3029.5, 40000.0], [3029.75, 400.0], [3030.5, 37016.0], [3031.5, 38583.0], [3035.75, 40000.0]]}}}
{"jsonrpc": "2.0", "method": "subscription", "params": {"channel": "book.ETH-2JAN26.none.20.100ms", "data": {"timestamp": 1766455216089, "change_id": 102481604236, "instrument_name": "ETH-2JAN26", "bids": [[3019.5, 7531.0], [3019.25, 388.0], [3019.0, 1300.0], [3018.75, 388.0], [3018.5, 1638.0], [3018.25, 1300.0], [3018.0, 8.0], [3016.5, 2638.0], [3016.25, 9082.0], [3016.0, 6435.0], [3015.25, 500.0], [3014.0, 1850.0], [3013.75, 6196.0], [3013.0, 342.0], [3012.75, 1145.0], [3012.5, 6839.0], [3012.25, 22912.0], [3012.0, 18485.0], [3011.75, 400.0], [3010.0, 40000.0]], "asks": [[3019.75, 1250.0], [3020.0, 988.0], [3020.25, 3177.0], [3020.5, 6675.0], [3020.75, 1705.0], [3021.0, 1688.0], [3021.25, 1688.0], [3021.5, 3506.0], [3021.75, 7974.0], [3022.0, 1400.0], [3022.25, 500.0], [3022.75, 2172.0], [3023.0, 7275.0], [3025.0, 11977.0], [3025.25, 40125.0], [3027.75, 37542.0], [3029.5, 40000.0], [3029.75, 400.0], [3030.5, 37016.0], [3031.5, 38583.0]]}}}
{"jsonrpc": "2.0", "method": "subscription", "params": {"channel": "book.ETH-2JAN26.none.20.100ms", "data": {"timestamp": 1766455216456, "change_id": 102481604761, "instrument_name": "ETH-2JAN26", "bids": [[3019.5, 7531.0], [3019.25, 388.0], [3019.0, 1300.0], [3018.75, 388.0], [3018.5, 1638.0], [3018.25, 1300.0], [3018.0, 8.0], [3016.5, 2638.0], [3016.25, 9082.0], [3016.0, 6435.0], [3015.25, 500.0], [3014.0, 1850.0], [3013.75, 6196.0], [3013.0, 342.0], [3012.75, 1145.0], [3012.5, 6839.0], [3012.25, 22912.0], [3012.0, 18485.0], [3011.75, 400.0], [3010.0, 40000.0]], "asks": [[3019.75, 1250.0], [3020.0, 988.0], [3020.25, 6047.0], [3020.5, 17095.0], [3020.75, 1705.0], [3021.0, 1688.0], [3021.25, 1688.0], [3021.5, 3506.0], [3021.75, 7974.0], [3022.0, 1400.0], [3022.25, 500.0], [3022.75, 2172.0], [3023.0, 7275.0], [3025.0, 11977.0], [3025.25, 40125.0], [3027.75, 37542.0], [3029.5, 40000.0], [3029.75, 400.0], [3030.5, 37016.0], [3031.5, 38583.0]]}}}
{"jsonrpc": "2.0", "method": "subscription", "params": {"channel": "book.ETH-2JAN26.none.20.100ms", "data": {"timestamp": 1766455216945, "change_id": 102481604993, "instrument_name": "ETH-2JAN26", "bids": [[3019.5, 7531.0], [3019.25, 388.0], [3019.0, 1688.0], [3018.75, 1688.0], [3018.5, 1638.0], [3018.25, 1300.0], [3018.0, 8.0], [3016.5, 2638.0], [3016.25, 9082.0], [3016.0, 6435.0], [3015.25, 500.0], [3014.0, 1850.0], [3013.75, 6196.0], [3013.0, 342.0], [3012.75, 1145.0], [3012.5, 6839.0], [3012.25, 22912.0], [3012.0, 18485.0], [3011.75, 400.0], [3010.0, 40000.0]], "asks": [[3019.75, 1250.0], [3020.0, 988.0], [3020.25, 6047.0], [3020.5, 17095.0], [3020.75, 1705.0], [3021.0, 1688.0], [3021.25, 1688.0], [3021.5, 3506.0], [3021.75, 7974.0], [3022.0, 1400.0], [3022.25, 500.0], [3022.75, 2172.0], [3023.0, 7275.0], [3025.0, 11977.0], [3025.25, 40125.0], [3027.75, 37542.0], [3029.5, 40000.0], [3029.75, 400.0], [3030.5, 37016.0], [3031.5, 38583.0]]}}}
{"jsonrpc": "2.0", "method": "subscription", "params": {"channel": "book.ETH-2JAN26.none.20.100ms", "data": {"timestamp": 1766455217365, "change_id": 102481605593, "instrument_name": "ETH-2JAN26", "bids": [[3019.5, 7531.0], [3019.25, 388.0], [3019.0, 1688.0], [3018.75, 1688.0], [3018.5, 1638.0], [3018.25, 1300.0], [3018.0, 8.0], [3016.5, 2638.0], [3016.25, 9082.0], [3016.0, 6435.0], [3015.25, 500.0], [3014.0, 1850.0], [3013.75, 6196.0], [3013.0, 342.0], [3012.75, 1145.0], [3012.5, 6839.0], [3012.25, 22912.0], [3012.0, 18485.0], [3011.75, 400.0], [3010.0, 40000.0]], "asks": [[3019.75, 1250.0], [3020.0, 988.0], [3020.25, 4187.0], [3020.5, 12674.0], [3020.75, 7936.0], [3021.0, 1688.0], [3021.25, 1688.0], [3021.5, 3506.0], [3021.75, 7974.0], [3022.0, 1400.0], [3022.25, 500.0], [3022.75, 2172.0], [3023.0, 7275.0], [3025.0, 11977.0], [3025.25, 40125.0], [3027.75, 37542.0], [3029.5, 40000.0], [3029.75, 400.0], [3030.5, 37016.0], [3031.5, 38583.0]]}}}
{"jsonrpc": "2.0", "method": "subscription", "params": {"channel": "book.ETH-2JAN26.none.20.100ms", "data": {"timestamp": 1766455217774, "change_id": 102481605948, "instrument_name": "ETH-2JAN26", "bids": [[3019.5, 6231.0], [3019.25, 388.0], [3019.0, 1688.0], [3018.75, 1688.0], [3018.5, 1638.0], [3018.25, 1300.0], [3018.0, 8.0], [3016.75, 2070.0], [3016.5, 9073.0], [3016.25, 7161.0], [3015.25, 500.0], [3013.5, 1850.0], [3013.25, 6196.0], [3013.0, 342.0], [3012.75, 1145.0], [3012.5, 6839.0], [3012.25, 22912.0], [3012.0, 18485.0], [3011.75, 400.0], [3010.0, 40000.0]], "asks": [[3019.75, 1250.0], [3020.0, 988.0], [3020.25, 5918.0], [3020.5, 17095.0], [3020.75, 1705.0], [3021.0, 1688.0], [3021.25, 1688.0], [3021.5, 3506.0], [3021.75, 7974.0], [3022.0, 1400.0], [3022.25, 500.0], [3022.75, 2172.0], [3023.0, 7275.0], [3025.0, 11977.0], [3025.25, 40125.0], [3027.75, 37542.0], [3029.5, 40000.0], [3029.75, 400.0], [3030.5, 37016.0], [3031.5, 38583.0]]}}}
{"jsonrpc": "2.0", "method": "subscription", "params": {"channel": "book.ETH-2JAN26.none.20.100ms", "data": {"timestamp": 1766455218080, "change_id": 102481606233, "instrument_name": "ETH-2JAN26", "bids": [[3019.5, 6231.0], [3019.25, 388.0], [3019.0, 1688.0], [3018.75, 1688.0], [3018.5, 1638.0], [3018.25, 1300.0], [3018.0, 8.0], [3016.75, 2070.0], [3016.5, 9073.0], [3016.25, 7161.0], [3015.25, 500.0], [3013.5, 1850.0], [3013.25, 6196.0], [3013.0, 342.0], [3012.75, 1145.0], [3012.5, 6839.0], [3012.25, 22912.0], [3012.0, 18485.0], [3011.75, 400.0], [3010.0, 40000.0]], "asks": [[3019.75, 1250.0], [3020.0, 988.0], [3020.25, 5918.0], [3020.5, 17095.0], [3020.75, 1705.0], [3021.0, 1688.0], [3021.25, 1688.0], [3021.5, 3506.0], [3021.75, 7974.0], [3022.0, 1400.0], [3022.25, 500.0], [3022.75, 2172.0], [3023.0, 7275.0], [3025.0, 11977.0], [3025.25, 40125.0], [3027.75, 37542.0], [3029.5, 40000.0], [3029.75, 400.0], [3030.5, 37016.0], [3031.5, 38583.0]]}}}
{"jsonrpc": "2.0", "method": "subscription", "params": {"channel": "book.ETH-2JAN26.none.20.100ms", "data": {"timestamp": 1766455218520, "change_id": 102481606899, "instrument_name": "ETH-2JAN26", "bids": [[3019.0, 388.0], [3018.75, 1300.0], [3018.5, 388.0], [3018.25, 1300.0], [3016.75, 2070.0], [3016.5, 9073.0], [3016.25, 7161.0], [3015.25, 500.0], [3013.5, 1850.0], [3013.25, 6196.0], [3013.0, 342.0], [3012.75, 1145.0], [3012.5, 6839.0], [3012.25, 22912.0], [3012.0, 18485.0], [3011.75, 400.0], [3010.0, 40000.0], [3009.5, 38446.0], [3007.0, 38031.0], [3006.25, 37365.0]], "asks": [[3019.5, 373.0], [3019.75, 1250.0], [3020.0, 988.0], [3020.25, 10418.0], [3020.5, 10864.0], [3020.75, 1705.0], [3021.0, 1688.0], [3021.25, 1688.0], [3021.5, 3506.0], [3021.75, 7974.0], [3022.0, 1400.0], [3022.25, 500.0], [3022.75, 2172.0], [3023.0, 7275.0], [3025.0, 11977.0], [3025.25, 40125.0], [3027.75, 37542.0], [3029.5, 40000.0], [3029.75, 400.0], [3030.5, 37016.0]]}}}
{"jsonrpc": "2.0", "method": "subscription", "params": {"channel": "book.ETH-2JAN26.none.20.100ms", "data": {"timestamp": 1766455218826, "change_id": 102481607801, "instrument_name": "ETH-2JAN26", "bids": [[3019.25, 6231.0], [3019.0, 1300.0], [3018.75, 1300.0], [3018.5, 277.0], [3018.25, 1673.0], [3018.0, 1250.0], [3016.5, 2638.0], [3016.25, 7161.0], [3015.75, 1921.0], [3015.5, 6435.0], [3015.25, 500.0], [3013.5, 1850.0], [3013.25, 6196.0], [3012.75, 1145.0], [3012.5, 6839.0], [3012.25, 22912.0], [3012.0, 18485.0], [3010.0, 40000.0], [3009.75, 400.0], [3009.5, 38446.0]], "asks": [[3019.5, 1250.0], [3019.75, 1518.0], [3020.0, 7283.0], [3020.25, 1300.0], [3020.5, 388.0], [3020.75, 1705.0], [3021.0, 1688.0], [3021.25, 1572.0], [3021.5, 3118.0], [3021.75, 7974.0], [3022.0, 1400.0], [3022.25, 500.0], [3022.75, 2172.0], [3023.0, 7275.0], [3025.0, 11977.0], [3025.25, 40125.0], [3027.75, 37542.0], [3029.5, 40000.0], [3029.75, 400.0], [3030.5, 37016.0]]}}}
{"jsonrpc": "2.0", "method": "subscription", "params": {"channel": "book.ETH-2JAN26.none.20.100ms", "data": {"timestamp": 1766455218924, "change_id": 102481607847, "instrument_name": "ETH-2JAN26", "bids": [[3019.25, 6231.0], [3018.75, 1688.0], [3018.5, 1577.0], [3018.25, 1673.0], [3018.0, 1250.0], [3016.5, 2638.0], [3016.25, 7161.0], [3015.75, 1921.0], [3015.5, 6435.0], [3015.25, 500.0], [3013.5, 1850.0], [3013.25, 6196.0], [3012.75, 1145.0], [3012.5, 6839.0], [3012.25, 22912.0], [3012.0, 18485.0], [3010.0, 40000.0], [3009.75, 400.0], [3009.5, 38446.0], [3007.0, 38031.0]], "asks": [[3019.5, 1250.0], [3019.75, 1518.0], [3020.0, 6683.0], [3020.25, 1300.0], [3020.5, 388.0], [3020.75, 1705.0], [3021.0, 1688.0], [3021.25, 1572.0], [3021.5, 3118.0], [3021.75, 7556.0], [3022.0, 100.0], [3022.25, 500.0], [3022.75, 2172.0], [3023.0, 7275.0], [3025.0, 11977.0], [3025.25, 40125.0], [3027.75, 37542.0], [3029.5, 40000.0], [3029.75, 400.0], [3030.5, 37016.0]]}}}
{"jsonrpc": "2.0", "method": "subscription", "params": {"channel": "book.ETH-2JAN26.none.20.100ms", "data": {"timestamp": 1766455219192, "change_id": 102481608432, "instrument_name": "ETH-2JAN26", "bids": [[3019.25, 6231.0], [3018.75, 1688.0], [3018.5, 1577.0], [3018.25, 1673.0], [3018.0, 1250.0], [3016.5, 2638.0], [3016.25, 7161.0], [3015.75, 1921.0], [3015.5, 6435.0], [3015.25, 500.0], [3013.5, 1850.0], [3013.25, 6196.0], [3012.75, 1145.0], [3012.5, 6839.0], [3012.25, 22912.0], [3012.0, 18485.0], [3010.0, 40000.0], [3009.75, 400.0], [3009.5, 38446.0], [3007.0, 38031.0]], "asks": [[3019.5, 1250.0], [3019.75, 4795.0], [3020.0, 17101.0], [3020.25, 1300.0], [3020.5, 388.0], [3020.75, 1705.0], [3021.0, 1688.0], [3021.25, 1572.0], [3021.5, 3118.0], [3021.75, 7556.0], [3022.0, 100.0], [3022.25, 500.0], [3022.75, 2172.0], [3023.0, 7275.0], [3025.0, 11977.0], [3025.25, 40125.0], [3027.75, 37542.0], [3029.5, 40000.0], [3029.75, 400.0], [3030.5, 37016.0]]}}}
{"jsonrpc": "2.0", "method": "subscription", "params": {"channel": "book.ETH-2JAN26.none.20.100ms", "data": {"timestamp": 1766455219910, "change_id": 102481609034, "instrument_name": "ETH-2JAN26", "bids": [[3019.25, 6231.0], [3018.75, 1688.0], [3018.5, 1577.0], [3018.25, 1673.0], [3018.0, 1250.0], [3016.5, 2638.0], [3016.25, 7161.0], [3015.75, 1921.0], [3015.5, 6435.0], [3015.25, 500.0], [3013.5, 1850.0], [3013.25, 6196.0], [3012.75, 1145.0], [3012.5, 6839.0], [3012.25, 22912.0], [3012.0, 18485.0], [3010.0, 40000.0], [3009.75, 400.0], [3009.5, 38446.0], [3007.0, 38031.0]], "asks": [[3019.5, 2550.0], [3019.75, 5395.0], [3020.0, 17101.0], [3020.25, 1300.0], [3020.5, 388.0], [3020.75, 1705.0], [3021.0, 1688.0], [3021.25, 1572.0], [3021.5, 3118.0], [3021.75, 7556.0], [3022.0, 100.0], [3022.25, 500.0], [3022.75, 2172.0], [3023.0, 7275.0], [3025.0, 11977.0], [3025.25, 40125.0], [3027.75, 37542.0], [3029.5, 40000.0], [3029.75, 400.0], [3030.5, 37016.0]]}}}
{"jsonrpc": "2.0", "method": "subscription", "params": {"channel": "book.ETH-2JAN26.none.20.100ms", "data": {"timestamp": 1766455220383, "change_id": 102481609621, "instrument_name": "ETH-2JAN26", "bids": [[3019.25, 6231.0], [3018.75, 1688.0], [3018.5, 1577.0], [3018.25, 1673.0], [3018.0, 1250.0], [3016.5, 2638.0], [3016.25, 7161.0], [3015.75, 1921.0], [3015.5, 6435.0], [3015.25, 500.0], [3013.5, 1850.0], [3013.25, 6196.0], [3012.75, 1145.0], [3012.5, 6839.0], [3012.25, 22912.0], [3012.0, 18485.0], [3010.0, 40000.0], [3009.75, 400.0], [3009.5, 38446.0], [3007.0, 38031.0]], "asks": [[3019.5, 2550.0], [3019.75, 3535.0], [3020.0, 12680.0], [3020.25, 7531.0], [3020.5, 388.0], [3020.75, 1705.0], [3021.0, 1688.0], [3021.25, 1572.0], [3021.5, 3118.0], [3021.75, 7556.0], [3022.0, 100.0], [3022.25, 500.0], [3022.75, 2172.0], [3023.0, 7275.0], [3025.0, 11977.0], [3025.25, 40125.0], [3027.75, 37542.0], [3029.5, 40000.0], [3029.75, 400.0], [3030.5, 37016.0]]}}}
{"jsonrpc": "2.0", "method": "subscription", "params": {"channel": "book.ETH-2JAN26.none.20.100ms", "data": {"timestamp": 1766455223769, "change_id": 102481612600, "instrument_name": "ETH-2JAN26", "bids": [[3019.25, 6231.0], [3018.75, 1688.0], [3018.5, 1577.0], [3018.25, 1673.0], [3018.0, 1250.0], [3016.5, 2638.0], [3016.25, 9082.0], [3016.0, 6435.0], [3015.25, 500.0], [3013.0, 6538.0], [3012.75, 1145.0], [3012.5, 6839.0], [3012.25, 22912.0], [3012.0, 18485.0], [3010.0, 40000.0], [3009.75, 400.0], [3009.5, 38446.0], [3007.0, 38031.0], [3006.25, 37365.0], [3004.75, 40000.0]], "asks": [[3019.5, 2550.0], [3019.75, 3535.0], [3020.0, 12680.0], [3020.25, 7531.0], [3020.5, 388.0], [3020.75, 1705.0], [3021.0, 1688.0], [3021.25, 1572.0], [3021.5, 3118.0], [3021.75, 7556.0], [3022.0, 100.0], [3022.25, 500.0], [3022.75, 2172.0], [3023.0, 7275.0], [3025.0, 11977.0], [3025.25, 40125.0], [3027.75, 37542.0], [3029.5, 40000.0], [3029.75, 400.0], [3030.5, 37016.0]]}}}
{"jsonrpc": "2.0", "method": "subscription", "params": {"channel": "book.ETH-2JAN26.none.20.100ms", "data": {"timestamp": 1766455224666, "change_id": 102481613532, "instrument_name": "ETH-2JAN26", "bids": [[3019.25, 6231.0], [3019.0, 371.0], [3018.75, 1688.0], [3018.5, 2026.0], [3018.25, 2550.0], [3016.5, 2638.0], [3016.25, 9082.0], [3016.0, 6435.0], [3015.25, 500.0], [3013.0, 6538.0], [3012.75, 1145.0], [3012.5, 6839.0], [3012.25, 22912.0], [3012.0, 18485.0], [3010.0, 40000.0], [3009.75, 400.0], [3009.5, 38446.0], [3007.0, 38031.0], [3006.25, 37365.0], [3004.75, 40000.0]], "asks": [[3019.5, 2550.0], [3019.75, 3535.0], [3020.0, 12680.0], [3020.25, 7531.0], [3020.5, 388.0], [3020.75, 1705.0], [3021.0, 1688.0], [3021.25, 1572.0], [3021.5, 3118.0], [3021.75, 7556.0], [3022.0, 100.0], [3022.25, 500.0], [3022.75, 2172.0], [3023.0, 7275.0], [3025.0, 11977.0], [3025.25, 40125.0], [3027.75, 37542.0], [3029.5, 40000.0], [3029.75, 400.0], [3030.5, 37016.0]]}}}
{"jsonrpc": "2.0", "method": "subscription", "params": {"channel": "book.ETH-2JAN26.none.20.100ms", "data": {"timestamp": 1766455225118, "change_id": 102481614310, "instrument_name": "ETH-2JAN26", "bids": [[3019.75, 6231.0], [3019.5, 1300.0], [3019.25, 1300.0], [3019.0, 371.0], [3018.75, 2012.0], [3018.5, 2827.0], [3016.5, 4285.0], [3016.25, 13596.0], [3015.25, 500.0], [3013.5, 10778.0], [3013.0, 342.0], [3012.75, 1145.0], [3012.5, 6839.0], [3012.25, 18330.0], [3012.0, 18485.0], [3010.0, 40000.0], [3009.75, 400.0], [3009.5, 38446.0], [3007.0, 38031.0], [3006.25, 37365.0]], "asks": [[3020.0, 12120.0], [3020.25, 1300.0], [3020.5, 388.0], [3020.75, 1705.0], [3021.0, 1688.0], [3021.25, 1572.0], [3021.5, 3118.0], [3021.75, 7556.0], [3022.0, 100.0], [3022.25, 500.0], [3024.75, 7283.0], [3025.0, 11977.0], [3025.25, 40125.0], [3027.75, 37542.0], [3029.5, 40000.0], [3029.75, 400.0], [3030.5, 37016.0], [3031.5, 38583.0], [3035.75, 40000.0], [3036.75, 1145.0]]}}}
{"jsonrpc": "2.0", "method": "subscription", "params": {"channel": "book.ETH-2JAN26.none.20.100ms", "data": {"timestamp": 1766455225394, "change_id": 102481614690, "instrument_name": "ETH-2JAN26", "bids": [[3019.75, 6231.0], [3019.5, 1647.0], [3019.25, 1300.0], [3019.0, 371.0], [3018.75, 2012.0], [3018.5, 2827.0], [3016.5, 4285.0], [3016.25, 13596.0], [3015.25, 500.0], [3013.5, 10778.0], [3013.0, 342.0], [3012.75, 1145.0], [3012.5, 6839.0], [3012.25, 18330.0], [3012.0, 18485.0], [3010.0, 40000.0], [3009.75, 400.0], [3009.5, 38446.0], [3007.0, 38031.0], [3006.25, 37365.0]], "asks": [[3020.0, 1314.0], [3020.25, 1300.0], [3020.5, 2198.0], [3020.75, 7936.0], [3021.0, 1688.0], [3021.25, 1572.0], [3021.5, 3118.0], [3021.75, 7556.0], [3022.0, 100.0], [3022.25, 2600.0], [3022.5, 7034.0], [3025.0, 11977.0], [3025.25, 40125.0], [3027.75, 37542.0], [3029.5, 40000.0], [3029.75, 400.0], [3030.5, 37016.0], [3031.5, 38583.0], [3035.75, 40000.0], [3036.75, 1145.0]]}}}
{"jsonrpc": "2.0", "method": "subscription", "params": {"channel": "book.ETH-2JAN26.none.20.100ms", "data": {"timestamp": 1766455225545, "change_id": 102481614809, "instrument_name": "ETH-2JAN26", "bids": [[3019.75, 6231.0], [3019.5, 1647.0], [3019.25, 1300.0], [3019.0, 371.0], [3018.75, 2012.0], [3018.5, 2827.0], [3016.5, 4285.0], [3016.25, 13596.0], [3015.25, 500.0], [3013.5, 10778.0], [3013.0, 342.0], [3012.75, 1145.0], [3012.5, 6839.0], [3012.25, 18330.0], [3012.0, 18485.0], [3010.0, 40000.0], [3009.75, 400.0], [3009.5, 38446.0], [3007.0, 38031.0], [3006.25, 37365.0]], "asks": [[3020.0, 1314.0], [3020.25, 11719.0], [3020.5, 2198.0], [3020.75, 7936.0], [3021.0, 1688.0], [3021.25, 1572.0], [3021.5, 3118.0], [3021.75, 7556.0], [3022.0, 100.0], [3022.25, 2600.0], [3022.5, 7034.0], [3025.0, 11977.0], [3025.25, 40125.0], [3027.75, 37542.0], [3029.5, 40000.0], [3029.75, 400.0], [3030.5, 37016.0], [3031.5, 38583.0], [3035.75, 40000.0], [3036.75, 1145.0]]}}}
{"jsonrpc": "2.0", "method": "subscription", "params": {"channel": "book.ETH-2JAN26.none.20.100ms", "data": {"timestamp": 1766455225873, "change_id": 102481615047, "instrument_name": "ETH-2JAN26", "bids": [[3019.75, 6231.0], [3019.5, 1647.0], [3019.25, 1688.0], [3019.0, 1671.0], [3018.75, 1688.0], [3018.5, 1250.0], [3016.5, 4285.0], [3016.25, 13596.0], [3015.25, 500.0], [3013.75, 3217.0], [3013.5, 10778.0], [3013.0, 342.0], [3012.75, 1145.0], [3012.5, 6839.0], [3012.25, 18330.0], [3012.0, 18485.0], [3010.0, 40000.0], [3009.75, 400.0], [3009.5, 38446.0], [3007.0, 38031.0]], "asks": [[3020.0, 2614.0], [3020.25, 11719.0], [3020.5, 2798.0], [3020.75, 7936.0], [3021.0, 1688.0], [3021.25, 1572.0], [3021.5, 3118.0], [3021.75, 7556.0], [3022.0, 100.0], [3022.25, 2600.0], [3022.5, 7034.0], [3025.0, 11977.0], [3025.25, 40125.0], [3027.75, 37542.0], [3029.5, 40000.0], [3029.75, 400.0], [3030.5, 37016.0], [3031.5, 38583.0], [3035.75, 40000.0], [3036.75, 1145.0]]}}}
{"jsonrpc": "2.0", "method": "subscription", "params": {"channel": "book.ETH-2JAN26.none.20.100ms", "data": {"timestamp": 1766455226290, "change_id": 102481615615, "instrument_name": "ETH-2JAN26", "bids": [[3019.75, 6231.0], [3019.5, 1647.0], [3019.25, 1688.0], [3019.0, 1671.0], [3018.75, 1688.0], [3018.5, 1250.0], [3016.5, 4285.0], [3016.25, 13596.0], [3015.25, 500.0], [3013.75, 3217.0], [3013.5, 10778.0], [3013.0, 342.0], [3012.75, 1145.0], [3012.5, 6839.0], [3012.25, 18330.0], [3012.0, 18485.0], [3010.0, 40000.0], [3009.75, 400.0], [3009.5, 38446.0], [3007.0, 38031.0]], "asks": [[3020.0, 2614.0], [3020.25, 13758.0], [3020.5, 7219.0], [3020.75, 1705.0], [3021.0, 1688.0], [3021.25, 1572.0], [3021.5, 3118.0], [3021.75, 7556.0], [3022.0, 100.0], [3022.25, 2600.0], [3022.5, 7034.0], [3025.0, 11977.0], [3025.25, 40125.0], [3027.75, 37542.0], [3029.5, 40000.0], [3029.75, 400.0], [3030.5, 37016.0], [3031.5, 38583.0], [3035.75, 40000.0], [3036.75, 1145.0]]}}}
{"jsonrpc": "2.0", "method": "subscription", "params": {"channel": "book.ETH-2JAN26.none.20.100ms", "data": {"timestamp": 1766455226611, "change_id": 102481615976, "instrument_name": "ETH-2JAN26", "bids": [[3019.75, 6231.0], [3019.5, 1647.0], [3019.25, 1688.0], [3019.0, 1671.0], [3018.75, 1688.0], [3018.5, 1250.0], [3016.5, 4285.0], [3016.25, 13596.0], [3015.25, 500.0], [3013.75, 3217.0], [3013.5, 10778.0], [3013.0, 342.0], [3012.75, 1145.0], [3012.5, 6839.0], [3012.25, 18330.0], [3012.0, 18485.0], [3010.0, 40000.0], [3009.75, 400.0], [3009.5, 38446.0], [3007.0, 38031.0]], "asks": [[3020.0, 2614.0], [3020.25, 11719.0], [3020.5, 2798.0], [3020.75, 7936.0], [3021.0, 1688.0], [3021.25, 1572.0], [3021.5, 3118.0], [3021.75, 7556.0], [3022.0, 100.0], [3022.25, 2600.0], [3022.5, 7034.0], [3025.0, 11977.0], [3025.25, 40125.0], [3027.75, 37542.0], [3029.5, 40000.0], [3029.75, 400.0], [3030.5, 37016.0], [3031.5, 38583.0], [3035.75, 40000.0], [3036.75, 1145.0]]}}}
{"jsonrpc": "2.0", "method": "subscription", "params": {"channel": "book.ETH-2JAN26.none.20.100ms", "data": {"timestamp": 1766455227075, "change_id": 102481616288, "instrument_name": "ETH-2JAN26", "bids": [[3019.5, 6231.0], [3019.25, 1300.0], [3019.0, 1671.0], [3018.75, 1688.0], [3018.5, 1250.0], [3016.5, 4285.0], [3016.25, 13596.0], [3015.25, 500.0], [3013.75, 3217.0], [3013.5, 10778.0], [3013.0, 342.0], [3012.75, 1145.0], [3012.5, 6839.0], [3012.25, 18330.0], [3012.0, 18485.0], [3010.0, 40000.0], [3009.75, 400.0], [3009.5, 38446.0], [3007.0, 38031.0], [3006.25, 37365.0]], "asks": [[3019.75, 1250.0], [3020.0, 4862.0], [3020.25, 13758.0], [3020.5, 7219.0], [3020.75, 1705.0], [3021.0, 1688.0], [3021.25, 1572.0], [3021.5, 3118.0], [3021.75, 7556.0], [3022.0, 100.0], [3022.25, 2600.0], [3022.5, 7034.0], [3025.0, 11977.0], [3025.25, 40125.0], [3027.75, 37542.0], [3029.5, 40000.0], [3029.75, 400.0], [3030.5, 37016.0], [3031.5, 38583.0], [3035.75, 40000.0]]}}}
{"jsonrpc": "2.0", "method": "subscription", "params": {"channel": "book.ETH-2JAN26.none.20.100ms", "data": {"timestamp": 1766455227290, "change_id": 102481616949, "instrument_name": "ETH-2JAN26", "bids": [[3019.25, 7531.0], [3019.0, 1671.0], [3018.75, 1300.0], [3018.25, 373.0], [3018.0, 1250.0], [3016.5, 4285.0], [3016.25, 13596.0], [3015.25, 500.0], [3013.75, 3217.0], [3013.5, 10778.0], [3013.0, 342.0], [3012.75, 1145.0], [3012.5, 6839.0], [3012.25, 18330.0], [3012.0, 18485.0], [3010.0, 40000.0], [3009.75, 400.0], [3009.5, 38446.0], [3007.0, 38031.0], [3006.25, 37365.0]], "asks": [[3019.5, 1250.0], [3020.0, 3431.0], [3020.25, 7531.0], [3020.5, 988.0], [3020.75, 1705.0], [3021.0, 1688.0], [3021.25, 1572.0], [3021.5, 3118.0], [3021.75, 7556.0], [3022.0, 100.0], [3022.25, 2600.0], [3022.5, 7034.0], [3025.0, 11977.0], [3025.25, 40125.0], [3027.75, 37542.0], [3029.5, 40000.0], [3029.75, 400.0], [3030.5, 37016.0], [3031.5, 38583.0], [3035.75, 40000.0]]}}}
{"jsonrpc": "2.0", "method": "subscription", "params": {"channel": "book.ETH-2JAN26.none.20.100ms", "data": {"timestamp": 1766455227653, "change_id": 102481617284, "instrument_name": "ETH-2JAN26", "bids": [[3019.25, 7531.0], [3019.0, 1671.0], [3018.75, 1300.0], [3018.25, 373.0], [3018.0, 1250.0], [3016.5, 4285.0], [3016.25, 13596.0], [3015.25, 500.0], [3013.75, 3217.0], [3013.5, 10778.0], [3013.0, 342.0], [3012.75, 1145.0], [3012.5, 6839.0], [3012.25, 18330.0], [3012.0, 18485.0], [3010.0, 40000.0], [3009.75, 400.0], [3009.5, 38446.0], [3007.0, 38031.0], [3006.25, 37365.0]], "asks": [[3019.5, 1250.0], [3020.0, 13849.0], [3020.25, 7531.0], [3020.5, 988.0], [3020.75, 1705.0], [3021.0, 1688.0], [3021.25, 1572.0], [3021.5, 3118.0], [3021.75, 7556.0], [3022.0, 100.0], [3022.25, 2600.0], [3022.5, 7034.0], [3025.0, 11977.0], [3025.25, 40125.0], [3027.75, 37542.0], [3029.5, 40000.0], [3029.75, 400.0], [3030.5, 37016.0], [3031.5, 38583.0], [3035.75, 40000.0]]}}}
{"jsonrpc": "2.0", "method": "subscription", "params": {"channel": "book.ETH-2JAN26.none.20.100ms", "data": {"timestamp": 1766455227981, "change_id": 102481617379, "instrument_name": "ETH-2JAN26", "bids": [[3019.25, 7531.0], [3018.5, 388.0], [3018.25, 1673.0], [3018.0, 1250.0], [3016.5, 4285.0], [3016.25, 13596.0], [3015.25, 500.0], [3013.75, 3217.0], [3013.5, 10778.0], [3013.0, 342.0], [3012.75, 1145.0], [3012.5, 6839.0], [3012.25, 18330.0], [3012.0, 18485.0], [3010.0, 40000.0], [3009.75, 400.0], [3009.5, 38446.0], [3007.0, 38031.0], [3006.25, 37365.0], [3004.75, 40000.0]], "asks": [[3019.5, 1250.0], [3020.0, 13946.0], [3020.25, 7531.0], [3020.5, 988.0], [3020.75, 1705.0], [3021.0, 1688.0], [3021.25, 1572.0], [3021.5, 3118.0], [3021.75, 7556.0], [3022.0, 100.0], [3022.25, 2600.0], [3022.5, 7034.0], [3025.0, 11977.0], [3025.25, 40125.0], [3027.75, 37542.0], [3029.5, 40000.0], [3029.75, 400.0], [3030.5, 37016.0], [3031.5, 38583.0], [3035.75, 40000.0]]}}}
{"jsonrpc": "2.0", "method": "subscription", "params": {"channel": "book.ETH-2JAN26.none.20.100ms", "data": {"timestamp": 1766455228811, "change_id": 102481618262, "instrument_name": "ETH-2JAN26", "bids": [[3019.25, 6231.0], [3018.75, 388.0], [3018.5, 1688.0], [3018.25, 1673.0], [3018.0, 1250.0], [3016.5, 4285.0], [3016.25, 13596.0], [3015.25, 500.0], [3013.75, 3217.0], [3013.5, 10778.0], [3013.0, 342.0], [3012.75, 1145.0], [3012.5, 6839.0], [3012.25, 18330.0], [3012.0, 18485.0], [3010.0, 40000.0], [3009.75, 400.0], [3009.5, 38446.0], [3007.0, 38031.0], [3006.25, 37365.0]], "asks": [[3019.5, 1250.0], [3019.75, 3517.0], [3020.0, 13946.0], [3020.25, 7531.0], [3020.5, 988.0], [3020.75, 1705.0], [3021.0, 1688.0], [3021.25, 1572.0], [3021.5, 3118.0], [3021.75, 7556.0], [3022.0, 100.0], [3022.25, 2600.0], [3022.5, 7034.0], [3025.0, 11977.0], [3025.25, 40125.0], [3027.75, 37542.0], [3029.5, 40000.0], [3029.75, 400.0], [3030.5, 37016.0], [3031.5, 38583.0]]}}}
{"jsonrpc": "2.0", "method": "subscription", "params": {"channel": "book.ETH-2JAN26.none.20.100ms", "data": {"timestamp": 1766455229244, "change_id": 102481618873, "instrument_name": "ETH-2JAN26", "bids": [[3019.25, 6231.0], [3019.0, 388.0], [3018.75, 1688.0], [3018.5, 1688.0], [3018.25, 1673.0], [3018.0, 1250.0], [3016.5, 4285.0], [3016.25, 13596.0], [3015.25, 500.0], [3013.75, 3217.0], [3013.5, 10778.0], [3013.0, 342.0], [3012.75, 1145.0], [3012.5, 6839.0], [3012.25, 18330.0], [3012.0, 18485.0], [3010.0, 40000.0], [3009.75, 400.0], [3009.5, 38446.0], [3007.0, 38031.0]], "asks": [[3019.5, 1250.0], [3019.75, 3517.0], [3020.0, 13946.0], [3020.25, 7531.0], [3020.5, 988.0], [3020.75, 1705.0], [3021.0, 1688.0], [3021.25, 1572.0], [3021.5, 3118.0], [3021.75, 7556.0], [3022.0, 100.0], [3022.25, 2600.0], [3022.5, 7034.0], [3025.0, 11977.0], [3025.25, 40125.0], [3027.75, 37542.0], [3029.5, 40000.0], [3029.75, 400.0], [3030.5, 37016.0], [3031.5, 38583.0]]}}}
{"jsonrpc": "2.0", "method": "subscription", "params": {"channel": "book.ETH-2JAN26.none.20.100ms", "data": {"timestamp": 1766455229772, "change_id": 102481619273, "instrument_name": "ETH-2JAN26", "bids": [[3019.25, 6231.0], [3019.0, 388.0], [3018.75, 1688.0], [3018.5, 1688.0], [3018.25, 1673.0], [3018.0, 1250.0], [3016.5, 2638.0], [3016.25, 7161.0], [3015.75, 1921.0], [3015.5, 6435.0], [3015.25, 500.0], [3013.75, 1368.0], [3013.5, 4582.0], [3013.25, 6196.0], [3013.0, 342.0], [3012.75, 1145.0], [3012.5, 6839.0], [3012.25, 18330.0], [3012.0, 18485.0], [3010.0, 40000.0]], "asks": [[3019.75, 3517.0], [3020.0, 13882.0], [3020.25, 7531.0], [3020.5, 988.0], [3020.75, 1705.0], [3021.0, 1688.0], [3021.25, 1572.0], [3021.5, 3118.0], [3021.75, 7556.0], [3022.0, 100.0], [3022.25, 2600.0], [3022.5, 7034.0], [3025.0, 11977.0], [3025.25, 40125.0], [3027.75, 37542.0], [3029.5, 40000.0], [3029.75, 400.0], [3030.5, 37016.0], [3031.5, 38583.0], [3035.75, 40000.0]]}}}
{"jsonrpc": "2.0", "method": "subscription", "params": {"channel": "book.ETH-2JAN26.none.20.100ms", "data": {"timestamp": 1766455230022, "change_id": 102481619594, "instrument_name": "ETH-2JAN26", "bids": [[3019.5, 7531.0], [3019.0, 388.0], [3018.75, 1688.0], [3018.5, 2012.0], [3018.25, 2923.0], [3016.5, 2638.0], [3016.25, 7161.0], [3016.0, 6435.0], [3015.25, 500.0], [3013.75, 1368.0], [3013.5, 10778.0], [3013.0, 342.0], [3012.75, 1145.0], [3012.5, 6839.0], [3012.25, 18330.0], [3012.0, 18485.0], [3010.0, 40000.0], [3009.75, 400.0], [3009.5, 38446.0], [3007.0, 38031.0]], "asks": [[3019.75, 1250.0], [3020.0, 12125.0], [3020.25, 3403.0], [3020.5, 7219.0], [3020.75, 1705.0], [3021.0, 1688.0], [3021.25, 1572.0], [3021.5, 3118.0], [3021.75, 7556.0], [3022.0, 100.0], [3022.25, 2600.0], [3022.5, 7034.0], [3025.0, 11977.0], [3025.25, 40125.0], [3027.75, 37542.0], [3029.5, 40000.0], [3029.75, 400.0], [3030.5, 37016.0], [3031.5, 38583.0], [3035.75, 40000.0]]}}}
{"jsonrpc": "2.0", "method": "subscription", "params": {"channel": "book.ETH-2JAN26.none.20.100ms", "data": {"timestamp": 1766455230789, "change_id": 102481620471, "instrument_name": "ETH-2JAN26", "bids": [[3019.5, 6231.0], [3019.25, 388.0], [3019.0, 1688.0], [3018.75, 1688.0], [3018.5, 1688.0], [3018.25, 1250.0], [3016.5, 2638.0], [3016.25, 9082.0], [3016.0, 6435.0], [3015.25, 500.0], [3013.75, 3042.0], [3013.5, 10778.0], [3013.0, 342.0], [3012.75, 1145.0], [3012.5, 6839.0], [3012.25, 18330.0], [3012.0, 18485.0], [3010.0, 40000.0], [3009.75, 400.0], [3009.5, 38446.0]], "asks": [[3019.75, 1250.0], [3020.0, 12125.0], [3020.25, 3403.0], [3020.5, 7219.0], [3020.75, 1705.0], [3021.0, 1688.0], [3021.25, 1572.0], [3021.5, 3118.0], [3021.75, 7556.0], [3022.0, 100.0], [3022.25, 2600.0], [3022.5, 7034.0], [3025.0, 11977.0], [3025.25, 40125.0], [3027.75, 37542.0], [3029.5, 40000.0], [3029.75, 400.0], [3030.5, 37016.0], [3031.5, 38583.0], [3035.75, 40000.0]]}}}
{"jsonrpc": "2.0", "method": "subscription", "params": {"channel": "book.ETH-2JAN26.none.20.100ms", "data": {"timestamp": 1766455231400, "change_id": 102481621073, "instrument_name": "ETH-2JAN26", "bids": [[3019.5, 6231.0], [3019.25, 388.0], [3019.0, 1688.0], [3018.75, 1688.0], [3018.5, 2938.0], [3016.5, 2638.0], [3016.25, 9082.0], [3016.0, 6435.0], [3015.25, 500.0], [3013.75, 3042.0], [3013.5, 10778.0], [3013.0, 342.0], [3012.75, 1145.0], [3012.5, 6839.0], [3012.25, 18330.0], [3012.0, 18485.0], [3010.0, 40000.0], [3009.75, 400.0], [3009.5, 38446.0], [3007.0, 38031.0]], "asks": [[3019.75, 1250.0], [3020.0, 12125.0], [3020.25, 3403.0], [3020.5, 7219.0], [3020.75, 1705.0], [3021.0, 1688.0], [3021.25, 1572.0], [3021.5, 3118.0], [3021.75, 7556.0], [3022.0, 100.0], [3022.25, 2600.0], [3022.5, 7034.0], [3025.0, 11977.0], [3025.25, 40125.0], [3027.75, 37542.0], [3029.5, 40000.0], [3029.75, 400.0], [3030.5, 37016.0], [3031.5, 38583.0], [3035.75, 40000.0]]}}}
{"jsonrpc": "2.0", "method": "subscription", "params": {"channel": "book.ETH-2JAN26.none.20.100ms", "data": {"timestamp": 1766455231911, "change_id": 102481621410, "instrument_name": "ETH-2JAN26", "bids": [[3019.5, 7531.0], [3019.25, 1688.0], [3019.0, 1688.0], [3018.75, 1688.0], [3018.5, 1250.0], [3016.5, 2638.0], [3016.25, 9082.0], [3016.0, 6435.0], [3015.25, 500.0], [3013.75, 3042.0], [3013.5, 10778.0], [3013.0, 342.0], [3012.75, 1145.0], [3012.5, 6839.0], [3012.25, 18330.0], [3012.0, 18485.0], [3010.0, 40000.0], [3009.75, 400.0], [3009.5, 38446.0], [3007.0, 38031.0]], "asks": [[3019.75, 1250.0], [3020.0, 1707.0], [3020.25, 3403.0], [3020.5, 7219.0], [3020.75, 1705.0], [3021.0, 1688.0], [3021.25, 1572.0], [3021.5, 3118.0], [3021.75, 7556.0], [3022.0, 100.0], [3022.25, 2600.0], [3022.5, 7034.0], [3025.0, 11977.0], [3025.25, 40125.0], [3027.75, 37542.0], [3029.5, 40000.0], [3029.75, 400.0], [3030.5, 37016.0], [3031.5, 38583.0], [3035.75, 40000.0]]}}}
{"jsonrpc": "2.0", "method": "subscription", "params": {"channel": "book.ETH-2JAN26.none.20.100ms", "data": {"timestamp": 1766455232278, "change_id": 102481621975, "instrument_name": "ETH-2JAN26", "bids": [[3019.5, 7531.0], [3019.25, 1688.0], [3019.0, 1688.0], [3018.75, 1688.0], [3018.5, 1250.0], [3016.5, 2638.0], [3016.25, 9082.0], [3016.0, 6435.0], [3015.25, 500.0], [3013.75, 3042.0], [3013.5, 10778.0], [3013.0, 342.0], [3012.75, 1145.0], [3012.5, 6839.0], [3012.25, 18330.0], [3012.0, 18485.0], [3010.0, 40000.0], [3009.75, 400.0], [3009.5, 38446.0], [3007.0, 38031.0]], "asks": [[3019.75, 1250.0], [3020.0, 4765.0], [3020.25, 13822.0], [3020.5, 7219.0], [3020.75, 1705.0], [3021.0, 1688.0], [3021.25, 1572.0], [3021.5, 3118.0], [3021.75, 7556.0], [3022.0, 100.0], [3022.25, 2600.0], [3022.5, 7034.0], [3025.0, 11977.0], [3025.25, 40125.0], [3027.75, 37542.0], [3029.5, 40000.0], [3029.75, 400.0], [3030.5, 37016.0], [3031.5, 38583.0], [3035.75, 40000.0]]}}}
{"jsonrpc": "2.0", "method": "subscription", "params": {"channel": "book.ETH-2JAN26.none.20.100ms", "data": {"timestamp": 1766455235049, "change_id": 102481624163, "instrument_name": "ETH-2JAN26", "bids": [[3019.5, 6231.0], [3019.25, 1688.0], [3019.0, 1688.0], [3018.75, 1688.0], [3018.5, 1250.0], [3016.5, 2638.0], [3016.25, 9082.0], [3016.0, 6435.0], [3015.25, 500.0], [3013.75, 3042.0], [3013.5, 10778.0], [3013.0, 342.0], [3012.75, 1145.0], [3012.5, 6839.0], [3012.25, 18330.0], [3012.0, 18485.0], [3010.0, 40000.0], [3009.75, 400.0], [3009.5, 38446.0], [3007.0, 38031.0]], "asks": [[3019.75, 1250.0], [3020.0, 4765.0], [3020.25, 13822.0], [3020.5, 7219.0], [3020.75, 1705.0], [3021.0, 1688.0], [3021.25, 1572.0], [3021.5, 3118.0], [3021.75, 7556.0], [3022.0, 100.0], [3022.25, 2600.0], [3022.5, 7034.0], [3025.0, 11977.0], [3025.25, 40125.0], [3027.75, 37542.0], [3029.5, 40000.0], [3029.75, 400.0], [3030.5, 37016.0], [3031.5, 38583.0], [3035.75, 40000.0]]}}}
{"jsonrpc": "2.0", "method": "subscription", "params": {"channel": "book.ETH-2JAN26.none.20.100ms", "data": {"timestamp": 1766455235105, "change_id": 102481624331, "instrument_name": "ETH-2JAN26", "bids": [[3019.5, 6231.0], [3019.25, 1688.0], [3019.0, 1688.0], [3018.75, 1688.0], [3018.5, 1250.0], [3016.5, 2638.0], [3016.25, 9082.0], [3016.0, 6435.0], [3015.25, 500.0], [3013.75, 3042.0], [3013.5, 10778.0], [3013.0, 342.0], [3012.75, 1145.0], [3012.5, 6839.0], [3012.25, 18330.0], [3012.0, 18485.0], [3010.0, 40000.0], [3009.75, 400.0], [3009.5, 38446.0], [3007.0, 38031.0]], "asks": [[3019.75, 1250.0], [3020.0, 1707.0], [3020.25, 3403.0], [3020.5, 7219.0], [3020.75, 1705.0], [3021.0, 1688.0], [3021.25, 1572.0], [3021.5, 3118.0], [3021.75, 7556.0], [3022.0, 100.0], [3022.25, 2600.0], [3022.5, 7034.0], [3025.0, 11977.0], [3025.25, 40125.0], [3027.75, 37542.0], [3029.5, 40000.0], [3029.75, 400.0], [3030.5, 37016.0], [3031.5, 38583.0], [3035.75, 40000.0]]}}}
{"jsonrpc": "2.0", "method": "subscription", "params": {"channel": "book.ETH-2JAN26.none.20.100ms", "data": {"timestamp": 1766455235470, "change_id": 102481624842, "instrument_name": "ETH-2JAN26", "bids": [[3019.5, 6231.0], [3019.25, 1688.0], [3019.0, 1688.0], [3018.75, 1688.0], [3018.5, 1250.0], [3016.5, 2638.0], [3016.25, 9082.0], [3016.0, 6435.0], [3015.25, 500.0], [3013.75, 3042.0], [3013.5, 10778.0], [3013.0, 342.0], [3012.75, 1145.0], [3012.5, 6839.0], [3012.25, 18330.0], [3012.0, 18485.0], [3010.0, 40000.0], [3009.75, 400.0], [3009.5, 38446.0], [3007.0, 38031.0]], "asks": [[3019.75, 1250.0], [3020.0, 12125.0], [3020.25, 3403.0], [3020.5, 7219.0], [3020.75, 1705.0], [3021.0, 1688.0], [3021.25, 1572.0], [3021.5, 3118.0], [3021.75, 7556.0], [3022.0, 100.0], [3022.25, 2600.0], [3022.5, 7034.0], [3025.0, 11977.0], [3025.25, 40125.0], [3027.75, 37542.0], [3029.5, 40000.0], [3029.75, 400.0], [3030.5, 37016.0], [3031.5, 38583.0], [3035.75, 40000.0]]}}}
{"jsonrpc": "2.0", "method": "subscription", "params": {"channel": "book.ETH-2JAN26.none.20.100ms", "data": {"timestamp": 1766455235805, "change_id": 102481625049, "instrument_name": "ETH-2JAN26", "bids": [[3019.5, 7531.0], [3019.25, 1688.0], [3019.0, 1688.0], [3018.75, 1688.0], [3018.5, 1250.0], [3016.5, 4285.0], [3016.25, 13596.0], [3015.25, 500.0], [3013.75, 1368.0], [3013.5, 6432.0], [3013.25, 6196.0], [3013.0, 342.0], [3012.75, 1145.0], [3012.5, 6839.0], [3012.25, 18330.0], [3012.0, 18485.0], [3010.0, 40000.0], [3009.75, 400.0], [3009.5, 38446.0], [3007.0, 38031.0]], "asks": [[3019.75, 1250.0], [3020.0, 12125.0], [3020.25, 3403.0], [3020.5, 7219.0], [3020.75, 1705.0], [3021.0, 1688.0], [3021.25, 1572.0], [3021.5, 3118.0], [3021.75, 7556.0], [3022.0, 100.0], [3022.25, 2600.0], [3022.5, 7034.0], [3025.0, 11977.0], [3025.25, 40125.0], [3027.75, 37542.0], [3029.5, 40000.0], [3029.75, 400.0], [3030.5, 37016.0], [3031.5, 38583.0], [3035.75, 40000.0]]}}}
{"jsonrpc": "2.0", "method": "subscription", "params": {"channel": "book.ETH-2JAN26.none.20.100ms", "data": {"timestamp": 1766455236340, "change_id": 102481625695, "instrument_name": "ETH-2JAN26", "bids": [[3019.25, 1300.0], [3019.0, 1688.0], [3018.75, 1300.0], [3018.25, 373.0], [3018.0, 1250.0], [3016.5, 4285.0], [3016.25, 13596.0], [3015.25, 500.0], [3013.75, 1368.0], [3013.5, 6432.0], [3013.25, 6196.0], [3013.0, 342.0], [3012.75, 1145.0], [3012.5, 6839.0], [3012.25, 18330.0], [3012.0, 18485.0], [3010.0, 40000.0], [3009.75, 400.0], [3009.5, 38446.0], [3007.0, 38031.0]], "asks": [[3019.75, 4748.0], [3020.0, 13933.0], [3020.25, 7595.0], [3020.5, 988.0], [3020.75, 1705.0], [3021.0, 1688.0], [3021.25, 1572.0], [3021.5, 3118.0], [3021.75, 7556.0], [3022.0, 100.0], [3022.25, 2600.0], [3022.5, 7034.0], [3025.0, 11977.0], [3025.25, 40125.0], [3027.75, 37542.0], [3029.5, 40000.0], [3029.75, 400.0], [3030.5, 37016.0], [3031.5, 38583.0], [3035.75, 40000.0]]}}}
{"jsonrpc": "2.0", "method": "subscription", "params": {"channel": "book.ETH-2JAN26.none.20.100ms", "data": {"timestamp": 1766455236399, "change_id": 102481625722, "instrument_name": "ETH-2JAN26", "bids": [[3019.25, 7531.0], [3019.0, 1688.0], [3018.75, 1300.0], [3018.25, 373.0], [3018.0, 1250.0], [3016.5, 4285.0], [3016.25, 13596.0], [3015.25, 500.0], [3013.75, 1368.0], [3013.5, 6432.0], [3013.25, 6196.0], [3013.0, 342.0], [3012.75, 1145.0], [3012.5, 6839.0], [3012.25, 18330.0], [3012.0, 18485.0], [3010.0, 40000.0], [3009.75, 400.0], [3009.5, 38446.0], [3007.0, 38031.0]], "asks": [[3019.5, 1250.0], [3019.75, 3498.0], [3020.0, 13933.0], [3020.25, 7595.0], [3020.5, 988.0], [3020.75, 1705.0], [3021.0, 1688.0], [3021.25, 1572.0], [3021.5, 3118.0], [3021.75, 7556.0], [3022.0, 100.0], [3022.25, 2600.0], [3022.5, 7034.0], [3025.0, 11977.0], [3025.25, 40125.0], [3027.75, 37542.0], [3029.5, 40000.0], [3029.75, 400.0], [3030.5, 37016.0], [3031.5, 38583.0]]}}}
{"jsonrpc": "2.0", "method": "subscription", "params": {"channel": "book.ETH-2JAN26.none.20.100ms", "data": {"timestamp": 1766455236721, "change_id": 102481626031, "instrument_name": "ETH-2JAN26", "bids": [[3019.25, 7531.0], [3018.25, 1673.0], [3018.0, 1250.0], [3016.5, 4285.0], [3016.25, 13596.0], [3015.25, 500.0], [3013.75, 1368.0], [3013.5, 6432.0], [3013.25, 6196.0], [3013.0, 342.0], [3012.75, 1145.0], [3012.5, 6839.0], [3012.25, 18330.0], [3012.0, 18485.0], [3010.0, 40000.0], [3009.75, 400.0], [3009.5, 38446.0], [3007.0, 38031.0], [3006.25, 37365.0], [3004.75, 40000.0]], "asks": [[3019.5, 1250.0], [3019.75, 3498.0], [3020.0, 13933.0], [3020.25, 7595.0], [3020.5, 988.0], [3020.75, 1705.0], [3021.0, 1688.0], [3021.25, 1572.0], [3021.5, 3118.0], [3021.75, 7556.0], [3022.0, 100.0], [3022.25, 2600.0], [3022.5, 7034.0], [3025.0, 11977.0], [3025.25, 40125.0], [3027.75, 37542.0], [3029.5, 40000.0], [3029.75, 400.0], [3030.5, 37016.0], [3031.5, 38583.0]]}}}
{"jsonrpc": "2.0", "method": "subscription", "params": {"channel": "book.ETH-2JAN26.none.20.100ms", "data": {"timestamp": 1766455237711, "change_id": 102481626897, "instrument_name": "ETH-2JAN26", "bids": [[3019.25, 6231.0], [3018.75, 388.0], [3018.5, 1300.0], [3018.25, 1250.0], [3016.5, 4285.0], [3016.25, 13596.0], [3015.25, 500.0], [3014.25, 342.0], [3014.0, 1145.0], [3013.75, 1368.0], [3013.5, 6432.0], [3013.25, 6196.0], [3012.5, 6839.0], [3012.25, 18330.0], [3012.0, 18485.0], [3010.0, 40000.0], [3009.75, 400.0], [3009.5, 38446.0], [3007.0, 38031.0], [3006.25, 37365.0]], "asks": [[3019.5, 1250.0], [3019.75, 3498.0], [3020.0, 13933.0], [3020.25, 7595.0], [3020.5, 988.0], [3020.75, 1705.0], [3021.0, 1688.0], [3021.25, 1572.0], [3021.5, 3118.0], [3021.75, 7556.0], [3022.0, 100.0], [3022.25, 2600.0], [3022.5, 7034.0], [3025.0, 11977.0], [3025.25, 40125.0], [3027.75, 37542.0], [3029.5, 40000.0], [3029.75, 400.0], [3030.5, 37016.0], [3031.5, 38583.0]]}}}
{"jsonrpc": "2.0", "method": "subscription", "params": {"channel": "book.ETH-2JAN26.none.20.100ms", "data": {"timestamp": 1766455238700, "change_id": 102481627731, "instrument_name": "ETH-2JAN26", "bids": [[3019.25, 7531.0], [3019.0, 1300.0], [3018.75, 388.0], [3018.5, 1673.0], [3018.25, 1250.0], [3016.5, 4285.0], [3016.25, 13596.0], [3015.25, 500.0], [3014.25, 342.0], [3014.0, 1145.0], [3013.75, 1368.0], [3013.5, 6432.0], [3013.25, 6196.0], [3012.5, 6839.0], [3012.25, 18330.0], [3012.0, 18485.0], [3010.0, 40000.0], [3009.75, 400.0], [3009.5, 38446.0], [3007.0, 38031.0]], "asks": [[3019.5, 1250.0], [3019.75, 388.0], [3020.0, 3515.0], [3020.25, 7595.0], [3020.5, 988.0], [3020.75, 1705.0], [3021.0, 1688.0], [3021.25, 1572.0], [3021.5, 3118.0], [3021.75, 7556.0], [3022.0, 100.0], [3022.25, 2600.0], [3022.5, 7034.0], [3025.0, 11977.0], [3025.25, 40125.0], [3027.75, 37542.0], [3029.5, 40000.0], [3029.75, 400.0], [3030.5, 37016.0], [3031.5, 38583.0]]}}}
{"jsonrpc": "2.0", "method": "subscription", "params": {"channel": "book.ETH-2JAN26.none.20.100ms", "data": {"timestamp": 1766455238832, "change_id": 102481627795, "instrument_name": "ETH-2JAN26", "bids": [[3019.25, 7531.0], [3019.0, 1300.0], [3018.75, 388.0], [3018.5, 1673.0], [3018.25, 1250.0], [3016.5, 2638.0], [3016.25, 7161.0], [3015.75, 1921.0], [3015.5, 6435.0], [3015.25, 500.0], [3014.25, 342.0], [3014.0, 1145.0], [3013.75, 1368.0], [3013.5, 10778.0], [3012.5, 6839.0], [3012.25, 18330.0], [3012.0, 18485.0], [3010.0, 40000.0], [3009.75, 400.0], [3009.5, 38446.0]], "asks": [[3019.5, 1250.0], [3019.75, 3448.0], [3020.0, 13933.0], [3020.25, 7595.0], [3020.5, 988.0], [3020.75, 1705.0], [3021.0, 1688.0], [3021.25, 1572.0], [3021.5, 3118.0], [3021.75, 7556.0], [3022.0, 100.0], [3022.25, 2600.0], [3022.5, 7034.0], [3025.0, 11977.0], [3025.25, 40125.0], [3027.75, 37542.0], [3029.5, 40000.0], [3029.75, 400.0], [3030.5, 37016.0], [3031.5, 38583.0]]}}}
{"jsonrpc": "2.0", "method": "subscription", "params": {"channel": "book.ETH-2JAN26.none.20.100ms", "data": {"timestamp": 1766455239066, "change_id": 102481627818, "instrument_name": "ETH-2JAN26", "bids": [[3019.25, 7531.0], [3019.0, 1688.0], [3018.75, 1688.0], [3018.5, 1673.0], [3018.25, 1250.0], [3016.5, 2638.0], [3016.25, 7161.0], [3015.75, 1921.0], [3015.5, 6435.0], [3015.25, 500.0], [3014.25, 342.0], [3014.0, 1145.0], [3013.75, 1368.0], [3013.5, 10778.0], [3012.5, 6839.0], [3012.25, 18330.0], [3012.0, 18485.0], [3010.0, 40000.0], [3009.75, 400.0], [3009.5, 38446.0]], "asks": [[3019.5, 1250.0], [3019.75, 3448.0], [3020.0, 13933.0], [3020.25, 7595.0], [3020.5, 988.0], [3020.75, 1705.0], [3021.0, 1688.0], [3021.25, 1572.0], [3021.5, 3118.0], [3021.75, 7556.0], [3022.0, 100.0], [3022.25, 2600.0], [3022.5, 7034.0], [3025.0, 11977.0], [3025.25, 40125.0], [3027.75, 37542.0], [3029.5, 40000.0], [3029.75, 400.0], [3030.5, 37016.0], [3031.5, 38583.0]]}}}
{"jsonrpc": "2.0", "method": "subscription", "params": {"channel": "book.ETH-2JAN26.none.20.100ms", "data": {"timestamp": 1766455239753, "change_id": 102481628652, "instrument_name": "ETH-2JAN26", "bids": [[3019.25, 6231.0], [3019.0, 1688.0], [3018.75, 1688.0], [3018.5, 1673.0], [3018.25, 1250.0], [3016.5, 2638.0], [3016.25, 7161.0], [3015.75, 1921.0], [3015.5, 6435.0], [3015.25, 500.0], [3014.25, 342.0], [3014.0, 1145.0], [3013.75, 1368.0], [3013.5, 10778.0], [3012.5, 6839.0], [3012.25, 18330.0], [3012.0, 18485.0], [3010.0, 40000.0], [3009.75, 400.0], [3009.5, 38446.0]], "asks": [[3019.5, 1250.0], [3019.75, 3448.0], [3020.0, 13933.0], [3020.25, 7595.0], [3020.5, 988.0], [3020.75, 1705.0], [3021.0, 1688.0], [3021.25, 1572.0], [3021.5, 3118.0], [3021.75, 7556.0], [3022.0, 100.0], [3022.25, 2600.0], [3022.5, 7034.0], [3025.0, 11977.0], [3025.25, 40125.0], [3027.75, 37542.0], [3029.5, 40000.0], [3029.75, 400.0], [3030.5, 37016.0], [3031.5, 38583.0]]}}}
{"jsonrpc": "2.0", "method": "subscription", "params": {"channel": "book.ETH-2JAN26.none.20.100ms", "data": {"timestamp": 1766455241277, "change_id": 102481630368, "instrument_name": "ETH-2JAN26", "bids": [[3019.0, 6231.0], [3018.75, 1688.0], [3018.5, 1300.0], [3018.0, 373.0], [3017.75, 1250.0], [3016.5, 500.0], [3015.75, 6435.0], [3015.5, 2191.0], [3015.25, 7340.0], [3014.25, 342.0], [3014.0, 1145.0], [3013.75, 1368.0], [3013.5, 4582.0], [3012.75, 6196.0], [3012.5, 6839.0], [3012.25, 18330.0], [3012.0, 18485.0], [3010.0, 40000.0], [3009.75, 400.0], [3009.5, 38446.0]], "asks": [[3019.25, 1250.0], [3019.5, 1879.0], [3019.75, 9743.0], [3020.0, 12125.0], [3020.25, 1300.0], [3020.5, 988.0], [3020.75, 1705.0], [3021.0, 1688.0], [3021.25, 1572.0], [3021.5, 3118.0], [3021.75, 7556.0], [3022.0, 100.0], [3022.25, 2600.0], [3022.5, 7034.0], [3025.0, 11977.0], [3025.25, 40125.0], [3027.75, 37542.0], [3029.5, 40000.0], [3029.75, 400.0], [3030.5, 37016.0]]}}}
{"jsonrpc": "2.0", "method": "subscription", "params": {"channel": "book.ETH-2JAN26.none.20.100ms", "data": {"timestamp": 1766455241666, "change_id": 102481630703, "instrument_name": "ETH-2JAN26", "bids": [[3019.0, 6231.0], [3018.0, 373.0], [3017.75, 1250.0], [3016.5, 500.0], [3015.75, 6435.0], [3015.5, 2191.0], [3015.25, 7340.0], [3014.25, 342.0], [3014.0, 1145.0], [3013.75, 1368.0], [3013.5, 4582.0], [3012.75, 6196.0], [3012.5, 6839.0], [3012.25, 18330.0], [3012.0, 18485.0], [3010.0, 40000.0], [3009.75, 400.0], [3009.5, 38446.0], [3007.0, 38031.0], [3006.25, 37365.0]], "asks": [[3019.25, 1250.0], [3019.75, 1921.0], [3020.0, 6638.0], [3020.25, 1300.0], [3020.5, 988.0], [3020.75, 1705.0], [3021.0, 1688.0], [3021.25, 1572.0], [3021.5, 3118.0], [3021.75, 7556.0], [3022.0, 100.0], [3022.25, 2600.0], [3022.5, 7034.0], [3025.0, 11977.0], [3025.25, 40125.0], [3027.75, 37542.0], [3029.5, 40000.0], [3029.75, 400.0], [3030.5, 37016.0], [3031.5, 38583.0]]}}}
{"jsonrpc": "2.0", "method": "subscription", "params": {"channel": "book.ETH-2JAN26.none.20.100ms", "data": {"timestamp": 1766455241982, "change_id": 102481630787, "instrument_name": "ETH-2JAN26", "bids": [[3019.0, 6231.0], [3018.0, 373.0], [3017.75, 1250.0], [3016.5, 500.0], [3015.75, 6435.0], [3015.5, 2191.0], [3015.25, 7340.0], [3014.25, 342.0], [3014.0, 1145.0], [3013.75, 1368.0], [3013.5, 4582.0], [3012.75, 6196.0], [3012.5, 6839.0], [3012.25, 18330.0], [3012.0, 18485.0], [3010.0, 40000.0], [3009.75, 400.0], [3009.5, 38446.0], [3007.0, 38031.0], [3006.25, 37365.0]], "asks": [[3019.25, 1250.0], [3019.75, 4796.0], [3020.0, 17056.0], [3020.25, 1300.0], [3020.5, 988.0], [3020.75, 1705.0], [3021.0, 1688.0], [3021.25, 1572.0], [3021.5, 3118.0], [3021.75, 7556.0], [3022.0, 100.0], [3022.25, 2600.0], [3022.5, 7034.0], [3025.0, 11977.0], [3025.25, 40125.0], [3027.75, 37542.0], [3029.5, 40000.0], [3029.75, 400.0], [3030.5, 37016.0], [3031.5, 38583.0]]}}}
{"jsonrpc": "2.0", "method": "subscription", "params": {"channel": "book.ETH-2JAN26.none.20.100ms", "data": {"timestamp": 1766455242210, "change_id": 102481631343, "instrument_name": "ETH-2JAN26", "bids": [[3019.0, 6231.0], [3018.0, 373.0], [3017.75, 1250.0], [3016.5, 500.0], [3015.75, 6435.0], [3015.5, 2191.0], [3015.25, 7340.0], [3014.25, 342.0], [3014.0, 1145.0], [3013.75, 1368.0], [3013.5, 4582.0], [3013.0, 1850.0], [3012.75, 6196.0], [3012.5, 6839.0], [3012.25, 18330.0], [3012.0, 18485.0], [3010.0, 40000.0], [3009.75, 400.0], [3009.5, 38446.0], [3007.0, 38031.0]], "asks": [[3019.25, 1250.0], [3019.5, 1300.0], [3019.75, 4796.0], [3020.0, 17056.0], [3020.25, 1300.0], [3020.5, 988.0], [3020.75, 1705.0], [3021.0, 1688.0], [3021.25, 1572.0], [3021.5, 3118.0], [3021.75, 7556.0], [3022.0, 100.0], [3022.25, 2600.0], [3022.5, 7034.0], [3025.0, 11977.0], [3025.25, 40125.0], [3027.75, 37542.0], [3029.5, 40000.0], [3029.75, 400.0], [3030.5, 37016.0]]}}}
{"jsonrpc": "2.0", "method": "subscription", "params": {"channel": "book.ETH-2JAN26.none.20.100ms", "data": {"timestamp": 1766455242653, "change_id": 102481631635, "instrument_name": "ETH-2JAN26", "bids": [[3019.0, 6231.0], [3018.0, 373.0], [3017.75, 1250.0], [3016.5, 500.0], [3015.75, 6435.0], [3015.5, 2191.0], [3015.25, 7340.0], [3014.25, 342.0], [3014.0, 1145.0], [3013.75, 1368.0], [3013.5, 4582.0], [3013.0, 1850.0], [3012.75, 6196.0], [3012.5, 6839.0], [3012.25, 18330.0], [3012.0, 18485.0], [3010.0, 40000.0], [3009.75, 400.0], [3009.5, 38446.0], [3007.0, 38031.0]], "asks": [[3019.25, 1250.0], [3019.5, 1300.0], [3019.75, 4796.0], [3020.0, 17056.0], [3020.25, 1300.0], [3020.5, 988.0], [3020.75, 1705.0], [3021.0, 1688.0], [3021.25, 1572.0], [3021.5, 3118.0], [3021.75, 6256.0], [3022.0, 100.0], [3022.25, 2600.0], [3022.5, 7034.0], [3025.0, 11977.0], [3025.25, 40125.0], [3027.75, 37542.0], [3029.5, 40000.0], [3029.75, 400.0], [3030.5, 37016.0]]}}}
{"jsonrpc": "2.0", "method": "subscription", "params": {"channel": "book.ETH-2JAN26.none.20.100ms", "data": {"timestamp": 1766455243341, "change_id": 102481633483, "instrument_name": "ETH-2JAN26", "bids": [[3016.5, 500.0], [3015.25, 500.0], [3014.25, 342.0], [3014.0, 1145.0], [3013.75, 1368.0], [3013.5, 4582.0], [3012.5, 6839.0], [3012.25, 25211.0], [3010.25, 11940.0], [3010.0, 40000.0], [3009.75, 400.0], [3009.5, 38446.0], [3007.0, 38031.0], [3006.25, 37365.0], [3004.75, 40000.0], [3001.5, 73320.0], [3001.25, 18001.0], [3000.75, 37463.0], [3000.25, 40000.0], [2994.75, 24558.0]], "asks": [[3018.75, 277.0], [3019.0, 1673.0], [3019.25, 1702.0], [3019.5, 1300.0], [3020.0, 10806.0], [3020.25, 1300.0], [3020.5, 600.0], [3020.75, 1572.0], [3021.0, 1688.0], [3021.25, 1300.0], [3021.5, 1300.0], [3021.75, 6256.0], [3022.0, 100.0], [3022.25, 2600.0], [3022.5, 7034.0], [3025.0, 11977.0], [3025.25, 40125.0], [3027.5, 40400.0], [3027.75, 37542.0], [3030.5, 37016.0]]}}}
{"jsonrpc": "2.0", "method": "subscription", "params": {"channel": "book.ETH-2JAN26.none.20.100ms", "data": {"timestamp": 1766455243651, "change_id": 102481635182, "instrument_name": "ETH-2JAN26", "bids": [[3018.25, 6231.0], [3016.5, 500.0], [3015.25, 500.0], [3014.75, 1250.0], [3014.25, 6975.0], [3014.0, 1145.0], [3013.5, 4582.0], [3012.5, 6435.0], [3012.25, 18330.0], [3010.25, 18485.0], [3009.75, 400.0], [3009.5, 38446.0], [3007.0, 38031.0], [3006.25, 37365.0], [3004.75, 40000.0], [3001.5, 73320.0], [3001.25, 18001.0], [3000.75, 37463.0], [3000.25, 40000.0], [2994.75, 24558.0]], "asks": [[3018.5, 1250.0], [3019.0, 1300.0], [3019.25, 6295.0], [3021.5, 1300.0], [3021.75, 6256.0], [3022.0, 100.0], [3022.25, 500.0], [3022.5, 7034.0], [3025.25, 40125.0], [3027.5, 40400.0], [3027.75, 37542.0], [3030.5, 37016.0], [3031.5, 38583.0], [3035.75, 40000.0], [3036.75, 1145.0], [3038.25, 36602.0], [3039.25, 40000.0], [3043.75, 4582.0], [3048.5, 25366.0], [3049.0, 24741.0]]}}}
{"jsonrpc": "2.0", "method": "subscription", "params": {"channel": "book.ETH-2JAN26.none.20.100ms", "data": {"timestamp": 1766455243944, "change_id": 102481635826, "instrument_name": "ETH-2JAN26", "bids": [[3018.25, 6231.0], [3016.5, 500.0], [3015.25, 762.0], [3015.0, 1250.0], [3014.5, 2082.0], [3014.25, 7317.0], [3014.0, 1145.0], [3013.75, 1368.0], [3013.5, 4582.0], [3012.75, 1921.0], [3012.5, 11907.0], [3012.25, 18330.0], [3010.75, 6196.0], [3010.25, 18485.0], [3009.75, 400.0], [3009.5, 38446.0], [3008.75, 40000.0], [3007.0, 38031.0], [3006.25, 37365.0], [3004.75, 40000.0]], "asks": [[3018.5, 1250.0], [3018.75, 2882.0], [3019.0, 11466.0], [3019.25, 6231.0], [3021.25, 388.0], [3021.5, 3167.0], [3021.75, 6256.0], [3022.0, 100.0], [3022.25, 2600.0], [3022.5, 7034.0], [3025.25, 40125.0], [3027.5, 40400.0], [3027.75, 37542.0], [3030.5, 37016.0], [3031.5, 38583.0], [3035.75, 40000.0], [3036.75, 1145.0], [3038.25, 36602.0], [3039.25, 40000.0], [3043.75, 4582.0]]}}}
{"jsonrpc": "2.0", "method": "subscription", "params": {"channel": "book.ETH-2JAN26.none.20.100ms", "data": {"timestamp": 1766455244183, "change_id": 102481636478, "instrument_name": "ETH-2JAN26", "bids": [[3018.25, 6231.0], [3016.5, 500.0], [3015.5, 522.0], [3015.25, 1750.0], [3014.5, 2082.0], [3014.25, 6975.0], [3012.75, 1921.0], [3012.5, 6435.0], [3011.0, 1850.0], [3010.75, 6196.0], [3010.25, 18485.0], [3009.75, 400.0], [3009.5, 38446.0], [3008.75, 40000.0], [3007.0, 38031.0], [3006.25, 37365.0], [3004.75, 40000.0], [3001.25, 18001.0], [3000.75, 37463.0], [3000.25, 40000.0]], "asks": [[3018.5, 1250.0], [3018.75, 2882.0], [3019.0, 11466.0], [3019.25, 6231.0], [3021.25, 388.0], [3021.5, 3167.0], [3021.75, 6256.0], [3022.0, 100.0], [3022.25, 2600.0], [3022.5, 7034.0], [3025.25, 40125.0], [3027.5, 40400.0], [3027.75, 37542.0], [3030.5, 37016.0], [3031.5, 38583.0], [3035.75, 40000.0], [3036.75, 1145.0], [3038.25, 36602.0], [3039.25, 40000.0], [3043.75, 4582.0]]}}}
{"jsonrpc": "2.0", "method": "subscription", "params": {"channel": "book.ETH-2JAN26.none.20.100ms", "data": {"timestamp": 1766455244631, "change_id": 102481637115, "instrument_name": "ETH-2JAN26", "bids": [[3018.25, 6231.0], [3016.5, 500.0], [3015.75, 373.0], [3015.5, 1250.0], [3015.25, 500.0], [3014.5, 2082.0], [3014.25, 6975.0], [3012.75, 1921.0], [3012.5, 6435.0], [3011.0, 1850.0], [3010.75, 6196.0], [3010.25, 18485.0], [3009.75, 400.0], [3009.5, 38446.0], [3008.75, 40000.0], [3007.0, 38031.0], [3006.25, 37365.0], [3004.75, 40000.0], [3001.25, 18001.0], [3000.75, 37463.0]], "asks": [[3018.5, 2550.0], [3018.75, 452.0], [3019.0, 3160.0], [3019.25, 6231.0], [3021.25, 388.0], [3021.5, 3167.0], [3021.75, 6256.0], [3022.0, 100.0], [3022.25, 2600.0], [3022.5, 7034.0], [3025.25, 40125.0], [3027.5, 40400.0], [3027.75, 37542.0], [3030.5, 37016.0], [3031.5, 38583.0], [3035.75, 40000.0], [3036.75, 1145.0], [3038.25, 36602.0], [3039.25, 40000.0], [3043.75, 4582.0]]}}}
{"jsonrpc": "2.0", "method": "subscription", "params": {"channel": "book.ETH-2JAN26.none.20.100ms", "data": {"timestamp": 1766455244972, "change_id": 102481637291, "instrument_name": "ETH-2JAN26", "bids": [[3018.25, 6231.0], [3016.5, 500.0], [3016.0, 373.0], [3015.75, 1250.0], [3015.25, 500.0], [3014.5, 2082.0], [3014.25, 6975.0], [3012.75, 1921.0], [3012.5, 6435.0], [3011.0, 1850.0], [3010.75, 6196.0], [3010.25, 36815.0], [3009.75, 400.0], [3009.5, 38446.0], [3008.75, 40000.0], [3007.0, 38031.0], [3006.25, 37365.0], [3004.75, 40000.0], [3001.25, 18001.0], [3000.75, 37463.0]], "asks": [[3018.5, 2550.0], [3018.75, 452.0], [3019.0, 6031.0], [3019.25, 16646.0], [3021.25, 388.0], [3021.5, 3167.0], [3021.75, 6256.0], [3022.0, 100.0], [3022.25, 2600.0], [3022.5, 7034.0], [3025.25, 40125.0], [3027.5, 40400.0], [3027.75, 37542.0], [3030.5, 37016.0], [3031.5, 38583.0], [3035.75, 40000.0], [3036.75, 1145.0], [3038.25, 36602.0], [3039.25, 40000.0], [3043.75, 4582.0]]}}}
{"jsonrpc": "2.0", "method": "subscription", "params": {"channel": "book.ETH-2JAN26.none.20.100ms", "data": {"timestamp": 1766455245192, "change_id": 102481638119, "instrument_name": "ETH-2JAN26", "bids": [[3018.25, 6231.0], [3016.5, 500.0], [3016.0, 373.0], [3015.75, 1250.0], [3015.25, 500.0], [3013.0, 2128.0], [3012.75, 9051.0], [3012.5, 6435.0], [3010.5, 10989.0], [3010.25, 36815.0], [3009.75, 400.0], [3009.5, 38446.0], [3008.75, 40000.0], [3007.0, 38031.0], [3006.25, 37365.0], [3004.75, 40000.0], [3001.25, 18001.0], [3000.75, 37463.0], [3000.25, 40000.0], [2994.75, 24558.0]], "asks": [[3018.5, 1250.0], [3018.75, 452.0], [3019.0, 6031.0], [3019.25, 16646.0], [3021.25, 388.0], [3021.5, 3167.0], [3021.75, 6256.0], [3022.0, 100.0], [3022.25, 2600.0], [3022.5, 7034.0], [3025.25, 40125.0], [3027.5, 40400.0], [3027.75, 37542.0], [3030.5, 37016.0], [3031.5, 38583.0], [3035.75, 40000.0], [3036.75, 1145.0], [3038.25, 36602.0], [3039.25, 40000.0], [3043.75, 4582.0]]}}}
{"jsonrpc": "2.0", "method": "subscription", "params": {"channel": "book.ETH-2JAN26.none.20.100ms", "data": {"timestamp": 1766455245658, "change_id": 102481638886, "instrument_name": "ETH-2JAN26", "bids": [[3018.25, 6231.0], [3016.5, 500.0], [3016.0, 373.0], [3015.75, 3364.0], [3015.5, 7082.0], [3015.25, 500.0], [3012.75, 1921.0], [3012.5, 6435.0], [3010.75, 1368.0], [3010.5, 15571.0], [3010.25, 36815.0], [3009.75, 400.0], [3009.5, 38446.0], [3008.75, 40000.0], [3007.0, 38031.0], [3006.25, 37365.0], [3004.75, 40000.0], [3001.25, 18001.0], [3000.75, 37463.0], [3000.25, 40000.0]], "asks": [[3018.5, 2550.0], [3018.75, 452.0], [3019.0, 3160.0], [3019.25, 6231.0], [3021.25, 388.0], [3021.5, 3167.0], [3021.75, 6256.0], [3022.0, 100.0], [3022.25, 2600.0], [3022.5, 7034.0], [3025.25, 40125.0], [3027.5, 40400.0], [3027.75, 37542.0], [3030.5, 37016.0], [3031.5, 38583.0], [3035.75, 40000.0], [3036.75, 1145.0], [3038.25, 36602.0], [3039.25, 40000.0], [3043.75, 4582.0]]}}}
{"jsonrpc": "2.0", "method": "subscription", "params": {"channel": "book.ETH-2JAN26.none.20.100ms", "data": {"timestamp": 1766455246223, "change_id": 102481639607, "instrument_name": "ETH-2JAN26", "bids": [[3018.25, 6231.0], [3016.5, 500.0], [3016.25, 373.0], [3016.0, 1250.0], [3015.75, 2114.0], [3015.5, 7082.0], [3015.25, 500.0], [3012.75, 1921.0], [3012.5, 6435.0], [3011.0, 342.0], [3010.75, 2513.0], [3010.5, 15571.0], [3010.25, 36815.0], [3009.75, 400.0], [3009.5, 38446.0], [3008.75, 40000.0], [3007.0, 38031.0], [3006.25, 37365.0], [3004.75, 40000.0], [3001.25, 18001.0]], "asks": [[3018.5, 2550.0], [3018.75, 3511.0], [3019.0, 13575.0], [3019.25, 6231.0], [3021.25, 388.0], [3021.5, 3167.0], [3021.75, 6256.0], [3022.0, 100.0], [3022.25, 2600.0], [3022.5, 7034.0], [3025.25, 40125.0], [3027.5, 40400.0], [3027.75, 37542.0], [3030.5, 37016.0], [3031.5, 38583.0], [3035.75, 40000.0], [3036.75, 1145.0], [3038.25, 36602.0], [3039.25, 40000.0], [3043.75, 4582.0]]}}}
{"jsonrpc": "2.0", "method": "subscription", "params": {"channel": "book.ETH-2JAN26.none.20.100ms", "data": {"timestamp": 1766455246609, "change_id": 102481639941, "instrument_name": "ETH-2JAN26", "bids": [[3018.25, 6231.0], [3016.5, 500.0], [3016.25, 373.0], [3016.0, 1250.0], [3015.75, 2114.0], [3015.5, 7082.0], [3015.25, 500.0], [3012.75, 1921.0], [3012.5, 6435.0], [3011.0, 342.0], [3010.75, 2513.0], [3010.5, 15571.0], [3010.25, 36815.0], [3009.75, 400.0], [3009.5, 38446.0], [3008.75, 40000.0], [3007.0, 38031.0], [3006.25, 37365.0], [3004.75, 40000.0], [3001.25, 18001.0]], "asks": [[3018.5, 2550.0], [3018.75, 4811.0], [3019.0, 13575.0], [3019.25, 6231.0], [3021.25, 388.0], [3021.5, 3167.0], [3021.75, 6256.0], [3022.0, 100.0], [3022.25, 2600.0], [3022.5, 7034.0], [3025.25, 40125.0], [3027.5, 40400.0], [3027.75, 37542.0], [3030.5, 37016.0], [3031.5, 38583.0], [3035.75, 40000.0], [3036.75, 1145.0], [3038.25, 36602.0], [3039.25, 40000.0], [3043.75, 4582.0]]}}}
{"jsonrpc": "2.0", "method": "subscription", "params": {"channel": "book.ETH-2JAN26.none.20.100ms", "data": {"timestamp": 1766455247288, "change_id": 102481640804, "instrument_name": "ETH-2JAN26", "bids": [[3018.25, 6231.0], [3016.75, 522.0], [3016.5, 1750.0], [3015.75, 2114.0], [3015.5, 7082.0], [3015.25, 500.0], [3012.75, 1921.0], [3012.5, 6435.0], [3011.0, 342.0], [3010.75, 2513.0], [3010.5, 15571.0], [3010.25, 36815.0], [3009.75, 400.0], [3009.5, 38446.0], [3008.75, 40000.0], [3007.0, 38031.0], [3006.25, 37365.0], [3004.75, 40000.0], [3001.25, 18001.0], [3000.75, 37463.0]], "asks": [[3018.5, 2550.0], [3018.75, 4811.0], [3019.0, 13575.0], [3019.25, 6231.0], [3021.25, 388.0], [3021.5, 3167.0], [3021.75, 6256.0], [3022.0, 100.0], [3022.25, 2600.0], [3022.5, 7034.0], [3025.25, 40125.0], [3027.5, 40400.0], [3027.75, 37542.0], [3030.5, 37016.0], [3031.5, 38583.0], [3035.75, 40000.0], [3036.75, 1145.0], [3038.25, 36602.0], [3039.25, 40000.0], [3043.75, 4582.0]]}}}
{"jsonrpc": "2.0", "method": "subscription", "params": {"channel": "book.ETH-2JAN26.none.20.100ms", "data": {"timestamp": 1766455247344, "change_id": 102481640854, "instrument_name": "ETH-2JAN26", "bids": [[3018.25, 6231.0], [3016.75, 522.0], [3016.5, 1750.0], [3015.75, 2114.0], [3015.5, 7082.0], [3015.25, 500.0], [3012.75, 1921.0], [3012.5, 6435.0], [3011.0, 342.0], [3010.75, 2513.0], [3010.5, 15571.0], [3010.25, 36815.0], [3009.75, 400.0], [3009.5, 38446.0], [3008.75, 40000.0], [3007.0, 38031.0], [3006.25, 37365.0], [3004.75, 40000.0], [3001.25, 18001.0], [3000.75, 37463.0]], "asks": [[3018.5, 2550.0], [3018.75, 1752.0], [3019.0, 3160.0], [3019.25, 6231.0], [3021.25, 388.0], [3021.5, 3167.0], [3021.75, 6256.0], [3022.0, 100.0], [3022.25, 2600.0], [3022.5, 7034.0], [3025.25, 40125.0], [3027.5, 40400.0], [3027.75, 37542.0], [3030.5, 37016.0], [3031.5, 38583.0], [3035.75, 40000.0], [3036.75, 1145.0], [3038.25, 36602.0], [3039.25, 40000.0], [3043.75, 4582.0]]}}}
{"jsonrpc": "2.0", "method": "subscription", "params": {"channel": "book.ETH-2JAN26.none.20.100ms", "data": {"timestamp": 1766455247716, "change_id": 102481641577, "instrument_name": "ETH-2JAN26", "bids": [[3018.25, 6231.0], [3016.75, 522.0], [3016.5, 1750.0], [3015.75, 2114.0], [3015.5, 7082.0], [3015.25, 500.0], [3012.75, 1921.0], [3012.5, 6435.0], [3011.0, 342.0], [3010.75, 2513.0], [3010.5, 15571.0], [3010.25, 36815.0], [3009.75, 400.0], [3009.5, 38446.0], [3008.75, 40000.0], [3007.0, 38031.0], [3006.25, 37365.0], [3004.75, 40000.0], [3001.25, 18001.0], [3000.75, 37463.0]], "asks": [[3018.5, 2550.0], [3018.75, 4811.0], [3019.0, 13575.0], [3019.25, 6231.0], [3021.25, 388.0], [3021.5, 3167.0], [3021.75, 6256.0], [3022.0, 100.0], [3022.25, 2600.0], [3022.5, 7034.0], [3025.25, 40125.0], [3027.5, 40400.0], [3027.75, 37542.0], [3030.5, 37016.0], [3031.5, 38583.0], [3035.75, 40000.0], [3036.75, 1145.0], [3038.25, 36602.0], [3039.25, 40000.0], [3043.75, 4582.0]]}}}
{"jsonrpc": "2.0", "method": "subscription", "params": {"channel": "book.ETH-2JAN26.none.20.100ms", "data": {"timestamp": 1766455248187, "change_id": 102481642424, "instrument_name": "ETH-2JAN26", "bids": [[3018.25, 6231.0], [3016.75, 522.0], [3016.5, 1750.0], [3015.75, 2114.0], [3015.5, 7082.0], [3015.25, 500.0], [3013.0, 1368.0], [3012.75, 6503.0], [3012.5, 6435.0], [3011.0, 342.0], [3010.75, 1145.0], [3010.5, 10989.0], [3010.25, 36815.0], [3009.75, 400.0], [3009.5, 38446.0], [3008.75, 40000.0], [3007.0, 38031.0], [3006.25, 37365.0], [3004.75, 40000.0], [3001.25, 18001.0]], "asks": [[3018.5, 2550.0], [3018.75, 6280.0], [3019.0, 17946.0], [3021.25, 388.0], [3021.5, 3167.0], [3021.75, 6256.0], [3022.0, 100.0], [3022.25, 2600.0], [3022.5, 7034.0], [3025.25, 40125.0], [3027.5, 40400.0], [3027.75, 37542.0], [3030.5, 37016.0], [3031.5, 38583.0], [3035.75, 40000.0], [3036.75, 1145.0], [3038.25, 36602.0], [3039.25, 40000.0], [3043.75, 4582.0], [3048.5, 25366.0]]}}}
{"jsonrpc": "2.0", "method": "subscription", "params": {"channel": "book.ETH-2JAN26.none.20.100ms", "data": {"timestamp": 1766455248590, "change_id": 102481643786, "instrument_name": "ETH-2JAN26", "bids": [[3017.5, 6231.0], [3016.5, 500.0], [3015.25, 500.0], [3013.0, 1368.0], [3012.75, 8369.0], [3012.5, 13510.0], [3011.0, 342.0], [3010.75, 1145.0], [3010.5, 10989.0], [3010.25, 36815.0], [3009.5, 38446.0], [3008.75, 40000.0], [3007.75, 400.0], [3007.0, 38031.0], [3006.25, 37365.0], [3004.75, 40000.0], [3001.25, 18001.0], [3000.75, 37463.0], [2995.75, 40000.0], [2995.0, 73320.0]], "asks": [[3017.75, 1200.0], [3018.0, 3504.0], [3018.25, 8055.0], [3018.5, 1707.0], [3018.75, 4747.0], [3019.0, 10415.0], [3021.25, 388.0], [3021.5, 3167.0], [3021.75, 6256.0], [3022.0, 100.0], [3022.25, 2600.0], [3022.5, 7034.0], [3025.25, 40125.0], [3027.5, 40400.0], [3027.75, 37542.0], [3030.5, 37016.0], [3031.5, 38583.0], [3032.5, 40000.0], [3035.75, 40000.0], [3036.75, 1145.0]]}}}
{"jsonrpc": "2.0", "method": "subscription", "params": {"channel": "book.ETH-2JAN26.none.20.100ms", "data": {"timestamp": 1766455248945, "change_id": 102481644405, "instrument_name": "ETH-2JAN26", "bids": [[3017.5, 6231.0], [3016.5, 500.0], [3016.25, 373.0], [3016.0, 1250.0], [3015.25, 500.0], [3015.0, 2144.0], [3014.75, 7181.0], [3013.0, 1368.0], [3012.75, 6503.0], [3012.5, 6435.0], [3011.0, 342.0], [3010.75, 1145.0], [3010.5, 10989.0], [3010.25, 36815.0], [3009.5, 38446.0], [3008.75, 40000.0], [3007.75, 400.0], [3007.0, 38031.0], [3006.25, 37365.0], [3004.75, 40000.0]], "asks": [[3017.75, 2450.0], [3018.0, 1300.0], [3018.25, 2247.0], [3018.5, 7938.0], [3018.75, 1300.0], [3020.5, 2065.0], [3020.75, 6919.0], [3021.25, 388.0], [3021.5, 3167.0], [3021.75, 6256.0], [3022.0, 100.0], [3022.25, 500.0], [3025.25, 40125.0], [3027.5, 40400.0], [3027.75, 37542.0], [3030.5, 37016.0], [3031.5, 38583.0], [3032.5, 40000.0], [3035.75, 40000.0], [3036.75, 1145.0]]}}}
{"jsonrpc": "2.0", "method": "subscription", "params": {"channel": "book.ETH-2JAN26.none.20.100ms", "data": {"timestamp": 1766455249184, "change_id": 102481644941, "instrument_name": "ETH-2JAN26", "bids": [[3017.5, 6231.0], [3016.5, 873.0], [3016.25, 1250.0], [3015.25, 500.0], [3015.0, 2144.0], [3014.75, 7181.0], [3013.0, 1368.0], [3012.75, 6503.0], [3012.5, 6435.0], [3011.0, 342.0], [3010.75, 1145.0], [3010.5, 10989.0], [3010.25, 36815.0], [3009.5, 38446.0], [3008.75, 40000.0], [3007.75, 400.0], [3007.0, 38031.0], [3006.25, 37365.0], [3004.75, 40000.0], [3001.25, 18001.0]], "asks": [[3017.75, 2450.0], [3018.0, 4180.0], [3018.25, 11830.0], [3018.5, 7938.0], [3018.75, 1300.0], [3020.5, 2065.0], [3020.75, 6919.0], [3021.25, 388.0], [3021.5, 3167.0], [3021.75, 6256.0], [3022.0, 100.0], [3022.25, 500.0], [3025.25, 40125.0], [3027.5, 40400.0], [3027.75, 37542.0], [3030.5, 37016.0], [3031.5, 38583.0], [3032.5, 40000.0], [3035.75, 40000.0], [3036.75, 1145.0]]}}}
{"jsonrpc": "2.0", "method": "subscription", "params": {"channel": "book.ETH-2JAN26.none.20.100ms", "data": {"timestamp": 1766455249576, "change_id": 102481645497, "instrument_name": "ETH-2JAN26", "bids": [[3017.5, 6231.0], [3016.75, 522.0], [3016.5, 1750.0], [3015.25, 500.0], [3015.0, 2144.0], [3014.75, 7181.0], [3013.0, 1368.0], [3012.75, 6503.0], [3012.5, 6435.0], [3011.0, 342.0], [3010.75, 1145.0], [3010.5, 10989.0], [3010.25, 36815.0], [3009.5, 38446.0], [3008.75, 40000.0], [3007.75, 400.0], [3007.0, 38031.0], [3006.25, 37365.0], [3004.75, 40000.0], [3001.25, 18001.0]], "asks": [[3017.75, 1250.0], [3018.0, 2880.0], [3018.25, 10157.0], [3018.5, 3496.0], [3018.75, 6231.0], [3020.5, 2065.0], [3020.75, 6919.0], [3021.25, 388.0], [3021.5, 3167.0], [3021.75, 6256.0], [3022.0, 100.0], [3022.25, 500.0], [3025.25, 40125.0], [3027.5, 40400.0], [3027.75, 37542.0], [3030.5, 37016.0], [3031.5, 38583.0], [3032.5, 40000.0], [3035.75, 40000.0], [3036.75, 1145.0]]}}}
{"jsonrpc": "2.0", "method": "subscription", "params": {"channel": "book.ETH-2JAN26.none.20.100ms", "data": {"timestamp": 1766455249654, "change_id": 102481645690, "instrument_name": "ETH-2JAN26", "bids": [[3017.5, 6231.0], [3016.75, 522.0], [3016.5, 1750.0], [3015.25, 500.0], [3015.0, 2144.0], [3014.75, 7181.0], [3013.0, 1368.0], [3012.75, 6503.0], [3012.5, 6435.0], [3011.0, 342.0], [3010.75, 1145.0], [3010.5, 10989.0], [3010.25, 36815.0], [3009.5, 38446.0], [3008.75, 40000.0], [3007.75, 400.0], [3007.0, 38031.0], [3006.25, 37365.0], [3004.75, 40000.0], [3001.25, 18001.0]], "asks": [[3017.75, 1250.0], [3018.25, 574.0], [3018.5, 3496.0], [3018.75, 6231.0], [3020.5, 2065.0], [3020.75, 6919.0], [3021.25, 388.0], [3021.5, 3167.0], [3021.75, 6256.0], [3022.0, 100.0], [3022.25, 500.0], [3025.25, 40125.0], [3027.5, 40400.0], [3027.75, 37542.0], [3030.5, 37016.0], [3031.5, 38583.0], [3032.5, 40000.0], [3035.75, 40000.0], [3036.75, 1145.0], [3038.25, 36602.0]]}}}
{"jsonrpc": "2.0", "method": "subscription", "params": {"channel": "book.ETH-2JAN26.none.20.100ms", "data": {"timestamp": 1766455250252, "change_id": 102481648102, "instrument_name": "ETH-2JAN26", "bids": [[3016.5, 500.0], [3015.25, 500.0], [3013.0, 1368.0], [3012.75, 4582.0], [3011.0, 342.0], [3010.75, 1145.0], [3010.5, 5472.0], [3010.25, 18330.0], [3009.0, 7100.0], [3007.75, 400.0], [3006.25, 37365.0], [3001.5, 40000.0], [3001.25, 18001.0], [3000.75, 37463.0], [2995.75, 40000.0], [2995.0, 73320.0], [2994.75, 24558.0], [2990.0, 100.0], [2989.0, 100.0], [2988.0, 100.0]], "asks": [[3017.0, 407.0], [3017.25, 64.0], [3017.5, 373.0], [3017.75, 21250.0], [3018.25, 1835.0], [3018.5, 5065.0], [3020.5, 2065.0], [3020.75, 6919.0], [3021.5, 1867.0], [3021.75, 6256.0], [3022.0, 100.0], [3022.25, 500.0], [3025.25, 40125.0], [3025.5, 400.0], [3027.5, 40000.0], [3027.75, 37542.0], [3030.5, 37016.0], [3031.5, 38583.0], [3032.5, 40000.0], [3035.75, 40000.0]]}}}
