{"jsonrpc": "2.0", "id": 1, "result": ["book.ETH-19DEC25.none.20.100ms"], "usIn": 1766003372217598, "usOut": 1766003372217795, "usDiff": 197, "testnet": false}
{"jsonrpc": "2.0", "method": "subscription", "params": {"channel": "book.ETH-19DEC25.none.20.100ms", "data": {"timestamp": 1766003372104, "change_id": 101856279233, "instrument_name": "ETH-19DEC25", "bids": [[2831.25, 2597.0], [2831.0, 5023.0], [2830.75, 11376.0], [2828.25, 3716.0], [2828.0, 12450.0], [2827.75, 2048.0], [2827.5, 6860.0], [2827.0, 7454.0], [2826.75, 32217.0], [2826.5, 24277.0], [2824.0, 48797.0], [2823.0, 40000.0], [2821.75, 4542.0], [2821.5, 1135.0], [2820.5, 49915.0], [2819.0, 21204.0], [2818.0, 40000.0], [2817.75, 18169.0], [2817.25, 77210.0], [2815.0, 40000.0]], "asks": [[2831.75, 2000.0], [2832.0, 2000.0], [2832.25, 373.0], [2832.5, 1250.0], [2832.75, 5757.0], [2833.0, 20563.0], [2833.25, 2985.0], [2833.5, 10000.0], [2834.0, 7309.0], [2834.25, 24485.0], [2834.5, 2124.0], [2834.75, 7114.0], [2836.5, 500.0], [2837.0, 7465.0], [2837.25, 25010.0], [2837.5, 6304.0], [2837.75, 21119.0], [2839.0, 51340.0], [2840.5, 40000.0], [2841.0, 48722.0]]}}}
{"jsonrpc": "2.0", "method": "subscription", "params": {"channel": "book.ETH-19DEC25.none.20.100ms", "data": {"timestamp": 1766003372226, "change_id": 101856279380, "instrument_name": "ETH-19DEC25", "bids": [[2831.25, 2597.0], [2831.0, 5023.0], [2830.75, 11376.0], [2828.25, 3716.0], [2828.0, 12450.0], [2827.75, 2048.0], [2827.5, 6860.0], [2827.0, 7454.0], [2826.75, 32217.0], [2826.5, 24277.0], [2824.0, 48797.0], [2823.0, 40000.0], [2821.75, 4542.0], [2821.5, 1135.0], [2820.5, 49915.0], [2819.0, 21204.0], [2818.0, 40000.0], [2817.75, 18169.0], [2817.25, 77210.0], [2815.0, 40000.0]], "asks": [[2831.75, 2000.0], [2832.0, 2373.0], [2832.25, 1250.0], [2832.75, 5757.0], [2833.0, 20563.0], [2833.25, 2985.0], [2833.5, 10000.0], [2834.0, 7309.0], [2834.25, 24485.0], [2834.5, 2124.0], [2834.75, 7114.0], [2836.5, 500.0], [2837.0, 7465.0], [2837.25, 25010.0], [2837.5, 6304.0], [2837.75, 21119.0], [2839.0, 51340.0], [2840.5, 40000.0], [2841.0, 48722.0], [2841.25, 4542.0]]}}}
{"jsonrpc": "2.0", "method": "subscription", "params": {"channel": "book.ETH-19DEC25.none.20.100ms", "data": {"timestamp": 1766003373318, "change_id": 101856280530, "instrument_name": "ETH-19DEC25", "bids": [[2831.25, 8630.0], [2831.0, 2373.0], [2830.75, 1250.0], [2828.25, 3716.0], [2828.0, 12450.0], [2827.75, 2048.0], [2827.5, 6860.0], [2827.0, 7454.0], [2826.75, 32217.0], [2826.5, 24277.0], [2824.0, 48797.0], [2823.0, 40000.0], [2821.75, 4542.0], [2821.5, 1135.0], [2820.5, 49915.0], [2819.0, 21204.0], [2818.0, 40000.0], [2817.75, 18169.0], [2817.25, 77210.0], [2815.0, 40000.0]], "asks": [[2831.75, 2000.0], [2832.0, 2373.0], [2832.25, 3051.0], [2832.5, 6033.0], [2832.75, 2984.0], [2833.0, 10437.0], [2833.25, 2985.0], [2833.5, 10000.0], [2834.0, 7309.0], [2834.25, 24485.0], [2834.5, 2124.0], [2834.75, 7114.0], [2836.5, 500.0], [2837.0, 7465.0], [2837.25, 25010.0], [2837.5, 6304.0], [2837.75, 21119.0], [2839.0, 51340.0], [2840.5, 40000.0], [2841.0, 48722.0]]}}}
{"jsonrpc": "2.0", "method": "subscription", "params": {"channel": "book.ETH-19DEC25.none.20.100ms", "data": {"timestamp": 1766003373760, "change_id": 101856281799, "instrument_name": "ETH-19DEC25", "bids": [[2832.25, 8033.0], [2831.75, 597.0], [2831.5, 2000.0], [2831.25, 373.0], [2831.0, 1250.0], [2829.5, 3716.0], [2829.25, 14583.0], [2829.0, 7145.0], [2827.5, 7454.0], [2827.25, 24970.0], [2826.75, 7247.0], [2826.5, 24277.0], [2825.25, 48797.0], [2823.0, 89915.0], [2821.75, 4542.0], [2821.5, 1135.0], [2819.0, 21204.0], [2818.0, 40000.0], [2817.75, 18169.0], [2817.25, 77210.0]], "asks": [[2833.25, 5420.0], [2833.5, 25470.0], [2833.75, 299.0], [2834.0, 8309.0], [2834.25, 24485.0], [2835.75, 2181.0], [2836.0, 7306.0], [2836.5, 500.0], [2837.5, 12964.0], [2837.75, 46129.0], [2838.75, 15325.0], [2839.0, 51340.0], [2840.5, 40000.0], [2841.0, 48722.0], [2841.25, 4542.0], [2845.0, 40000.0], [2846.0, 73665.0], [2850.0, 75360.0], [2852.0, 41135.0], [2853.0, 100.0]]}}}
{"jsonrpc": "2.0", "method": "subscription", "params": {"channel": "book.ETH-19DEC25.none.20.100ms", "data": {"timestamp": 1766003374059, "change_id": 101856283232, "instrument_name": "ETH-19DEC25", "bids": [[2831.75, 3801.0], [2831.5, 6033.0], [2831.25, 5184.0], [2831.0, 16278.0], [2828.5, 3716.0], [2828.25, 12450.0], [2828.0, 2137.0], [2827.75, 7160.0], [2827.25, 24970.0], [2826.5, 24277.0], [2825.25, 48797.0], [2823.0, 89915.0], [2821.75, 4542.0], [2821.5, 1135.0], [2819.0, 21204.0], [2818.0, 40000.0], [2817.75, 18169.0], [2817.25, 77210.0], [2815.0, 40000.0], [2812.75, 75635.0]], "asks": [[2832.5, 4193.0], [2832.75, 11370.0], [2833.0, 9809.0], [2833.25, 4235.0], [2833.5, 10000.0], [2834.0, 7309.0], [2834.25, 24485.0], [2835.75, 2181.0], [2836.0, 7306.0], [2836.5, 500.0], [2837.5, 6304.0], [2837.75, 25010.0], [2838.75, 15325.0], [2839.0, 51340.0], [2840.5, 40000.0], [2841.0, 48722.0], [2841.25, 4542.0], [2843.5, 20884.0], [2845.0, 40000.0], [2846.0, 73665.0]]}}}
{"jsonrpc": "2.0", "method": "subscription", "params": {"channel": "book.ETH-19DEC25.none.20.100ms", "data": {"timestamp": 1766003374276, "change_id": 101856283736, "instrument_name": "ETH-19DEC25", "bids": [[2831.75, 3801.0], [2831.5, 6406.0], [2831.25, 1250.0], [2828.5, 3716.0], [2828.25, 12450.0], [2828.0, 9318.0], [2827.75, 32130.0], [2826.5, 24277.0], [2825.25, 48797.0], [2823.0, 89915.0], [2821.75, 4542.0], [2821.5, 1135.0], [2819.0, 21204.0], [2818.0, 40000.0], [2817.75, 18169.0], [2817.25, 77210.0], [2815.0, 40000.0], [2812.75, 75635.0], [2811.75, 100.0], [2801.0, 72676.0]], "asks": [[2832.5, 4193.0], [2832.75, 12620.0], [2833.0, 9809.0], [2833.25, 2985.0], [2833.5, 10000.0], [2834.0, 7309.0], [2834.25, 24485.0], [2835.75, 2181.0], [2836.0, 7306.0], [2836.5, 500.0], [2837.5, 6304.0], [2837.75, 25010.0], [2838.75, 15325.0], [2839.0, 51340.0], [2840.5, 40000.0], [2841.0, 48722.0], [2841.25, 4542.0], [2843.5, 20884.0], [2845.0, 40000.0], [2846.0, 73665.0]]}}}
{"jsonrpc": "2.0", "method": "subscription", "params": {"channel": "book.ETH-19DEC25.none.20.100ms", "data": {"timestamp": 1766003374746, "change_id": 101856284560, "instrument_name": "ETH-19DEC25", "bids": [[2831.75, 2000.0], [2831.5, 6406.0], [2831.25, 1250.0], [2828.5, 3716.0], [2828.25, 12450.0], [2828.0, 9318.0], [2827.75, 32130.0], [2826.5, 24277.0], [2825.25, 48797.0], [2823.0, 89915.0], [2821.75, 4542.0], [2821.5, 1135.0], [2819.0, 21204.0], [2818.0, 40000.0], [2817.75, 18169.0], [2817.25, 77210.0], [2815.0, 40000.0], [2812.75, 75635.0], [2811.75, 100.0], [2801.0, 72676.0]], "asks": [[2832.5, 4193.0], [2832.75, 12620.0], [2833.0, 9809.0], [2833.25, 2985.0], [2833.5, 10000.0], [2834.0, 7309.0], [2834.25, 24485.0], [2835.75, 2181.0], [2836.0, 7306.0], [2836.5, 500.0], [2837.5, 6304.0], [2837.75, 25010.0], [2838.75, 15325.0], [2839.0, 51340.0], [2840.5, 40000.0], [2841.0, 48722.0], [2841.25, 4542.0], [2843.5, 20884.0], [2845.0, 40000.0], [2846.0, 73665.0]]}}}
{"jsonrpc": "2.0", "method": "subscription", "params": {"channel": "book.ETH-19DEC25.none.20.100ms", "data": {"timestamp": 1766003375066, "change_id": 101856285200, "instrument_name": "ETH-19DEC25", "bids": [[2831.75, 3801.0], [2831.5, 6406.0], [2831.25, 1250.0], [2828.5, 3716.0], [2828.25, 12450.0], [2828.0, 9318.0], [2827.75, 32130.0], [2826.5, 24277.0], [2825.25, 48797.0], [2823.0, 89915.0], [2821.75, 4542.0], [2821.5, 1135.0], [2819.0, 21204.0], [2818.0, 40000.0], [2817.75, 18169.0], [2817.25, 77210.0], [2815.0, 40000.0], [2812.75, 75635.0], [2811.75, 100.0], [2801.0, 72676.0]], "asks": [[2832.5, 10177.0], [2832.75, 5337.0], [2833.0, 17005.0], [2833.25, 2985.0], [2833.5, 10000.0], [2834.0, 7309.0], [2834.25, 26610.0], [2834.5, 7119.0], [2836.5, 500.0], [2837.5, 6304.0], [2837.75, 25010.0], [2838.75, 15325.0], [2839.0, 51340.0], [2840.5, 40000.0], [2841.0, 48722.0], [2841.25, 4542.0], [2843.5, 20884.0], [2845.0, 40000.0], [2846.0, 73665.0], [2850.0, 75360.0]]}}}
{"jsonrpc": "2.0", "method": "subscription", "params": {"channel": "book.ETH-19DEC25.none.20.100ms", "data": {"timestamp": 1766003375651, "change_id": 101856285824, "instrument_name": "ETH-19DEC25", "bids": [[2831.75, 3801.0], [2831.5, 6406.0], [2831.25, 1250.0], [2828.5, 3716.0], [2828.25, 12450.0], [2828.0, 9318.0], [2827.75, 32130.0], [2826.5, 24277.0], [2825.25, 48797.0], [2823.0, 89915.0], [2821.75, 4542.0], [2821.5, 1135.0], [2819.0, 21204.0], [2818.0, 40000.0], [2817.75, 18169.0], [2817.25, 77210.0], [2815.0, 40000.0], [2812.75, 75635.0], [2811.75, 100.0], [2801.0, 72676.0]], "asks": [[2832.5, 3801.0], [2832.75, 10944.0], [2833.0, 18255.0], [2833.25, 3985.0], [2833.5, 10000.0], [2834.0, 7309.0], [2834.25, 26610.0], [2834.5, 7119.0], [2836.5, 500.0], [2837.5, 6304.0], [2837.75, 25010.0], [2838.75, 15325.0], [2839.0, 51340.0], [2840.5, 40000.0], [2841.0, 48722.0], [2841.25, 4542.0], [2843.5, 20884.0], [2845.0, 40000.0], [2846.0, 73665.0], [2850.0, 75360.0]]}}}
{"jsonrpc": "2.0", "method": "subscription", "params": {"channel": "book.ETH-19DEC25.none.20.100ms", "data": {"timestamp": 1766003376074, "change_id": 101856288082, "instrument_name": "ETH-19DEC25", "bids": [[2831.5, 7333.0], [2824.5, 7136.0], [2823.75, 24277.0], [2823.0, 40000.0], [2822.25, 49915.0], [2821.75, 4542.0], [2821.5, 1135.0], [2819.0, 21204.0], [2818.0, 40000.0], [2817.75, 18169.0], [2817.25, 77210.0], [2812.75, 75635.0], [2811.75, 100.0], [2811.0, 40000.0], [2801.0, 72676.0], [2800.75, 48927.0], [2799.0, 48930.0], [2784.0, 4.0], [2783.75, 67.0], [2782.0, 67.0]], "asks": [[2832.5, 2000.0], [2832.75, 15469.0], [2833.5, 10000.0], [2834.25, 24485.0], [2836.5, 500.0], [2838.0, 7106.0], [2839.0, 51340.0], [2840.5, 40000.0], [2841.0, 48722.0], [2841.25, 4542.0], [2843.5, 20884.0], [2845.0, 40000.0], [2846.0, 73665.0], [2850.0, 75360.0], [2852.0, 41135.0], [2852.25, 100.0], [2853.5, 49687.0], [2856.75, 18169.0], [2863.25, 170.0], [2864.75, 170.0]]}}}
{"jsonrpc": "2.0", "method": "subscription", "params": {"channel": "book.ETH-19DEC25.none.20.100ms", "data": {"timestamp": 1766003376341, "change_id": 101856288559, "instrument_name": "ETH-19DEC25", "bids": [[2831.75, 4189.0], [2831.5, 6406.0], [2831.25, 1250.0], [2829.25, 2069.0], [2829.0, 6932.0], [2827.5, 7454.0], [2827.25, 24970.0], [2827.0, 7247.0], [2826.75, 24277.0], [2825.25, 48797.0], [2823.0, 40000.0], [2822.5, 49915.0], [2821.75, 4542.0], [2821.5, 1135.0], [2819.0, 21204.0], [2818.0, 40000.0], [2817.75, 18169.0], [2817.25, 77210.0], [2812.75, 75635.0], [2811.5, 100.0]], "asks": [[2832.25, 9436.0], [2832.5, 2126.0], [2832.75, 7283.0], [2833.25, 2985.0], [2833.5, 10000.0], [2834.0, 7309.0], [2834.25, 24485.0], [2834.5, 2176.0], [2834.75, 7291.0], [2836.5, 500.0], [2837.0, 7465.0], [2837.25, 25010.0], [2839.0, 51340.0], [2840.5, 40000.0], [2841.0, 48722.0], [2841.25, 4542.0], [2843.5, 20884.0], [2845.0, 40000.0], [2846.0, 73665.0], [2850.0, 75360.0]]}}}
{"jsonrpc": "2.0", "method": "subscription", "params": {"channel": "book.ETH-19DEC25.none.20.100ms", "data": {"timestamp": 1766003376727, "change_id": 101856289247, "instrument_name": "ETH-19DEC25", "bids": [[2831.5, 6406.0], [2831.25, 1250.0], [2828.25, 2071.0], [2828.0, 6937.0], [2827.5, 7454.0], [2827.25, 24970.0], [2827.0, 7247.0], [2826.75, 24277.0], [2825.25, 48797.0], [2823.0, 40000.0], [2822.5, 49915.0], [2821.75, 4542.0], [2821.5, 1135.0], [2819.0, 21204.0], [2818.0, 40000.0], [2817.75, 18169.0], [2817.25, 77210.0], [2812.75, 75635.0], [2811.5, 100.0], [2811.0, 40000.0]], "asks": [[2832.25, 9436.0], [2832.5, 2126.0], [2832.75, 7283.0], [2833.25, 2985.0], [2833.5, 10000.0], [2834.0, 7309.0], [2834.25, 24485.0], [2834.5, 2176.0], [2834.75, 7291.0], [2836.5, 500.0], [2837.0, 7465.0], [2837.25, 25010.0], [2839.0, 51340.0], [2840.5, 40000.0], [2841.0, 48722.0], [2841.25, 4542.0], [2843.5, 20884.0], [2845.0, 40000.0], [2846.0, 73665.0], [2850.0, 75360.0]]}}}
{"jsonrpc": "2.0", "method": "subscription", "params": {"channel": "book.ETH-19DEC25.none.20.100ms", "data": {"timestamp": 1766003377027, "change_id": 101856289723, "instrument_name": "ETH-19DEC25", "bids": [[2832.0, 2000.0], [2831.75, 6033.0], [2831.5, 373.0], [2831.25, 1250.0], [2828.25, 2071.0], [2828.0, 6937.0], [2827.5, 7454.0], [2827.25, 24970.0], [2827.0, 7247.0], [2826.75, 24277.0], [2825.25, 48797.0], [2823.0, 40000.0], [2822.5, 49915.0], [2821.75, 4542.0], [2821.5, 1135.0], [2819.0, 21204.0], [2818.0, 40000.0], [2817.75, 18169.0], [2817.25, 77210.0], [2812.75, 75635.0]], "asks": [[2832.25, 9436.0], [2832.5, 2126.0], [2832.75, 7283.0], [2833.25, 2985.0], [2833.5, 10000.0], [2834.0, 7309.0], [2834.25, 24485.0], [2834.5, 2176.0], [2834.75, 7291.0], [2836.5, 500.0], [2837.0, 7465.0], [2837.25, 25010.0], [2839.0, 51340.0], [2840.5, 40000.0], [2841.0, 48722.0], [2841.25, 4542.0], [2843.5, 20884.0], [2845.0, 40000.0], [2846.0, 73665.0], [2850.0, 75360.0]]}}}
{"jsonrpc": "2.0", "method": "subscription", "params": {"channel": "book.ETH-19DEC25.none.20.100ms", "data": {"timestamp": 1766003377185, "change_id": 101856290086, "instrument_name": "ETH-19DEC25", "bids": [[2832.0, 2000.0], [2831.5, 6406.0], [2831.25, 1250.0], [2828.25, 2071.0], [2828.0, 6937.0], [2827.5, 7454.0], [2827.25, 24970.0], [2827.0, 7247.0], [2826.75, 24277.0], [2825.25, 48797.0], [2823.0, 40000.0], [2822.5, 49915.0], [2821.75, 4542.0], [2821.5, 1135.0], [2819.0, 21204.0], [2818.0, 40000.0], [2817.75, 18169.0], [2817.25, 77210.0], [2812.75, 75635.0], [2812.0, 100.0]], "asks": [[2832.25, 9436.0], [2832.5, 2126.0], [2832.75, 7283.0], [2833.25, 2985.0], [2833.5, 10000.0], [2834.0, 7309.0], [2834.25, 24485.0], [2834.5, 2176.0], [2834.75, 7291.0], [2836.5, 500.0], [2837.0, 7465.0], [2837.25, 25010.0], [2839.0, 51340.0], [2840.5, 40000.0], [2841.0, 48722.0], [2841.25, 4542.0], [2843.5, 20884.0], [2845.0, 40000.0], [2846.0, 73665.0], [2850.0, 75360.0]]}}}
{"jsonrpc": "2.0", "method": "subscription", "params": {"channel": "book.ETH-19DEC25.none.20.100ms", "data": {"timestamp": 1766003377717, "change_id": 101856290661, "instrument_name": "ETH-19DEC25", "bids": [[2831.5, 6406.0], [2831.25, 1250.0], [2828.25, 2071.0], [2828.0, 6937.0], [2827.5, 7454.0], [2827.25, 24970.0], [2827.0, 7247.0], [2826.75, 24277.0], [2825.25, 48797.0], [2823.0, 40000.0], [2822.5, 49915.0], [2821.75, 4542.0], [2821.5, 1135.0], [2819.0, 21204.0], [2818.0, 40000.0], [2817.75, 18169.0], [2817.25, 77210.0], [2812.75, 75635.0], [2812.0, 100.0], [2811.0, 40000.0]], "asks": [[2832.25, 9436.0], [2832.5, 2126.0], [2832.75, 7582.0], [2833.0, 1000.0], [2833.25, 2985.0], [2833.5, 10000.0], [2834.0, 7309.0], [2834.25, 24485.0], [2834.5, 2176.0], [2834.75, 7291.0], [2836.5, 500.0], [2837.0, 7465.0], [2837.25, 25010.0], [2839.0, 51340.0], [2840.5, 40000.0], [2841.0, 48722.0], [2841.25, 4542.0], [2843.5, 20884.0], [2845.0, 40000.0], [2846.0, 73665.0]]}}}
{"jsonrpc": "2.0", "method": "subscription", "params": {"channel": "book.ETH-19DEC25.none.20.100ms", "data": {"timestamp": 1766003378054, "change_id": 101856291116, "instrument_name": "ETH-19DEC25", "bids": [[2831.75, 2000.0], [2831.5, 6406.0], [2831.25, 1250.0], [2828.25, 2071.0], [2828.0, 6937.0], [2827.5, 7454.0], [2827.25, 24970.0], [2827.0, 7247.0], [2826.75, 24277.0], [2825.25, 48797.0], [2823.0, 40000.0], [2822.5, 49915.0], [2821.75, 4542.0], [2821.5, 1135.0], [2819.0, 21204.0], [2818.0, 40000.0], [2817.75, 18169.0], [2817.25, 77210.0], [2812.75, 75635.0], [2811.5, 100.0]], "asks": [[2832.0, 1600.0], [2832.25, 373.0], [2832.5, 3376.0], [2832.75, 15770.0], [2833.0, 1000.0], [2833.25, 2985.0], [2833.5, 10000.0], [2834.0, 7309.0], [2834.25, 24485.0], [2834.5, 2176.0], [2834.75, 7291.0], [2836.5, 500.0], [2837.0, 7465.0], [2837.25, 25010.0], [2839.0, 51340.0], [2840.5, 40000.0], [2841.0, 48722.0], [2841.25, 4542.0], [2843.5, 20884.0], [2845.0, 40000.0]]}}}
{"jsonrpc": "2.0", "method": "subscription", "params": {"channel": "book.ETH-19DEC25.none.20.100ms", "data": {"timestamp": 1766003378344, "change_id": 101856291435, "instrument_name": "ETH-19DEC25", "bids": [[2831.75, 2000.0], [2831.5, 6406.0], [2831.25, 1250.0], [2828.25, 2071.0], [2828.0, 6937.0], [2827.5, 7454.0], [2827.25, 24970.0], [2827.0, 7247.0], [2826.75, 24277.0], [2825.25, 48797.0], [2823.25, 1135.0], [2823.0, 40000.0], [2822.5, 49915.0], [2821.75, 4542.0], [2819.0, 21204.0], [2818.0, 40000.0], [2817.75, 18169.0], [2817.25, 77210.0], [2812.75, 75635.0], [2811.75, 100.0]], "asks": [[2832.0, 1600.0], [2832.25, 373.0], [2832.5, 3376.0], [2832.75, 15770.0], [2833.0, 1000.0], [2833.25, 2985.0], [2833.5, 10000.0], [2834.0, 7309.0], [2834.25, 24485.0], [2834.5, 2176.0], [2834.75, 7291.0], [2836.5, 500.0], [2837.0, 7465.0], [2837.25, 25010.0], [2839.0, 51340.0], [2840.5, 40000.0], [2841.0, 48722.0], [2841.25, 4542.0], [2843.5, 20884.0], [2845.0, 40000.0]]}}}
{"jsonrpc": "2.0", "method": "subscription", "params": {"channel": "book.ETH-19DEC25.none.20.100ms", "data": {"timestamp": 1766003378698, "change_id": 101856292026, "instrument_name": "ETH-19DEC25", "bids": [[2831.25, 3801.0], [2831.0, 6406.0], [2830.75, 1250.0], [2828.25, 2071.0], [2828.0, 6937.0], [2827.5, 7454.0], [2827.25, 24970.0], [2827.0, 7247.0], [2826.75, 24277.0], [2825.5, 14566.0], [2825.25, 48797.0], [2823.25, 1135.0], [2823.0, 40000.0], [2822.5, 49915.0], [2821.75, 4542.0], [2819.0, 21204.0], [2818.0, 40000.0], [2817.75, 18169.0], [2817.25, 77210.0], [2812.75, 75635.0]], "asks": [[2832.0, 3401.0], [2832.25, 6406.0], [2832.5, 3376.0], [2832.75, 9737.0], [2833.0, 1000.0], [2833.25, 2985.0], [2833.5, 10000.0], [2834.0, 7309.0], [2834.25, 24485.0], [2834.5, 2176.0], [2834.75, 7291.0], [2836.5, 500.0], [2837.0, 7465.0], [2837.25, 25010.0], [2839.0, 51340.0], [2840.5, 40000.0], [2841.0, 48722.0], [2841.25, 4542.0], [2843.5, 20884.0], [2845.0, 40000.0]]}}}
{"jsonrpc": "2.0", "method": "subscription", "params": {"channel": "book.ETH-19DEC25.none.20.100ms", "data": {"timestamp": 1766003379008, "change_id": 101856292385, "instrument_name": "ETH-19DEC25", "bids": [[2831.5, 2000.0], [2831.25, 3801.0], [2831.0, 7656.0], [2828.25, 2071.0], [2828.0, 6937.0], [2827.5, 7454.0], [2827.25, 24970.0], [2827.0, 7247.0], [2826.75, 24277.0], [2825.5, 14566.0], [2825.25, 48797.0], [2823.25, 1135.0], [2823.0, 40000.0], [2822.5, 49915.0], [2821.75, 4542.0], [2819.0, 21204.0], [2818.0, 40000.0], [2817.75, 18169.0], [2817.25, 77210.0], [2812.75, 75635.0]], "asks": [[2832.0, 3801.0], [2832.25, 7656.0], [2832.5, 2126.0], [2832.75, 9737.0], [2833.0, 1000.0], [2833.25, 2985.0], [2833.5, 10000.0], [2834.0, 7309.0], [2834.25, 24485.0], [2834.5, 2176.0], [2834.75, 7291.0], [2836.5, 500.0], [2837.0, 7465.0], [2837.25, 25010.0], [2839.0, 51340.0], [2840.5, 40000.0], [2841.0, 48722.0], [2841.25, 4542.0], [2843.5, 20884.0], [2845.0, 40000.0]]}}}
{"jsonrpc": "2.0", "method": "subscription", "params": {"channel": "book.ETH-19DEC25.none.20.100ms", "data": {"timestamp": 1766003379149, "change_id": 101856292728, "instrument_name": "ETH-19DEC25", "bids": [[2831.5, 2000.0], [2831.25, 1801.0], [2831.0, 7656.0], [2828.25, 2071.0], [2828.0, 6937.0], [2827.5, 7454.0], [2827.25, 24970.0], [2827.0, 7247.0], [2826.75, 24277.0], [2825.5, 14566.0], [2825.25, 48797.0], [2823.25, 1135.0], [2823.0, 40000.0], [2822.5, 49915.0], [2821.75, 4542.0], [2819.0, 21204.0], [2818.0, 40000.0], [2817.75, 18169.0], [2817.25, 77210.0], [2812.75, 75635.0]], "asks": [[2832.0, 3801.0], [2832.25, 7656.0], [2832.5, 2126.0], [2832.75, 9737.0], [2833.0, 1000.0], [2833.25, 2985.0], [2833.5, 10000.0], [2834.0, 7309.0], [2834.25, 24485.0], [2834.5, 2176.0], [2834.75, 7291.0], [2836.5, 500.0], [2837.0, 7465.0], [2837.25, 25010.0], [2839.0, 51340.0], [2840.5, 40000.0], [2841.0, 48722.0], [2841.25, 4542.0], [2843.5, 20884.0], [2845.0, 40000.0]]}}}
{"jsonrpc": "2.0", "method": "subscription", "params": {"channel": "book.ETH-19DEC25.none.20.100ms", "data": {"timestamp": 1766003380351, "change_id": 101856294129, "instrument_name": "ETH-19DEC25", "bids": [[2831.5, 1100.0], [2831.25, 1801.0], [2831.0, 7656.0], [2828.25, 2071.0], [2828.0, 6937.0], [2827.5, 7454.0], [2827.25, 24970.0], [2827.0, 7247.0], [2826.75, 24277.0], [2825.5, 14566.0], [2825.25, 48797.0], [2823.25, 1135.0], [2823.0, 40000.0], [2822.5, 49915.0], [2821.75, 4542.0], [2819.0, 21204.0], [2818.0, 40000.0], [2817.75, 18169.0], [2817.25, 77210.0], [2812.75, 75635.0]], "asks": [[2832.0, 3986.0], [2832.25, 7283.0], [2832.5, 2126.0], [2832.75, 9737.0], [2833.0, 1000.0], [2833.25, 2985.0], [2833.5, 10000.0], [2834.0, 7309.0], [2834.25, 24485.0], [2834.5, 2176.0], [2834.75, 7291.0], [2836.5, 500.0], [2837.0, 7465.0], [2837.25, 25010.0], [2839.0, 51340.0], [2840.5, 40000.0], [2841.0, 48722.0], [2841.25, 4542.0], [2843.5, 20884.0], [2845.0, 40000.0]]}}}
{"jsonrpc": "2.0", "method": "subscription", "params": {"channel": "book.ETH-19DEC25.none.20.100ms", "data": {"timestamp": 1766003380983, "change_id": 101856294926, "instrument_name": "ETH-19DEC25", "bids": [[2831.5, 2000.0], [2831.25, 1801.0], [2831.0, 7656.0], [2828.75, 3716.0], [2828.5, 12450.0], [2828.25, 2071.0], [2828.0, 6937.0], [2827.5, 24970.0], [2827.0, 7247.0], [2826.75, 24277.0], [2825.5, 14566.0], [2825.25, 48797.0], [2823.25, 1135.0], [2823.0, 40000.0], [2822.5, 49915.0], [2821.75, 4542.0], [2819.0, 21204.0], [2818.0, 40000.0], [2817.75, 18169.0], [2817.25, 77210.0]], "asks": [[2832.0, 3986.0], [2832.25, 7283.0], [2832.5, 2126.0], [2832.75, 9737.0], [2833.0, 1000.0], [2833.25, 2985.0], [2833.5, 10000.0], [2834.0, 7309.0], [2834.25, 24485.0], [2834.5, 2176.0], [2834.75, 7291.0], [2836.5, 500.0], [2837.0, 7465.0], [2837.25, 25010.0], [2839.0, 51340.0], [2840.5, 40000.0], [2841.0, 48722.0], [2841.25, 4542.0], [2843.5, 20884.0], [2845.0, 40000.0]]}}}
{"jsonrpc": "2.0", "method": "subscription", "params": {"channel": "book.ETH-19DEC25.none.20.100ms", "data": {"timestamp": 1766003382413, "change_id": 101856296559, "instrument_name": "ETH-19DEC25", "bids": [[2831.5, 1100.0], [2831.25, 373.0], [2831.0, 3051.0], [2830.75, 6033.0], [2828.75, 3716.0], [2828.5, 12450.0], [2827.75, 7454.0], [2827.5, 24970.0], [2827.25, 6936.0], [2827.0, 7247.0], [2826.75, 24277.0], [2825.5, 14566.0], [2825.25, 48797.0], [2823.25, 1135.0], [2823.0, 40000.0], [2822.5, 49915.0], [2821.75, 4542.0], [2819.0, 21204.0], [2818.0, 40000.0], [2817.75, 18169.0]], "asks": [[2832.0, 3986.0], [2832.25, 7283.0], [2832.75, 3077.0], [2833.0, 10437.0], [2833.25, 2985.0], [2833.5, 10000.0], [2834.0, 7309.0], [2834.25, 24485.0], [2834.5, 2176.0], [2834.75, 7291.0], [2836.5, 500.0], [2837.0, 7465.0], [2837.25, 25010.0], [2839.0, 51340.0], [2840.5, 40000.0], [2841.0, 48722.0], [2841.25, 4542.0], [2843.5, 20884.0], [2845.0, 40000.0], [2846.0, 73665.0]]}}}
{"jsonrpc": "2.0", "method": "subscription", "params": {"channel": "book.ETH-19DEC25.none.20.100ms", "data": {"timestamp": 1766003382759, "change_id": 101856297506, "instrument_name": "ETH-19DEC25", "bids": [[2831.0, 2000.0], [2830.75, 4126.0], [2830.5, 7283.0], [2827.5, 2070.0], [2827.25, 6936.0], [2827.0, 7454.0], [2826.75, 24970.0], [2826.5, 7247.0], [2826.25, 24277.0], [2825.5, 14566.0], [2825.25, 48797.0], [2823.5, 339.0], [2823.25, 13075.0], [2823.0, 40000.0], [2822.5, 49915.0], [2821.75, 4542.0], [2819.0, 21204.0], [2818.0, 40000.0], [2817.75, 18169.0], [2817.25, 77210.0]], "asks": [[2831.5, 3614.0], [2831.75, 8317.0], [2832.0, 1549.0], [2832.25, 3817.0], [2832.5, 9437.0], [2833.25, 2985.0], [2833.5, 10000.0], [2834.0, 7309.0], [2834.25, 24485.0], [2834.5, 2176.0], [2834.75, 7291.0], [2836.5, 500.0], [2837.0, 7465.0], [2837.25, 25010.0], [2839.0, 51340.0], [2840.5, 40000.0], [2841.0, 48722.0], [2841.25, 4542.0], [2843.5, 20884.0], [2845.0, 40000.0]]}}}
{"jsonrpc": "2.0", "method": "subscription", "params": {"channel": "book.ETH-19DEC25.none.20.100ms", "data": {"timestamp": 1766003383092, "change_id": 101856298375, "instrument_name": "ETH-19DEC25", "bids": [[2830.5, 3051.0], [2830.25, 6033.0], [2827.25, 14390.0], [2827.0, 24970.0], [2826.5, 7247.0], [2823.25, 1135.0], [2823.0, 40000.0], [2822.5, 49915.0], [2821.75, 4542.0], [2819.0, 21204.0], [2818.0, 40000.0], [2817.75, 18169.0], [2817.25, 77210.0], [2812.75, 75635.0], [2811.0, 40100.0], [2801.0, 72676.0], [2800.75, 48927.0], [2799.0, 48930.0], [2784.0, 4.0], [2783.75, 67.0]], "asks": [[2831.25, 2000.0], [2831.5, 8406.0], [2831.75, 1250.0], [2832.25, 3817.0], [2832.5, 9437.0], [2833.25, 2985.0], [2833.5, 10000.0], [2834.0, 7309.0], [2834.25, 24485.0], [2834.5, 2176.0], [2834.75, 7291.0], [2836.25, 25010.0], [2836.5, 500.0], [2839.0, 51340.0], [2840.5, 40000.0], [2841.0, 48722.0], [2841.25, 4542.0], [2843.5, 20884.0], [2845.0, 40000.0], [2846.0, 73665.0]]}}}
{"jsonrpc": "2.0", "method": "subscription", "params": {"channel": "book.ETH-19DEC25.none.20.100ms", "data": {"timestamp": 1766003383161, "change_id": 101856298717, "instrument_name": "ETH-19DEC25", "bids": [[2830.75, 2373.0], [2830.5, 3051.0], [2830.25, 6033.0], [2827.5, 2070.0], [2827.25, 6936.0], [2826.0, 13774.0], [2825.75, 49247.0], [2824.75, 14566.0], [2824.5, 48797.0], [2823.5, 339.0], [2823.25, 13075.0], [2823.0, 40000.0], [2822.5, 49915.0], [2821.75, 4542.0], [2819.0, 21204.0], [2818.0, 40000.0], [2817.75, 18169.0], [2817.25, 77210.0], [2812.75, 75635.0], [2811.0, 40000.0]], "asks": [[2831.25, 2000.0], [2831.5, 8406.0], [2831.75, 1250.0], [2832.0, 5121.0], [2832.25, 20102.0], [2832.5, 9437.0], [2833.25, 2985.0], [2833.5, 10000.0], [2834.0, 7309.0], [2834.25, 24485.0], [2834.5, 2176.0], [2834.75, 7291.0], [2836.25, 25010.0], [2836.5, 500.0], [2837.5, 51340.0], [2840.5, 40000.0], [2841.0, 48722.0], [2841.25, 4542.0], [2843.5, 20884.0], [2845.0, 40000.0]]}}}
{"jsonrpc": "2.0", "method": "subscription", "params": {"channel": "book.ETH-19DEC25.none.20.100ms", "data": {"timestamp": 1766003383745, "change_id": 101856299755, "instrument_name": "ETH-19DEC25", "bids": [[2830.75, 2373.0], [2830.5, 3051.0], [2830.25, 6033.0], [2827.5, 2070.0], [2827.25, 6936.0], [2826.0, 13774.0], [2825.75, 49247.0], [2824.75, 14566.0], [2824.5, 48797.0], [2823.5, 339.0], [2823.25, 13075.0], [2823.0, 40000.0], [2822.5, 49915.0], [2821.75, 4542.0], [2819.0, 21204.0], [2818.0, 40000.0], [2817.75, 18169.0], [2817.25, 77210.0], [2812.75, 75635.0], [2811.0, 40000.0]], "asks": [[2831.25, 2000.0], [2831.5, 6406.0], [2831.75, 1250.0], [2832.0, 5121.0], [2832.25, 20102.0], [2832.5, 9437.0], [2833.25, 2985.0], [2833.5, 10000.0], [2834.0, 7309.0], [2834.25, 24485.0], [2834.5, 2176.0], [2834.75, 7291.0], [2836.25, 25010.0], [2836.5, 500.0], [2837.5, 51340.0], [2840.5, 40000.0], [2841.0, 48722.0], [2841.25, 4542.0], [2843.5, 20884.0], [2845.0, 40000.0]]}}}
{"jsonrpc": "2.0", "method": "subscription", "params": {"channel": "book.ETH-19DEC25.none.20.100ms", "data": {"timestamp": 1766003384078, "change_id": 101856301180, "instrument_name": "ETH-19DEC25", "bids": [[2830.0, 1250.0], [2829.25, 2000.0], [2829.0, 2000.0], [2828.75, 2000.0], [2825.5, 12450.0], [2825.0, 7230.0], [2823.75, 48797.0], [2823.25, 1135.0], [2823.0, 40000.0], [2821.25, 49915.0], [2819.25, 4542.0], [2819.0, 21204.0], [2818.0, 40000.0], [2817.75, 18169.0], [2817.25, 77210.0], [2812.75, 75635.0], [2811.0, 40000.0], [2809.0, 100.0], [2801.0, 72676.0], [2800.75, 48927.0]], "asks": [[2831.0, 8033.0], [2831.25, 2000.0], [2831.5, 2250.0], [2831.75, 9437.0], [2832.25, 16285.0], [2833.5, 16925.0], [2834.25, 24485.0], [2836.25, 25010.0], [2836.5, 500.0], [2837.5, 51340.0], [2840.5, 40000.0], [2841.0, 48722.0], [2841.25, 4542.0], [2843.5, 20884.0], [2845.0, 40000.0], [2846.0, 73665.0], [2850.0, 75360.0], [2851.0, 100.0], [2852.0, 41135.0], [2853.5, 49687.0]]}}}
{"jsonrpc": "2.0", "method": "subscription", "params": {"channel": "book.ETH-19DEC25.none.20.100ms", "data": {"timestamp": 1766003384408, "change_id": 101856302232, "instrument_name": "ETH-19DEC25", "bids": [[2829.75, 9283.0], [2829.25, 2000.0], [2829.0, 2000.0], [2828.75, 2000.0], [2828.5, 5849.0], [2825.25, 12450.0], [2825.0, 7230.0], [2824.0, 24970.0], [2823.25, 1135.0], [2823.0, 64277.0], [2822.5, 48797.0], [2821.25, 49915.0], [2819.25, 4542.0], [2819.0, 21204.0], [2818.0, 40000.0], [2817.75, 18169.0], [2817.25, 77210.0], [2812.75, 75635.0], [2811.0, 40000.0], [2809.75, 100.0]], "asks": [[2831.0, 6033.0], [2831.25, 1250.0], [2831.5, 10436.0], [2833.5, 16925.0], [2834.25, 24485.0], [2836.5, 500.0], [2837.0, 25010.0], [2837.5, 51340.0], [2838.75, 40000.0], [2841.0, 48722.0], [2841.25, 4542.0], [2843.5, 20884.0], [2845.0, 40000.0], [2846.0, 73665.0], [2850.0, 75360.0], [2851.0, 100.0], [2852.0, 41135.0], [2853.5, 49687.0], [2856.75, 18169.0], [2863.25, 170.0]]}}}
{"jsonrpc": "2.0", "method": "subscription", "params": {"channel": "book.ETH-19DEC25.none.20.100ms", "data": {"timestamp": 1766003384705, "change_id": 101856302900, "instrument_name": "ETH-19DEC25", "bids": [[2830.0, 2771.0], [2829.75, 7283.0], [2829.5, 597.0], [2829.25, 2597.0], [2829.0, 2597.0], [2828.75, 2000.0], [2827.5, 2063.0], [2827.25, 6911.0], [2825.75, 3716.0], [2825.5, 12450.0], [2824.5, 7454.0], [2824.25, 24970.0], [2823.5, 339.0], [2823.25, 20322.0], [2823.0, 64277.0], [2822.5, 48797.0], [2821.25, 49915.0], [2819.25, 4542.0], [2819.0, 21204.0], [2818.0, 40000.0]], "asks": [[2830.75, 3801.0], [2831.0, 7283.0], [2831.25, 3115.0], [2831.5, 10436.0], [2833.25, 5052.0], [2833.5, 16925.0], [2834.0, 7309.0], [2834.25, 24485.0], [2836.5, 500.0], [2837.0, 25010.0], [2837.5, 51340.0], [2838.75, 40000.0], [2841.0, 48722.0], [2841.25, 4542.0], [2843.5, 20884.0], [2845.0, 40000.0], [2846.0, 73665.0], [2850.0, 75360.0], [2851.0, 100.0], [2852.0, 41135.0]]}}}
{"jsonrpc": "2.0", "method": "subscription", "params": {"channel": "book.ETH-19DEC25.none.20.100ms", "data": {"timestamp": 1766003384968, "change_id": 101856303209, "instrument_name": "ETH-19DEC25", "bids": [[2829.75, 5051.0], [2829.5, 6630.0], [2826.25, 5358.0], [2826.0, 19542.0], [2825.0, 7454.0], [2824.75, 24970.0], [2823.5, 339.0], [2823.25, 20322.0], [2823.0, 64277.0], [2822.5, 48797.0], [2821.25, 49915.0], [2819.25, 4542.0], [2819.0, 21204.0], [2818.0, 40000.0], [2817.75, 18169.0], [2817.25, 77210.0], [2812.75, 75635.0], [2811.0, 40000.0], [2809.75, 100.0], [2801.0, 72676.0]], "asks": [[2830.75, 8406.0], [2831.0, 1250.0], [2831.25, 3115.0], [2831.5, 10436.0], [2833.25, 5052.0], [2833.5, 16925.0], [2834.0, 7309.0], [2834.25, 24485.0], [2836.5, 500.0], [2837.0, 25010.0], [2837.5, 51340.0], [2838.75, 40000.0], [2841.0, 48722.0], [2841.25, 4542.0], [2843.5, 20884.0], [2845.0, 40000.0], [2846.0, 73665.0], [2850.0, 75360.0], [2850.75, 100.0], [2852.0, 41135.0]]}}}
{"jsonrpc": "2.0", "method": "subscription", "params": {"channel": "book.ETH-19DEC25.none.20.100ms", "data": {"timestamp": 1766003385401, "change_id": 101856304113, "instrument_name": "ETH-19DEC25", "bids": [[2830.25, 2597.0], [2830.0, 2970.0], [2829.75, 3250.0], [2829.5, 3023.0], [2829.25, 10127.0], [2826.25, 5358.0], [2826.0, 19542.0], [2825.0, 7454.0], [2824.75, 24970.0], [2823.25, 19187.0], [2823.0, 64277.0], [2822.5, 48797.0], [2821.25, 49915.0], [2819.0, 21204.0], [2818.0, 40000.0], [2817.25, 77210.0], [2812.75, 75635.0], [2811.0, 40000.0], [2810.25, 100.0], [2800.75, 48927.0]], "asks": [[2830.75, 2000.0], [2831.25, 7576.0], [2831.5, 38093.0], [2833.25, 2985.0], [2833.5, 10000.0], [2834.0, 7309.0], [2834.25, 24485.0], [2836.5, 500.0], [2836.75, 7465.0], [2837.0, 25010.0], [2837.5, 51340.0], [2838.75, 40000.0], [2841.0, 48722.0], [2841.25, 4542.0], [2843.5, 20884.0], [2845.0, 40000.0], [2846.0, 73665.0], [2850.0, 75360.0], [2850.75, 100.0], [2852.0, 41135.0]]}}}
{"jsonrpc": "2.0", "method": "subscription", "params": {"channel": "book.ETH-19DEC25.none.20.100ms", "data": {"timestamp": 1766003385731, "change_id": 101856304819, "instrument_name": "ETH-19DEC25", "bids": [[2830.25, 2894.0], [2830.0, 3847.0], [2829.75, 2000.0], [2829.5, 3023.0], [2829.25, 10127.0], [2826.25, 5358.0], [2826.0, 19542.0], [2825.0, 7454.0], [2824.75, 24970.0], [2823.25, 19187.0], [2823.0, 64277.0], [2822.5, 48797.0], [2821.25, 49915.0], [2819.0, 21204.0], [2818.0, 40000.0], [2817.25, 77210.0], [2812.75, 75635.0], [2811.0, 40000.0], [2810.25, 100.0], [2800.75, 48927.0]], "asks": [[2831.25, 7576.0], [2831.5, 38093.0], [2833.25, 4699.0], [2833.5, 17019.0], [2834.0, 7309.0], [2834.25, 24485.0], [2836.5, 500.0], [2836.75, 7465.0], [2837.0, 25010.0], [2837.5, 51340.0], [2838.75, 40000.0], [2841.0, 48722.0], [2841.25, 4542.0], [2843.5, 20884.0], [2845.0, 40000.0], [2846.0, 73665.0], [2850.0, 75360.0], [2851.25, 100.0], [2852.0, 41135.0], [2853.5, 49687.0]]}}}
{"jsonrpc": "2.0", "method": "subscription", "params": {"channel": "book.ETH-19DEC25.none.20.100ms", "data": {"timestamp": 1766003385973, "change_id": 101856305033, "instrument_name": "ETH-19DEC25", "bids": [[2830.25, 2894.0], [2830.0, 3847.0], [2829.75, 2000.0], [2829.5, 3023.0], [2829.25, 10127.0], [2826.25, 5358.0], [2826.0, 19542.0], [2825.0, 7454.0], [2824.75, 24970.0], [2823.25, 19187.0], [2823.0, 64277.0], [2822.5, 48797.0], [2821.25, 49915.0], [2819.0, 21204.0], [2818.0, 40000.0], [2817.25, 77210.0], [2812.75, 75635.0], [2811.0, 40000.0], [2810.25, 100.0], [2800.75, 48927.0]], "asks": [[2831.0, 2000.0], [2831.25, 7576.0], [2831.5, 21813.0], [2833.25, 4699.0], [2833.5, 17019.0], [2834.0, 7309.0], [2834.25, 24485.0], [2836.5, 500.0], [2836.75, 7465.0], [2837.0, 25010.0], [2837.5, 51340.0], [2838.75, 40000.0], [2841.0, 48722.0], [2841.25, 4542.0], [2843.5, 20884.0], [2845.0, 40000.0], [2846.0, 73665.0], [2850.0, 75360.0], [2851.0, 100.0], [2852.0, 41135.0]]}}}
{"jsonrpc": "2.0", "method": "subscription", "params": {"channel": "book.ETH-19DEC25.none.20.100ms", "data": {"timestamp": 1766003386277, "change_id": 101856305537, "instrument_name": "ETH-19DEC25", "bids": [[2830.25, 2894.0], [2830.0, 3847.0], [2829.75, 2000.0], [2829.5, 3023.0], [2829.25, 10127.0], [2826.25, 5358.0], [2826.0, 19542.0], [2825.0, 7454.0], [2824.75, 24970.0], [2823.25, 19187.0], [2823.0, 64277.0], [2822.5, 48797.0], [2821.25, 49915.0], [2819.0, 21204.0], [2818.0, 40000.0], [2817.25, 77210.0], [2812.75, 75635.0], [2811.0, 40000.0], [2810.25, 100.0], [2800.75, 48927.0]], "asks": [[2831.0, 2000.0], [2831.25, 3115.0], [2831.5, 17237.0], [2831.75, 16281.0], [2832.25, 2817.0], [2832.5, 9436.0], [2833.25, 4699.0], [2833.5, 17019.0], [2834.0, 7309.0], [2834.25, 24485.0], [2836.5, 500.0], [2836.75, 7465.0], [2837.0, 25010.0], [2837.5, 51340.0], [2838.75, 40000.0], [2841.0, 48722.0], [2841.25, 4542.0], [2843.5, 20884.0], [2845.0, 40000.0], [2846.0, 73665.0]]}}}
{"jsonrpc": "2.0", "method": "subscription", "params": {"channel": "book.ETH-19DEC25.none.20.100ms", "data": {"timestamp": 1766003387049, "change_id": 101856306505, "instrument_name": "ETH-19DEC25", "bids": [[2830.25, 2000.0], [2830.0, 1847.0], [2829.75, 2537.0], [2829.5, 4823.0], [2829.25, 10127.0], [2826.25, 5358.0], [2826.0, 19542.0], [2825.0, 7454.0], [2824.75, 24970.0], [2823.25, 19187.0], [2823.0, 64277.0], [2822.5, 48797.0], [2821.25, 49915.0], [2819.0, 21204.0], [2818.0, 40000.0], [2817.25, 77210.0], [2812.75, 75635.0], [2811.0, 40000.0], [2810.25, 100.0], [2800.75, 48927.0]], "asks": [[2831.0, 2893.0], [2831.25, 6265.0], [2831.5, 11127.0], [2832.25, 2817.0], [2832.5, 9436.0], [2833.25, 4699.0], [2833.5, 17019.0], [2834.0, 7309.0], [2834.25, 24485.0], [2836.5, 500.0], [2836.75, 7465.0], [2837.0, 25010.0], [2837.5, 51340.0], [2838.75, 40000.0], [2841.0, 48722.0], [2841.25, 4542.0], [2843.5, 20884.0], [2845.0, 40000.0], [2846.0, 73665.0], [2850.0, 75360.0]]}}}
{"jsonrpc": "2.0", "method": "subscription", "params": {"channel": "book.ETH-19DEC25.none.20.100ms", "data": {"timestamp": 1766003387361, "change_id": 101856306866, "instrument_name": "ETH-19DEC25", "bids": [[2830.25, 2373.0], [2830.0, 1847.0], [2829.75, 5136.0], [2829.5, 10735.0], [2826.25, 5358.0], [2826.0, 19542.0], [2825.0, 7454.0], [2824.75, 24970.0], [2823.25, 19187.0], [2823.0, 64277.0], [2822.5, 48797.0], [2821.25, 49915.0], [2819.0, 21204.0], [2818.0, 40000.0], [2817.25, 77210.0], [2812.75, 75635.0], [2811.0, 40000.0], [2810.25, 100.0], [2801.0, 72676.0], [2800.75, 48927.0]], "asks": [[2831.0, 4885.0], [2831.25, 10484.0], [2831.5, 1000.0], [2832.25, 2817.0], [2832.5, 9436.0], [2833.25, 4699.0], [2833.5, 17019.0], [2834.0, 7309.0], [2834.25, 24485.0], [2836.5, 500.0], [2836.75, 7465.0], [2837.0, 25010.0], [2837.5, 51340.0], [2838.75, 40000.0], [2841.0, 48722.0], [2841.25, 4542.0], [2843.5, 20884.0], [2845.0, 40000.0], [2846.0, 73665.0], [2850.0, 75360.0]]}}}
{"jsonrpc": "2.0", "method": "subscription", "params": {"channel": "book.ETH-19DEC25.none.20.100ms", "data": {"timestamp": 1766003387634, "change_id": 101856307259, "instrument_name": "ETH-19DEC25", "bids": [[2830.25, 2373.0], [2830.0, 1847.0], [2829.75, 5136.0], [2829.5, 10735.0], [2826.25, 5358.0], [2826.0, 19542.0], [2825.0, 7454.0], [2824.75, 24970.0], [2823.25, 19187.0], [2823.0, 64277.0], [2822.5, 48797.0], [2821.25, 49915.0], [2819.0, 21204.0], [2818.0, 40000.0], [2817.5, 18169.0], [2817.25, 77210.0], [2812.75, 75635.0], [2811.0, 40000.0], [2810.25, 100.0], [2801.0, 72676.0]], "asks": [[2831.0, 4885.0], [2831.25, 10484.0], [2831.5, 1000.0], [2832.25, 2817.0], [2832.5, 9436.0], [2833.25, 4699.0], [2833.5, 17019.0], [2834.0, 7309.0], [2834.25, 24485.0], [2836.5, 500.0], [2836.75, 7465.0], [2837.0, 25010.0], [2837.5, 51340.0], [2838.75, 40000.0], [2841.0, 48722.0], [2841.25, 4542.0], [2843.5, 20884.0], [2845.0, 40000.0], [2846.0, 73665.0], [2850.0, 75360.0]]}}}
{"jsonrpc": "2.0", "method": "subscription", "params": {"channel": "book.ETH-19DEC25.none.20.100ms", "data": {"timestamp": 1766003387906, "change_id": 101856307471, "instrument_name": "ETH-19DEC25", "bids": [[2830.25, 2373.0], [2830.0, 1847.0], [2829.75, 5136.0], [2829.5, 8935.0], [2826.75, 3716.0], [2826.5, 12450.0], [2826.25, 1642.0], [2826.0, 7092.0], [2825.25, 24970.0], [2823.25, 19187.0], [2823.0, 64277.0], [2822.5, 48797.0], [2821.25, 49915.0], [2819.25, 4542.0], [2819.0, 21204.0], [2818.0, 40000.0], [2817.5, 18169.0], [2817.25, 77210.0], [2812.75, 75635.0], [2811.0, 40000.0]], "asks": [[2831.0, 4885.0], [2831.25, 10484.0], [2831.5, 1000.0], [2831.75, 299.0], [2832.0, 1000.0], [2832.25, 2817.0], [2832.5, 9436.0], [2833.25, 4699.0], [2833.5, 17019.0], [2834.0, 7309.0], [2834.25, 24485.0], [2836.5, 500.0], [2836.75, 7465.0], [2837.0, 25010.0], [2837.5, 51340.0], [2838.75, 40000.0], [2841.0, 48722.0], [2841.25, 4542.0], [2843.5, 20884.0], [2845.0, 40000.0]]}}}
{"jsonrpc": "2.0", "method": "subscription", "params": {"channel": "book.ETH-19DEC25.none.20.100ms", "data": {"timestamp": 1766003388363, "change_id": 101856308104, "instrument_name": "ETH-19DEC25", "bids": [[2830.25, 2000.0], [2830.0, 597.0], [2829.75, 5136.0], [2829.5, 10185.0], [2826.75, 3716.0], [2826.5, 12450.0], [2826.25, 1642.0], [2826.0, 7092.0], [2825.25, 24970.0], [2823.25, 19187.0], [2823.0, 64277.0], [2822.5, 48797.0], [2821.25, 49915.0], [2819.25, 4542.0], [2819.0, 21204.0], [2818.0, 40000.0], [2817.5, 18169.0], [2817.25, 77210.0], [2812.75, 75635.0], [2811.0, 40000.0]], "asks": [[2830.75, 2894.0], [2831.0, 6135.0], [2831.25, 12011.0], [2831.5, 10433.0], [2833.25, 4699.0], [2833.5, 17019.0], [2834.0, 7309.0], [2834.25, 24485.0], [2836.5, 500.0], [2836.75, 7465.0], [2837.0, 25010.0], [2837.5, 51340.0], [2838.75, 40000.0], [2841.0, 48722.0], [2841.25, 4542.0], [2843.5, 20884.0], [2845.0, 40000.0], [2846.0, 73665.0], [2850.0, 75360.0], [2851.0, 100.0]]}}}
{"jsonrpc": "2.0", "method": "subscription", "params": {"channel": "book.ETH-19DEC25.none.20.100ms", "data": {"timestamp": 1766003388694, "change_id": 101856308500, "instrument_name": "ETH-19DEC25", "bids": [[2830.25, 2000.0], [2830.0, 597.0], [2829.75, 5136.0], [2829.5, 10185.0], [2826.75, 3716.0], [2826.5, 12450.0], [2826.25, 1642.0], [2826.0, 7092.0], [2825.25, 24970.0], [2823.25, 19187.0], [2823.0, 64277.0], [2822.5, 48797.0], [2821.25, 49915.0], [2819.25, 5677.0], [2819.0, 21204.0], [2818.0, 40000.0], [2817.5, 18169.0], [2817.25, 77210.0], [2812.75, 75635.0], [2811.0, 40000.0]], "asks": [[2831.0, 2885.0], [2831.25, 12011.0], [2831.5, 10433.0], [2833.25, 4699.0], [2833.5, 17019.0], [2834.0, 7309.0], [2834.25, 24485.0], [2836.5, 500.0], [2836.75, 7465.0], [2837.0, 25010.0], [2837.5, 51340.0], [2838.75, 40000.0], [2841.0, 48722.0], [2841.25, 4542.0], [2843.5, 20884.0], [2845.0, 40000.0], [2846.0, 73665.0], [2850.0, 75360.0], [2850.75, 100.0], [2852.0, 41135.0]]}}}
{"jsonrpc": "2.0", "method": "subscription", "params": {"channel": "book.ETH-19DEC25.none.20.100ms", "data": {"timestamp": 1766003388987, "change_id": 101856308939, "instrument_name": "ETH-19DEC25", "bids": [[2830.25, 2000.0], [2830.0, 894.0], [2829.75, 6386.0], [2829.5, 8935.0], [2826.75, 3716.0], [2826.5, 12450.0], [2826.25, 1642.0], [2826.0, 7092.0], [2825.5, 7454.0], [2825.25, 24970.0], [2823.25, 19187.0], [2823.0, 64277.0], [2822.5, 48797.0], [2821.25, 49915.0], [2819.25, 5677.0], [2819.0, 21204.0], [2818.0, 40000.0], [2817.5, 18169.0], [2817.25, 77210.0], [2812.75, 75635.0]], "asks": [[2830.75, 2894.0], [2831.0, 6135.0], [2831.25, 12011.0], [2831.5, 10433.0], [2833.25, 4699.0], [2833.5, 17019.0], [2834.0, 7309.0], [2834.25, 24485.0], [2836.5, 500.0], [2836.75, 7465.0], [2837.0, 25010.0], [2837.5, 51340.0], [2838.75, 40000.0], [2841.0, 48722.0], [2841.25, 4542.0], [2843.5, 20884.0], [2845.0, 40000.0], [2846.0, 73665.0], [2850.0, 75360.0], [2850.75, 100.0]]}}}
{"jsonrpc": "2.0", "method": "subscription", "params": {"channel": "book.ETH-19DEC25.none.20.100ms", "data": {"timestamp": 1766003389602, "change_id": 101856309715, "instrument_name": "ETH-19DEC25", "bids": [[2830.0, 2597.0], [2829.75, 5136.0], [2829.5, 10185.0], [2826.75, 3716.0], [2826.5, 12450.0], [2826.25, 1642.0], [2826.0, 7092.0], [2825.5, 7454.0], [2825.25, 24970.0], [2823.25, 19187.0], [2823.0, 64277.0], [2822.5, 48797.0], [2821.25, 49915.0], [2819.25, 5677.0], [2819.0, 21204.0], [2818.0, 40000.0], [2817.5, 18169.0], [2817.25, 77210.0], [2812.75, 75635.0], [2811.0, 40000.0]], "asks": [[2830.5, 2000.0], [2830.75, 2297.0], [2831.0, 4135.0], [2831.25, 12011.0], [2831.5, 10433.0], [2833.25, 4699.0], [2833.5, 17019.0], [2834.0, 7309.0], [2834.25, 24485.0], [2836.5, 500.0], [2836.75, 7465.0], [2837.0, 25010.0], [2837.5, 51340.0], [2838.75, 40000.0], [2841.0, 48722.0], [2841.25, 4542.0], [2843.5, 20884.0], [2845.0, 40000.0], [2846.0, 73665.0], [2850.0, 75360.0]]}}}
{"jsonrpc": "2.0", "method": "subscription", "params": {"channel": "book.ETH-19DEC25.none.20.100ms", "data": {"timestamp": 1766003390016, "change_id": 101856310290, "instrument_name": "ETH-19DEC25", "bids": [[2830.25, 2597.0], [2830.0, 2894.0], [2829.75, 6386.0], [2829.5, 8935.0], [2826.75, 3716.0], [2826.5, 12450.0], [2826.25, 1642.0], [2826.0, 7092.0], [2825.5, 7454.0], [2825.25, 24970.0], [2823.25, 19187.0], [2823.0, 64277.0], [2822.5, 48797.0], [2821.25, 49915.0], [2819.25, 5677.0], [2819.0, 21204.0], [2818.0, 40000.0], [2817.5, 18169.0], [2817.25, 77210.0], [2812.75, 75635.0]], "asks": [[2830.75, 2000.0], [2831.0, 2885.0], [2831.25, 12011.0], [2831.5, 11683.0], [2833.25, 4699.0], [2833.5, 17019.0], [2834.0, 7309.0], [2834.25, 24485.0], [2836.5, 500.0], [2836.75, 7465.0], [2837.0, 25010.0], [2837.5, 51340.0], [2838.75, 40000.0], [2841.0, 48722.0], [2841.25, 4542.0], [2843.5, 20884.0], [2845.0, 40000.0], [2846.0, 73665.0], [2850.0, 75360.0], [2850.75, 100.0]]}}}
{"jsonrpc": "2.0", "method": "subscription", "params": {"channel": "book.ETH-19DEC25.none.20.100ms", "data": {"timestamp": 1766003390196, "change_id": 101856310571, "instrument_name": "ETH-19DEC25", "bids": [[2830.25, 2000.0], [2830.0, 2894.0], [2829.75, 6386.0], [2829.5, 8935.0], [2826.75, 3716.0], [2826.5, 12450.0], [2826.25, 1642.0], [2826.0, 7092.0], [2825.5, 7454.0], [2825.25, 24970.0], [2823.25, 19187.0], [2823.0, 64277.0], [2822.5, 48797.0], [2821.25, 49915.0], [2819.25, 5677.0], [2819.0, 21204.0], [2818.0, 40000.0], [2817.5, 18169.0], [2817.25, 77210.0], [2812.75, 75635.0]], "asks": [[2831.0, 2885.0], [2831.25, 13261.0], [2831.5, 10433.0], [2833.25, 4699.0], [2833.5, 17019.0], [2834.0, 7309.0], [2834.25, 24485.0], [2836.5, 500.0], [2836.75, 7465.0], [2837.0, 25010.0], [2837.5, 51340.0], [2838.75, 40000.0], [2841.0, 48722.0], [2841.25, 4542.0], [2843.5, 20884.0], [2845.0, 40000.0], [2846.0, 73665.0], [2850.0, 75360.0], [2851.0, 100.0], [2852.0, 41135.0]]}}}
{"jsonrpc": "2.0", "method": "subscription", "params": {"channel": "book.ETH-19DEC25.none.20.100ms", "data": {"timestamp": 1766003390677, "change_id": 101856311293, "instrument_name": "ETH-19DEC25", "bids": [[2829.75, 597.0], [2829.5, 2597.0], [2829.25, 4993.0], [2829.0, 10185.0], [2827.0, 3716.0], [2826.75, 12450.0], [2826.5, 5970.0], [2826.25, 21642.0], [2826.0, 7092.0], [2823.75, 24970.0], [2821.25, 40000.0], [2820.75, 49915.0], [2819.25, 5677.0], [2819.0, 21204.0], [2818.0, 40000.0], [2817.5, 18169.0], [2817.25, 77210.0], [2812.75, 75635.0], [2811.0, 40000.0], [2809.75, 100.0]], "asks": [[2830.5, 3525.0], [2830.75, 11308.0], [2831.0, 1250.0], [2831.25, 3076.0], [2831.5, 10433.0], [2832.75, 7309.0], [2833.0, 24485.0], [2833.25, 4699.0], [2833.5, 17019.0], [2835.5, 7465.0], [2835.75, 25010.0], [2836.5, 500.0], [2837.5, 51340.0], [2838.75, 40000.0], [2841.0, 48722.0], [2841.25, 4542.0], [2843.5, 20884.0], [2845.0, 40000.0], [2846.0, 73665.0], [2850.0, 75360.0]]}}}
{"jsonrpc": "2.0", "method": "subscription", "params": {"channel": "book.ETH-19DEC25.none.20.100ms", "data": {"timestamp": 1766003390871, "change_id": 101856311535, "instrument_name": "ETH-19DEC25", "bids": [[2829.75, 2597.0], [2829.5, 2894.0], [2829.25, 6243.0], [2829.0, 8935.0], [2827.0, 3716.0], [2826.75, 12450.0], [2826.5, 5970.0], [2826.25, 21642.0], [2826.0, 7092.0], [2823.75, 24970.0], [2821.25, 40000.0], [2820.75, 49915.0], [2819.25, 5677.0], [2819.0, 21204.0], [2818.0, 40000.0], [2817.5, 18169.0], [2817.25, 77210.0], [2812.75, 75635.0], [2811.0, 40000.0], [2809.75, 100.0]], "asks": [[2830.5, 3525.0], [2830.75, 10558.0], [2831.25, 7580.0], [2831.5, 26712.0], [2832.75, 7309.0], [2833.0, 24485.0], [2833.25, 4699.0], [2833.5, 17019.0], [2835.5, 7465.0], [2835.75, 25010.0], [2836.5, 500.0], [2837.5, 51340.0], [2838.75, 40000.0], [2841.0, 48722.0], [2841.25, 4542.0], [2843.5, 20884.0], [2845.0, 40000.0], [2846.0, 73665.0], [2850.0, 75360.0], [2850.5, 100.0]]}}}
{"jsonrpc": "2.0", "method": "subscription", "params": {"channel": "book.ETH-19DEC25.none.20.100ms", "data": {"timestamp": 1766003391041, "change_id": 101856311852, "instrument_name": "ETH-19DEC25", "bids": [[2829.75, 2597.0], [2829.5, 2894.0], [2829.25, 6243.0], [2829.0, 8935.0], [2827.0, 3716.0], [2826.75, 12450.0], [2826.25, 1642.0], [2826.0, 7092.0], [2823.75, 24970.0], [2821.25, 40000.0], [2820.75, 49915.0], [2819.25, 5677.0], [2819.0, 21204.0], [2818.0, 40000.0], [2817.5, 18169.0], [2817.25, 77210.0], [2812.75, 75635.0], [2811.0, 40000.0], [2809.75, 100.0], [2801.0, 72676.0]], "asks": [[2830.5, 3525.0], [2830.75, 10558.0], [2831.25, 7580.0], [2831.5, 26712.0], [2832.75, 7309.0], [2833.0, 24485.0], [2833.25, 4699.0], [2833.5, 17019.0], [2835.5, 7465.0], [2835.75, 25010.0], [2836.5, 500.0], [2837.5, 51340.0], [2838.75, 40000.0], [2841.0, 48722.0], [2841.25, 4542.0], [2843.5, 20884.0], [2845.0, 40000.0], [2846.0, 73665.0], [2850.0, 75360.0], [2850.5, 100.0]]}}}
{"jsonrpc": "2.0", "method": "subscription", "params": {"channel": "book.ETH-19DEC25.none.20.100ms", "data": {"timestamp": 1766003391985, "change_id": 101856313536, "instrument_name": "ETH-19DEC25", "bids": [[2829.75, 2000.0], [2829.5, 2894.0], [2829.25, 6243.0], [2829.0, 8935.0], [2827.0, 3716.0], [2826.75, 12450.0], [2826.25, 1642.0], [2826.0, 7092.0], [2823.75, 24970.0], [2821.25, 40000.0], [2820.75, 49915.0], [2819.25, 5677.0], [2819.0, 21204.0], [2818.0, 40000.0], [2817.5, 18169.0], [2817.25, 77210.0], [2812.75, 75635.0], [2811.0, 40000.0], [2809.75, 100.0], [2801.0, 72676.0]], "asks": [[2830.5, 4732.0], [2830.75, 10558.0], [2831.25, 7580.0], [2831.5, 26712.0], [2832.75, 7309.0], [2833.0, 24485.0], [2833.25, 4699.0], [2833.5, 17019.0], [2835.5, 7465.0], [2835.75, 25010.0], [2836.5, 500.0], [2837.5, 51340.0], [2838.75, 40000.0], [2841.0, 48722.0], [2841.25, 4542.0], [2843.5, 20884.0], [2845.0, 40000.0], [2846.0, 73665.0], [2850.0, 75360.0], [2850.5, 100.0]]}}}
{"jsonrpc": "2.0", "method": "subscription", "params": {"channel": "book.ETH-19DEC25.none.20.100ms", "data": {"timestamp": 1766003392300, "change_id": 101856314275, "instrument_name": "ETH-19DEC25", "bids": [[2829.75, 2597.0], [2829.5, 2894.0], [2829.25, 6243.0], [2829.0, 8935.0], [2827.0, 3716.0], [2826.75, 12450.0], [2826.25, 1642.0], [2826.0, 7092.0], [2823.75, 24970.0], [2821.25, 40000.0], [2820.75, 49915.0], [2819.25, 5677.0], [2819.0, 21204.0], [2818.0, 40000.0], [2817.5, 18169.0], [2817.25, 77210.0], [2812.75, 75635.0], [2811.0, 40000.0], [2809.75, 100.0], [2801.0, 72676.0]], "asks": [[2830.5, 4732.0], [2830.75, 10558.0], [2831.25, 3076.0], [2831.5, 10433.0], [2832.75, 7309.0], [2833.0, 24485.0], [2833.25, 4699.0], [2833.5, 17019.0], [2835.5, 7465.0], [2835.75, 25010.0], [2836.5, 500.0], [2837.5, 51340.0], [2838.75, 40000.0], [2841.0, 48722.0], [2841.25, 4542.0], [2843.5, 20884.0], [2845.0, 40000.0], [2846.0, 73665.0], [2850.0, 75360.0], [2850.5, 100.0]]}}}
{"jsonrpc": "2.0", "method": "subscription", "params": {"channel": "book.ETH-19DEC25.none.20.100ms", "data": {"timestamp": 1766003392437, "change_id": 101856314359, "instrument_name": "ETH-19DEC25", "bids": [[2829.75, 2597.0], [2829.5, 2894.0], [2829.25, 6243.0], [2829.0, 8935.0], [2827.0, 3716.0], [2826.75, 12450.0], [2826.25, 1642.0], [2826.0, 7092.0], [2823.75, 24970.0], [2821.25, 40000.0], [2820.75, 49915.0], [2819.25, 5677.0], [2819.0, 21204.0], [2818.0, 40000.0], [2817.5, 18169.0], [2817.25, 77210.0], [2812.75, 75635.0], [2811.0, 40000.0], [2809.75, 100.0], [2801.0, 72676.0]], "asks": [[2830.5, 4732.0], [2830.75, 10558.0], [2831.25, 299.0], [2831.5, 1000.0], [2832.0, 2816.0], [2832.25, 9433.0], [2832.75, 7309.0], [2833.0, 24485.0], [2833.25, 4699.0], [2833.5, 17019.0], [2835.5, 7465.0], [2835.75, 25010.0], [2836.5, 500.0], [2837.5, 51340.0], [2838.75, 40000.0], [2841.0, 48722.0], [2841.25, 4542.0], [2843.5, 20884.0], [2845.0, 40000.0], [2846.0, 73665.0]]}}}
{"jsonrpc": "2.0", "method": "subscription", "params": {"channel": "book.ETH-19DEC25.none.20.100ms", "data": {"timestamp": 1766003393895, "change_id": 101856316232, "instrument_name": "ETH-19DEC25", "bids": [[2829.75, 2000.0], [2829.5, 2894.0], [2829.25, 3623.0], [2829.0, 2667.0], [2828.75, 8935.0], [2827.75, 2000.0], [2827.5, 3716.0], [2827.25, 12450.0], [2826.25, 1642.0], [2826.0, 7092.0], [2824.25, 24277.0], [2824.0, 24970.0], [2822.75, 48797.0], [2821.25, 40000.0], [2820.75, 49915.0], [2819.25, 5677.0], [2819.0, 21204.0], [2818.0, 40000.0], [2817.5, 18169.0], [2817.25, 77210.0]], "asks": [[2830.25, 2941.0], [2830.5, 5982.0], [2830.75, 9308.0], [2831.0, 1000.0], [2831.5, 2816.0], [2831.75, 9433.0], [2832.5, 24485.0], [2833.25, 4699.0], [2833.5, 17019.0], [2835.5, 7465.0], [2835.75, 25010.0], [2836.5, 500.0], [2837.5, 51340.0], [2838.75, 40000.0], [2841.0, 48722.0], [2841.25, 4542.0], [2843.5, 20884.0], [2845.0, 40000.0], [2846.0, 73665.0], [2850.0, 75360.0]]}}}
{"jsonrpc": "2.0", "method": "subscription", "params": {"channel": "book.ETH-19DEC25.none.20.100ms", "data": {"timestamp": 1766003394272, "change_id": 101856316827, "instrument_name": "ETH-19DEC25", "bids": [[2829.75, 2000.0], [2829.5, 2894.0], [2829.25, 3623.0], [2829.0, 2667.0], [2828.75, 8935.0], [2827.75, 2000.0], [2827.5, 3716.0], [2827.25, 12450.0], [2826.25, 1642.0], [2826.0, 7092.0], [2824.25, 24277.0], [2824.0, 24970.0], [2822.75, 48797.0], [2821.25, 40000.0], [2820.75, 49915.0], [2819.25, 5677.0], [2819.0, 21204.0], [2818.0, 40000.0], [2817.5, 18169.0], [2817.25, 77210.0]], "asks": [[2830.25, 2000.0], [2830.5, 4082.0], [2830.75, 9308.0], [2831.0, 1000.0], [2831.5, 2816.0], [2831.75, 9433.0], [2832.5, 24485.0], [2833.25, 4699.0], [2833.5, 17019.0], [2835.5, 7465.0], [2835.75, 25010.0], [2836.5, 500.0], [2837.5, 51340.0], [2838.75, 40000.0], [2841.0, 48722.0], [2841.25, 4542.0], [2843.5, 20884.0], [2845.0, 40000.0], [2846.0, 73665.0], [2850.0, 75360.0]]}}}
{"jsonrpc": "2.0", "method": "subscription", "params": {"channel": "book.ETH-19DEC25.none.20.100ms", "data": {"timestamp": 1766003394481, "change_id": 101856316893, "instrument_name": "ETH-19DEC25", "bids": [[2829.75, 2000.0], [2829.5, 2894.0], [2829.25, 3623.0], [2829.0, 2667.0], [2828.75, 8935.0], [2827.75, 2000.0], [2827.5, 3716.0], [2827.25, 12450.0], [2826.25, 1642.0], [2826.0, 7092.0], [2824.25, 24277.0], [2824.0, 24970.0], [2822.75, 48797.0], [2821.25, 40000.0], [2820.75, 49915.0], [2819.25, 5677.0], [2819.0, 21204.0], [2818.0, 40000.0], [2817.5, 18169.0], [2817.25, 77210.0]], "asks": [[2830.25, 2373.0], [2830.5, 4082.0], [2830.75, 9308.0], [2831.0, 1000.0], [2832.5, 24485.0], [2833.25, 4699.0], [2833.5, 17019.0], [2835.5, 7465.0], [2835.75, 25010.0], [2836.5, 500.0], [2837.5, 51340.0], [2838.75, 40000.0], [2841.0, 48722.0], [2841.25, 4542.0], [2843.5, 20884.0], [2845.0, 40000.0], [2846.0, 73665.0], [2850.0, 75360.0], [2850.25, 100.0], [2852.0, 41135.0]]}}}
{"jsonrpc": "2.0", "method": "subscription", "params": {"channel": "book.ETH-19DEC25.none.20.100ms", "data": {"timestamp": 1766003394829, "change_id": 101856317429, "instrument_name": "ETH-19DEC25", "bids": [[2829.75, 2000.0], [2829.5, 2894.0], [2829.25, 3623.0], [2829.0, 2667.0], [2828.75, 8935.0], [2828.0, 597.0], [2827.75, 2000.0], [2827.5, 5716.0], [2827.25, 12450.0], [2826.25, 1642.0], [2826.0, 7092.0], [2824.25, 24277.0], [2824.0, 24970.0], [2822.75, 48797.0], [2821.25, 40000.0], [2820.75, 49915.0], [2819.25, 5677.0], [2819.0, 21204.0], [2818.0, 40000.0], [2817.5, 18169.0]], "asks": [[2830.25, 2373.0], [2830.5, 4082.0], [2830.75, 9308.0], [2831.0, 1000.0], [2832.25, 7309.0], [2832.5, 24485.0], [2833.25, 4699.0], [2833.5, 17019.0], [2835.5, 7465.0], [2835.75, 25010.0], [2836.5, 500.0], [2837.5, 51340.0], [2838.75, 40000.0], [2841.0, 48722.0], [2841.25, 4542.0], [2843.5, 20884.0], [2845.0, 40000.0], [2846.0, 73665.0], [2850.0, 75360.0], [2850.25, 100.0]]}}}
{"jsonrpc": "2.0", "method": "subscription", "params": {"channel": "book.ETH-19DEC25.none.20.100ms", "data": {"timestamp": 1766003395903, "change_id": 101856318546, "instrument_name": "ETH-19DEC25", "bids": [[2829.75, 2000.0], [2829.5, 2894.0], [2829.25, 6288.0], [2829.0, 10337.0], [2828.0, 597.0], [2827.75, 2597.0], [2827.5, 5716.0], [2827.25, 12450.0], [2826.25, 1642.0], [2826.0, 7092.0], [2824.25, 24277.0], [2824.0, 24970.0], [2822.75, 48797.0], [2821.25, 40000.0], [2820.75, 49915.0], [2819.25, 5677.0], [2819.0, 21204.0], [2818.0, 40000.0], [2817.5, 18169.0], [2817.25, 77210.0]], "asks": [[2830.25, 2373.0], [2830.5, 3918.0], [2830.75, 9310.0], [2831.0, 1000.0], [2832.25, 7309.0], [2832.5, 24485.0], [2833.25, 4699.0], [2833.5, 17019.0], [2835.5, 7465.0], [2835.75, 25010.0], [2836.5, 500.0], [2837.5, 51340.0], [2838.75, 40000.0], [2841.0, 48722.0], [2841.25, 4542.0], [2843.5, 20884.0], [2845.0, 40000.0], [2846.0, 73665.0], [2850.0, 75360.0], [2850.25, 100.0]]}}}
{"jsonrpc": "2.0", "method": "subscription", "params": {"channel": "book.ETH-19DEC25.none.20.100ms", "data": {"timestamp": 1766003396226, "change_id": 101856319288, "instrument_name": "ETH-19DEC25", "bids": [[2830.0, 2597.0], [2829.75, 5188.0], [2829.5, 12784.0], [2829.25, 2373.0], [2829.0, 1400.0], [2828.0, 597.0], [2827.75, 2597.0], [2827.5, 5716.0], [2827.25, 12450.0], [2826.25, 1642.0], [2826.0, 7092.0], [2824.25, 24277.0], [2824.0, 24970.0], [2822.75, 48797.0], [2821.25, 40000.0], [2820.75, 49915.0], [2819.25, 5677.0], [2819.0, 21204.0], [2818.0, 40000.0], [2817.5, 18169.0]], "asks": [[2830.75, 624.0], [2831.0, 4918.0], [2831.25, 8937.0], [2832.25, 7309.0], [2832.5, 24485.0], [2833.25, 2985.0], [2833.5, 10000.0], [2835.5, 7465.0], [2835.75, 32316.0], [2836.5, 500.0], [2837.5, 51340.0], [2838.75, 40000.0], [2841.0, 48722.0], [2841.25, 4542.0], [2843.5, 20884.0], [2845.0, 40000.0], [2846.0, 73665.0], [2850.0, 75360.0], [2850.75, 100.0], [2852.0, 41135.0]]}}}
{"jsonrpc": "2.0", "method": "subscription", "params": {"channel": "book.ETH-19DEC25.none.20.100ms", "data": {"timestamp": 1766003396331, "change_id": 101856319393, "instrument_name": "ETH-19DEC25", "bids": [[2830.0, 2597.0], [2829.75, 5188.0], [2829.5, 12784.0], [2829.25, 2373.0], [2829.0, 1400.0], [2828.0, 597.0], [2827.75, 2597.0], [2827.5, 5716.0], [2827.25, 12450.0], [2826.25, 1642.0], [2826.0, 7092.0], [2824.25, 24277.0], [2824.0, 24970.0], [2822.75, 48797.0], [2821.25, 40000.0], [2820.75, 49915.0], [2819.25, 5677.0], [2819.0, 21204.0], [2818.0, 40000.0], [2817.5, 18169.0]], "asks": [[2830.75, 624.0], [2831.0, 4918.0], [2831.25, 8937.0], [2832.25, 7309.0], [2832.5, 26656.0], [2832.75, 7272.0], [2833.25, 2985.0], [2833.5, 10000.0], [2835.5, 7465.0], [2835.75, 25010.0], [2836.5, 500.0], [2837.5, 51340.0], [2838.75, 40000.0], [2841.0, 48722.0], [2841.25, 4542.0], [2843.5, 20884.0], [2845.0, 40000.0], [2846.0, 73665.0], [2850.0, 75360.0], [2850.75, 100.0]]}}}
{"jsonrpc": "2.0", "method": "subscription", "params": {"channel": "book.ETH-19DEC25.none.20.100ms", "data": {"timestamp": 1766003396826, "change_id": 101856319957, "instrument_name": "ETH-19DEC25", "bids": [[2830.0, 2597.0], [2829.75, 5188.0], [2829.5, 10784.0], [2828.0, 2597.0], [2827.75, 2597.0], [2827.5, 5716.0], [2827.25, 12450.0], [2826.25, 1642.0], [2826.0, 7092.0], [2824.25, 24277.0], [2824.0, 24970.0], [2822.75, 48797.0], [2821.25, 40000.0], [2820.75, 49915.0], [2819.25, 5677.0], [2819.0, 21204.0], [2818.0, 40000.0], [2817.5, 18169.0], [2817.25, 77210.0], [2812.75, 75635.0]], "asks": [[2830.5, 2000.0], [2830.75, 624.0], [2831.0, 4918.0], [2831.25, 8937.0], [2832.25, 7309.0], [2832.5, 26656.0], [2832.75, 7272.0], [2833.25, 2985.0], [2833.5, 10000.0], [2835.5, 7465.0], [2835.75, 25010.0], [2836.5, 500.0], [2837.5, 51340.0], [2838.75, 40000.0], [2841.0, 48722.0], [2841.25, 4542.0], [2843.5, 20884.0], [2845.0, 40000.0], [2846.0, 73665.0], [2850.0, 75360.0]]}}}
{"jsonrpc": "2.0", "method": "subscription", "params": {"channel": "book.ETH-19DEC25.none.20.100ms", "data": {"timestamp": 1766003397837, "change_id": 101856321000, "instrument_name": "ETH-19DEC25", "bids": [[2830.0, 2597.0], [2829.75, 5188.0], [2829.5, 10784.0], [2828.25, 597.0], [2828.0, 2597.0], [2827.75, 2597.0], [2827.5, 5716.0], [2827.25, 12450.0], [2826.25, 1642.0], [2826.0, 7092.0], [2824.25, 24277.0], [2824.0, 24970.0], [2822.75, 48797.0], [2821.25, 40000.0], [2820.75, 49915.0], [2819.25, 5677.0], [2819.0, 21204.0], [2818.0, 40000.0], [2817.5, 18169.0], [2817.25, 77210.0]], "asks": [[2830.75, 624.0], [2831.0, 4918.0], [2831.25, 8937.0], [2832.25, 7309.0], [2832.5, 26656.0], [2832.75, 7272.0], [2833.25, 2985.0], [2833.5, 10000.0], [2835.5, 7465.0], [2835.75, 25010.0], [2836.5, 500.0], [2837.5, 51340.0], [2838.75, 40000.0], [2841.0, 48722.0], [2841.25, 4542.0], [2843.5, 20884.0], [2845.0, 40000.0], [2846.0, 73665.0], [2850.0, 75360.0], [2850.5, 100.0]]}}}
{"jsonrpc": "2.0", "method": "subscription", "params": {"channel": "book.ETH-19DEC25.none.20.100ms", "data": {"timestamp": 1766003398033, "change_id": 101856321401, "instrument_name": "ETH-19DEC25", "bids": [[2830.0, 2894.0], [2829.75, 6438.0], [2829.5, 9534.0], [2828.25, 597.0], [2828.0, 2597.0], [2827.75, 2597.0], [2827.5, 5716.0], [2827.25, 12450.0], [2826.25, 1642.0], [2826.0, 7092.0], [2824.25, 24277.0], [2824.0, 24970.0], [2822.75, 48797.0], [2821.25, 40000.0], [2820.75, 49915.0], [2819.25, 5677.0], [2819.0, 21204.0], [2818.0, 40000.0], [2817.5, 18169.0], [2817.25, 77210.0]], "asks": [[2830.75, 624.0], [2831.0, 4918.0], [2831.25, 8937.0], [2832.25, 7309.0], [2832.5, 26656.0], [2832.75, 7272.0], [2833.25, 2985.0], [2833.5, 10000.0], [2835.5, 7465.0], [2835.75, 25010.0], [2836.5, 500.0], [2837.5, 51340.0], [2838.75, 40000.0], [2841.0, 48722.0], [2841.25, 4542.0], [2843.5, 20884.0], [2845.0, 40000.0], [2846.0, 73665.0], [2850.0, 75360.0], [2850.75, 100.0]]}}}
{"jsonrpc": "2.0", "method": "subscription", "params": {"channel": "book.ETH-19DEC25.none.20.100ms", "data": {"timestamp": 1766003398894, "change_id": 101856322650, "instrument_name": "ETH-19DEC25", "bids": [[2830.0, 2000.0], [2829.75, 5188.0], [2829.5, 9534.0], [2829.25, 1250.0], [2828.25, 597.0], [2828.0, 2597.0], [2827.75, 2597.0], [2827.5, 5716.0], [2827.25, 12450.0], [2826.25, 1642.0], [2826.0, 7092.0], [2824.25, 24277.0], [2824.0, 24970.0], [2822.75, 48797.0], [2821.25, 40000.0], [2820.75, 49915.0], [2819.25, 5677.0], [2819.0, 21204.0], [2818.0, 40000.0], [2817.5, 18169.0]], "asks": [[2830.75, 2624.0], [2831.0, 4918.0], [2831.25, 8937.0], [2832.25, 7309.0], [2832.5, 26656.0], [2832.75, 7272.0], [2833.25, 2985.0], [2833.5, 10000.0], [2835.5, 7465.0], [2835.75, 25010.0], [2836.5, 500.0], [2837.5, 51340.0], [2838.75, 40000.0], [2841.0, 48722.0], [2841.25, 4542.0], [2843.5, 20884.0], [2845.0, 40000.0], [2846.0, 73665.0], [2850.0, 75360.0], [2850.75, 100.0]]}}}
{"jsonrpc": "2.0", "method": "subscription", "params": {"channel": "book.ETH-19DEC25.none.20.100ms", "data": {"timestamp": 1766003399059, "change_id": 101856322948, "instrument_name": "ETH-19DEC25", "bids": [[2830.0, 2000.0], [2829.75, 5188.0], [2829.5, 9534.0], [2829.25, 1250.0], [2828.25, 597.0], [2828.0, 2597.0], [2827.75, 2597.0], [2827.5, 5716.0], [2827.25, 12450.0], [2826.25, 1642.0], [2826.0, 7092.0], [2824.25, 24277.0], [2824.0, 24970.0], [2822.75, 48797.0], [2821.25, 40000.0], [2820.75, 49915.0], [2819.25, 5677.0], [2819.0, 21204.0], [2818.0, 40000.0], [2817.5, 18169.0]], "asks": [[2830.5, 2597.0], [2830.75, 3874.0], [2831.0, 3668.0], [2831.25, 8937.0], [2832.25, 7309.0], [2832.5, 26656.0], [2832.75, 7272.0], [2833.25, 2985.0], [2833.5, 10000.0], [2835.5, 7465.0], [2835.75, 25010.0], [2836.5, 500.0], [2837.5, 51340.0], [2838.75, 40000.0], [2841.0, 48722.0], [2841.25, 4542.0], [2843.5, 20884.0], [2845.0, 40000.0], [2846.0, 73665.0], [2850.0, 75360.0]]}}}
{"jsonrpc": "2.0", "method": "subscription", "params": {"channel": "book.ETH-19DEC25.none.20.100ms", "data": {"timestamp": 1766003399605, "change_id": 101856323596, "instrument_name": "ETH-19DEC25", "bids": [[2830.0, 2000.0], [2829.75, 2373.0], [2829.5, 1250.0], [2829.25, 2668.0], [2829.0, 8937.0], [2828.25, 597.0], [2828.0, 2597.0], [2827.75, 2597.0], [2827.5, 5716.0], [2827.25, 12450.0], [2826.25, 1642.0], [2826.0, 7092.0], [2824.25, 24277.0], [2824.0, 24970.0], [2822.75, 48797.0], [2821.25, 40000.0], [2820.75, 49915.0], [2819.25, 5677.0], [2819.0, 21204.0], [2818.0, 40000.0]], "asks": [[2830.5, 597.0], [2830.75, 12811.0], [2831.0, 5859.0], [2831.25, 16279.0], [2832.25, 7309.0], [2832.5, 26656.0], [2832.75, 7272.0], [2833.25, 2985.0], [2833.5, 10000.0], [2835.5, 7465.0], [2835.75, 25010.0], [2836.5, 500.0], [2837.5, 51340.0], [2838.75, 40000.0], [2841.0, 48722.0], [2841.25, 4542.0], [2843.5, 20884.0], [2845.0, 40000.0], [2846.0, 73665.0], [2850.0, 75360.0]]}}}
{"jsonrpc": "2.0", "method": "subscription", "params": {"channel": "book.ETH-19DEC25.none.20.100ms", "data": {"timestamp": 1766003399818, "change_id": 101856323791, "instrument_name": "ETH-19DEC25", "bids": [[2830.0, 2000.0], [2829.75, 2922.0], [2829.5, 3250.0], [2829.25, 2668.0], [2829.0, 8937.0], [2828.5, 12450.0], [2828.25, 597.0], [2828.0, 2597.0], [2827.75, 2597.0], [2827.5, 2000.0], [2826.25, 1642.0], [2826.0, 7092.0], [2825.25, 24277.0], [2824.5, 24970.0], [2822.75, 48797.0], [2821.25, 40000.0], [2820.75, 49915.0], [2819.25, 5677.0], [2819.0, 21204.0], [2818.0, 40000.0]], "asks": [[2830.5, 2597.0], [2830.75, 12811.0], [2831.0, 1000.0], [2831.75, 597.0], [2832.0, 2000.0], [2832.25, 7309.0], [2832.5, 26656.0], [2832.75, 7272.0], [2833.25, 2985.0], [2833.5, 10000.0], [2835.5, 7465.0], [2835.75, 25010.0], [2836.5, 500.0], [2837.5, 51340.0], [2838.75, 40000.0], [2841.0, 48722.0], [2841.25, 4542.0], [2843.5, 20884.0], [2845.0, 40000.0], [2846.0, 73665.0]]}}}
{"jsonrpc": "2.0", "method": "subscription", "params": {"channel": "book.ETH-19DEC25.none.20.100ms", "data": {"timestamp": 1766003400246, "change_id": 101856324628, "instrument_name": "ETH-19DEC25", "bids": [[2829.75, 2000.0], [2829.5, 373.0], [2829.25, 3918.0], [2829.0, 8937.0], [2828.25, 12450.0], [2826.25, 1642.0], [2826.0, 7092.0], [2825.75, 24970.0], [2825.5, 7247.0], [2825.25, 24277.0], [2822.75, 48797.0], [2821.5, 1135.0], [2821.25, 40000.0], [2820.75, 49915.0], [2819.25, 4542.0], [2819.0, 21204.0], [2818.0, 40000.0], [2817.5, 18169.0], [2817.25, 77210.0], [2812.75, 75635.0]], "asks": [[2830.25, 2297.0], [2830.5, 4811.0], [2830.75, 9561.0], [2831.0, 1000.0], [2832.25, 7309.0], [2832.5, 26656.0], [2832.75, 7272.0], [2833.25, 2985.0], [2833.5, 10000.0], [2835.5, 7465.0], [2835.75, 25010.0], [2836.5, 500.0], [2837.5, 51340.0], [2838.75, 40000.0], [2841.0, 48722.0], [2841.25, 4542.0], [2843.5, 20884.0], [2845.0, 40000.0], [2846.0, 73665.0], [2850.0, 75360.0]]}}}
{"jsonrpc": "2.0", "method": "subscription", "params": {"channel": "book.ETH-19DEC25.none.20.100ms", "data": {"timestamp": 1766003400610, "change_id": 101856325395, "instrument_name": "ETH-19DEC25", "bids": [[2830.25, 2597.0], [2830.0, 2597.0], [2829.75, 4668.0], [2829.5, 9310.0], [2829.25, 1250.0], [2827.0, 3716.0], [2826.75, 12450.0], [2826.25, 1642.0], [2826.0, 14546.0], [2825.75, 24970.0], [2825.5, 7247.0], [2825.25, 24277.0], [2824.0, 48797.0], [2821.5, 1135.0], [2821.25, 40000.0], [2820.75, 49915.0], [2819.25, 4542.0], [2819.0, 21204.0], [2818.0, 40000.0], [2817.5, 18169.0]], "asks": [[2831.25, 2928.0], [2831.5, 9937.0], [2832.25, 7309.0], [2832.5, 26656.0], [2832.75, 7272.0], [2833.25, 2985.0], [2833.5, 10000.0], [2835.5, 7465.0], [2835.75, 25010.0], [2836.5, 500.0], [2837.5, 51340.0], [2838.75, 40000.0], [2841.0, 48722.0], [2841.25, 4542.0], [2843.5, 20884.0], [2845.0, 40000.0], [2846.0, 73665.0], [2850.0, 75360.0], [2850.75, 100.0], [2852.0, 41135.0]]}}}
{"jsonrpc": "2.0", "method": "subscription", "params": {"channel": "book.ETH-19DEC25.none.20.100ms", "data": {"timestamp": 1766003400915, "change_id": 101856326086, "instrument_name": "ETH-19DEC25", "bids": [[2830.75, 2472.0], [2830.5, 2597.0], [2830.25, 5396.0], [2830.0, 12784.0], [2829.75, 2000.0], [2828.75, 597.0], [2828.5, 2000.0], [2828.25, 3716.0], [2828.0, 12450.0], [2827.75, 2131.0], [2827.5, 7139.0], [2826.25, 24970.0], [2825.25, 24277.0], [2824.0, 48797.0], [2821.5, 1135.0], [2821.25, 40000.0], [2820.75, 49915.0], [2819.25, 4542.0], [2819.0, 21204.0], [2818.0, 40000.0]], "asks": [[2831.5, 4918.0], [2831.75, 8937.0], [2832.25, 7309.0], [2832.5, 24485.0], [2833.25, 2985.0], [2833.5, 10000.0], [2834.5, 2164.0], [2834.75, 7248.0], [2835.5, 7465.0], [2835.75, 25010.0], [2836.5, 500.0], [2837.5, 51340.0], [2838.75, 40000.0], [2841.0, 48722.0], [2841.25, 4542.0], [2843.5, 20884.0], [2845.0, 40000.0], [2846.0, 73665.0], [2850.0, 75360.0], [2851.5, 100.0]]}}}
{"jsonrpc": "2.0", "method": "subscription", "params": {"channel": "book.ETH-19DEC25.none.20.100ms", "data": {"timestamp": 1766003401251, "change_id": 101856326792, "instrument_name": "ETH-19DEC25", "bids": [[2830.25, 2000.0], [2829.75, 2668.0], [2829.5, 10187.0], [2828.75, 597.0], [2828.5, 2000.0], [2828.25, 3716.0], [2828.0, 12450.0], [2827.75, 2131.0], [2827.5, 7139.0], [2826.25, 24970.0], [2825.25, 24277.0], [2824.0, 48797.0], [2821.5, 1135.0], [2821.25, 40000.0], [2820.75, 49915.0], [2819.25, 4542.0], [2819.0, 21204.0], [2818.0, 40000.0], [2817.5, 18169.0], [2817.25, 77210.0]], "asks": [[2831.0, 5188.0], [2831.25, 12859.0], [2831.5, 5634.0], [2831.75, 15523.0], [2832.25, 7309.0], [2832.5, 24485.0], [2832.75, 2104.0], [2833.0, 7048.0], [2833.25, 2985.0], [2833.5, 10000.0], [2835.5, 7465.0], [2835.75, 25010.0], [2836.5, 500.0], [2837.5, 51340.0], [2838.75, 40000.0], [2841.0, 48722.0], [2841.25, 4542.0], [2843.5, 20884.0], [2845.0, 40000.0], [2846.0, 73665.0]]}}}
{"jsonrpc": "2.0", "method": "subscription", "params": {"channel": "book.ETH-19DEC25.none.20.100ms", "data": {"timestamp": 1766003401600, "change_id": 101856327515, "instrument_name": "ETH-19DEC25", "bids": [[2830.75, 2000.0], [2830.5, 597.0], [2830.25, 4556.0], [2830.0, 8937.0], [2829.75, 1250.0], [2828.5, 2000.0], [2828.0, 12450.0], [2827.5, 7139.0], [2826.5, 7454.0], [2826.25, 24970.0], [2825.25, 24277.0], [2824.0, 48797.0], [2821.5, 1135.0], [2821.25, 40000.0], [2820.75, 49915.0], [2819.25, 4542.0], [2819.0, 21204.0], [2818.0, 40000.0], [2817.5, 18169.0], [2817.25, 77210.0]], "asks": [[2831.5, 1000.0], [2831.75, 1250.0], [2832.0, 8937.0], [2832.5, 24485.0], [2833.5, 10000.0], [2834.75, 2167.0], [2835.0, 7258.0], [2835.75, 25010.0], [2836.5, 500.0], [2837.5, 51340.0], [2838.75, 40000.0], [2841.0, 48722.0], [2841.25, 4542.0], [2843.5, 20884.0], [2845.0, 40000.0], [2846.0, 73665.0], [2850.0, 75360.0], [2850.75, 100.0], [2852.0, 41135.0], [2853.5, 49687.0]]}}}
{"jsonrpc": "2.0", "method": "subscription", "params": {"channel": "book.ETH-19DEC25.none.20.100ms", "data": {"timestamp": 1766003401925, "change_id": 101856329158, "instrument_name": "ETH-19DEC25", "bids": [[2830.75, 2000.0], [2830.5, 1250.0], [2827.75, 12450.0], [2827.5, 7139.0], [2824.5, 24277.0], [2824.0, 48797.0], [2823.0, 40000.0], [2821.5, 1135.0], [2820.75, 49915.0], [2819.25, 4542.0], [2819.0, 21204.0], [2818.0, 40000.0], [2817.5, 18169.0], [2817.25, 77210.0], [2812.75, 75635.0], [2811.0, 40000.0], [2810.75, 100.0], [2801.0, 72676.0], [2800.75, 48927.0], [2799.0, 48930.0]], "asks": [[2832.5, 9937.0], [2833.5, 10000.0], [2834.75, 24485.0], [2836.5, 500.0], [2837.25, 7254.0], [2838.25, 51340.0], [2838.75, 40000.0], [2841.0, 48722.0], [2841.25, 4542.0], [2843.5, 20884.0], [2845.0, 40000.0], [2846.0, 73665.0], [2850.0, 75360.0], [2852.0, 41235.0], [2853.5, 49687.0], [2856.75, 18169.0], [2863.25, 170.0], [2864.75, 170.0], [2866.25, 51345.0], [2873.5, 48792.0]]}}}
{"jsonrpc": "2.0", "method": "subscription", "params": {"channel": "book.ETH-19DEC25.none.20.100ms", "data": {"timestamp": 1766003402261, "change_id": 101856330529, "instrument_name": "ETH-19DEC25", "bids": [[2831.25, 2597.0], [2831.0, 2597.0], [2830.75, 6291.0], [2830.5, 8937.0], [2828.0, 3716.0], [2827.75, 14581.0], [2827.5, 7139.0], [2824.75, 7247.0], [2824.5, 24277.0], [2824.0, 48797.0], [2823.0, 40000.0], [2821.5, 1135.0], [2820.75, 49915.0], [2819.25, 4542.0], [2819.0, 21204.0], [2818.0, 40000.0], [2817.5, 18169.0], [2817.25, 77210.0], [2812.75, 75635.0], [2811.25, 100.0]], "asks": [[2831.75, 2718.0], [2832.0, 10187.0], [2832.25, 299.0], [2832.5, 1000.0], [2833.25, 2985.0], [2833.5, 10000.0], [2834.5, 7309.0], [2834.75, 31783.0], [2836.5, 500.0], [2838.25, 76350.0], [2838.75, 40000.0], [2841.0, 48722.0], [2841.25, 4542.0], [2843.5, 20884.0], [2845.0, 40000.0], [2846.0, 73665.0], [2850.0, 75360.0], [2852.0, 41235.0], [2853.5, 49687.0], [2856.75, 18169.0]]}}}
{"jsonrpc": "2.0", "method": "subscription", "params": {"channel": "book.ETH-19DEC25.none.20.100ms", "data": {"timestamp": 1766003402497, "change_id": 101856330882, "instrument_name": "ETH-19DEC25", "bids": [[2830.75, 5041.0], [2830.5, 9310.0], [2830.25, 1250.0], [2828.0, 3716.0], [2827.75, 14581.0], [2827.5, 7139.0], [2824.75, 7247.0], [2824.5, 24277.0], [2824.0, 48797.0], [2823.0, 40000.0], [2820.75, 49915.0], [2819.0, 21204.0], [2818.0, 40000.0], [2817.25, 77210.0], [2812.75, 75635.0], [2811.25, 100.0], [2811.0, 40000.0], [2800.75, 48927.0], [2799.0, 48930.0], [2784.0, 4.0]], "asks": [[2831.5, 2597.0], [2831.75, 4799.0], [2832.0, 10187.0], [2832.25, 299.0], [2832.5, 1000.0], [2833.25, 2985.0], [2833.5, 10000.0], [2834.5, 7309.0], [2834.75, 31783.0], [2836.5, 500.0], [2838.25, 76350.0], [2838.75, 40000.0], [2841.0, 48722.0], [2841.25, 4542.0], [2843.5, 20884.0], [2845.0, 40000.0], [2846.0, 73665.0], [2850.0, 75360.0], [2852.0, 41235.0], [2853.5, 49687.0]]}}}
{"jsonrpc": "2.0", "method": "subscription", "params": {"channel": "book.ETH-19DEC25.none.20.100ms", "data": {"timestamp": 1766003402857, "change_id": 101856331710, "instrument_name": "ETH-19DEC25", "bids": [[2830.75, 2000.0], [2830.5, 373.0], [2830.25, 3918.0], [2830.0, 8937.0], [2827.75, 2131.0], [2827.5, 7139.0], [2825.25, 7454.0], [2825.0, 37420.0], [2824.75, 7247.0], [2824.5, 24277.0], [2824.0, 48797.0], [2823.0, 40000.0], [2820.75, 49915.0], [2819.0, 21204.0], [2818.0, 40000.0], [2817.25, 77210.0], [2812.75, 75635.0], [2811.0, 40000.0], [2810.75, 100.0], [2800.75, 48927.0]], "asks": [[2831.25, 9431.0], [2831.5, 297.0], [2831.75, 4049.0], [2832.0, 8937.0], [2832.25, 299.0], [2832.5, 1000.0], [2833.25, 2985.0], [2833.5, 10000.0], [2834.5, 7309.0], [2834.75, 31783.0], [2836.5, 500.0], [2838.25, 76350.0], [2838.75, 40000.0], [2841.0, 48722.0], [2841.25, 4542.0], [2843.5, 20884.0], [2845.0, 40000.0], [2846.0, 73665.0], [2850.0, 75360.0], [2851.25, 100.0]]}}}
{"jsonrpc": "2.0", "method": "subscription", "params": {"channel": "book.ETH-19DEC25.none.20.100ms", "data": {"timestamp": 1766003403225, "change_id": 101856332534, "instrument_name": "ETH-19DEC25", "bids": [[2830.75, 2373.0], [2830.5, 1250.0], [2830.25, 2668.0], [2830.0, 8937.0], [2827.75, 2131.0], [2827.5, 7139.0], [2825.25, 7454.0], [2825.0, 37420.0], [2824.75, 7247.0], [2824.5, 24277.0], [2824.0, 48797.0], [2823.0, 40000.0], [2820.75, 49915.0], [2819.0, 21204.0], [2818.0, 40000.0], [2817.25, 77210.0], [2812.75, 75635.0], [2811.0, 40000.0], [2810.75, 100.0], [2800.75, 48927.0]], "asks": [[2831.25, 9431.0], [2831.75, 4049.0], [2832.0, 8937.0], [2832.25, 299.0], [2832.5, 1000.0], [2833.25, 2985.0], [2833.5, 10000.0], [2834.5, 7309.0], [2834.75, 31783.0], [2836.5, 500.0], [2838.25, 76350.0], [2838.75, 40000.0], [2841.0, 48722.0], [2841.25, 4542.0], [2843.5, 20884.0], [2845.0, 40000.0], [2846.0, 73665.0], [2850.0, 75360.0], [2851.25, 100.0], [2852.0, 41135.0]]}}}
{"jsonrpc": "2.0", "method": "subscription", "params": {"channel": "book.ETH-19DEC25.none.20.100ms", "data": {"timestamp": 1766003403413, "change_id": 101856332629, "instrument_name": "ETH-19DEC25", "bids": [[2830.75, 4993.0], [2830.5, 10187.0], [2827.75, 2131.0], [2827.5, 7139.0], [2825.25, 7454.0], [2825.0, 37420.0], [2824.75, 7247.0], [2824.5, 24277.0], [2824.0, 48797.0], [2823.0, 40000.0], [2820.75, 49915.0], [2819.0, 21204.0], [2818.0, 40000.0], [2817.25, 77210.0], [2812.75, 75635.0], [2811.0, 40000.0], [2810.75, 100.0], [2800.75, 48927.0], [2799.0, 48930.0], [2784.0, 4.0]], "asks": [[2831.25, 9431.0], [2831.75, 4049.0], [2832.0, 8937.0], [2832.25, 299.0], [2832.5, 1000.0], [2833.25, 2985.0], [2833.5, 10000.0], [2834.5, 7309.0], [2834.75, 31783.0], [2836.5, 500.0], [2838.25, 76350.0], [2838.75, 40000.0], [2841.0, 48722.0], [2841.25, 4542.0], [2843.5, 20884.0], [2845.0, 40000.0], [2846.0, 73665.0], [2850.0, 75360.0], [2851.25, 100.0], [2852.0, 41135.0]]}}}
{"jsonrpc": "2.0", "method": "subscription", "params": {"channel": "book.ETH-19DEC25.none.20.100ms", "data": {"timestamp": 1766003403907, "change_id": 101856333312, "instrument_name": "ETH-19DEC25", "bids": [[2830.75, 6243.0], [2830.5, 8937.0], [2827.75, 2131.0], [2827.5, 7139.0], [2825.25, 7454.0], [2825.0, 37420.0], [2824.75, 7247.0], [2824.5, 24277.0], [2824.0, 48797.0], [2823.0, 40000.0], [2820.75, 49915.0], [2819.0, 21204.0], [2818.0, 40000.0], [2817.25, 77210.0], [2812.75, 75635.0], [2811.0, 40000.0], [2810.75, 100.0], [2800.75, 48927.0], [2799.0, 48930.0], [2784.0, 4.0]], "asks": [[2831.25, 9431.0], [2831.75, 2799.0], [2832.0, 8937.0], [2832.25, 1549.0], [2832.5, 1000.0], [2833.25, 2985.0], [2833.5, 10000.0], [2834.5, 7309.0], [2834.75, 31783.0], [2836.5, 500.0], [2838.25, 76350.0], [2838.75, 40000.0], [2841.0, 48722.0], [2841.25, 4542.0], [2843.5, 20884.0], [2845.0, 40000.0], [2846.0, 73665.0], [2850.0, 75360.0], [2851.25, 100.0], [2852.0, 41135.0]]}}}
{"jsonrpc": "2.0", "method": "subscription", "params": {"channel": "book.ETH-19DEC25.none.20.100ms", "data": {"timestamp": 1766003404208, "change_id": 101856334009, "instrument_name": "ETH-19DEC25", "bids": [[2831.0, 3250.0], [2830.75, 4993.0], [2830.5, 8937.0], [2827.75, 2131.0], [2827.5, 7139.0], [2825.75, 7454.0], [2825.5, 37420.0], [2824.75, 7247.0], [2824.5, 24277.0], [2824.0, 48797.0], [2823.0, 40000.0], [2820.75, 49915.0], [2819.0, 21204.0], [2818.0, 40000.0], [2817.25, 77210.0], [2812.75, 75635.0], [2811.0, 40000.0], [2810.75, 100.0], [2800.75, 48927.0], [2799.0, 48930.0]], "asks": [[2831.25, 9431.0], [2832.0, 373.0], [2832.25, 4178.0], [2832.5, 9937.0], [2833.25, 2985.0], [2833.5, 10000.0], [2834.5, 7309.0], [2834.75, 24485.0], [2835.75, 2137.0], [2836.0, 7160.0], [2836.5, 500.0], [2838.25, 76350.0], [2838.75, 40000.0], [2841.0, 48722.0], [2841.25, 4542.0], [2843.5, 20884.0], [2845.0, 40000.0], [2846.0, 73665.0], [2850.0, 75360.0], [2851.25, 100.0]]}}}
{"jsonrpc": "2.0", "method": "subscription", "params": {"channel": "book.ETH-19DEC25.none.20.100ms", "data": {"timestamp": 1766003404566, "change_id": 101856334580, "instrument_name": "ETH-19DEC25", "bids": [[2831.0, 3250.0], [2830.75, 4993.0], [2830.5, 8937.0], [2827.75, 2131.0], [2827.5, 7139.0], [2825.75, 7454.0], [2825.5, 37420.0], [2824.75, 7247.0], [2824.5, 24277.0], [2824.0, 48797.0], [2823.0, 40000.0], [2820.75, 49915.0], [2819.0, 21204.0], [2818.25, 18169.0], [2818.0, 40000.0], [2817.25, 77210.0], [2812.75, 75635.0], [2811.0, 40100.0], [2801.0, 72676.0], [2800.75, 48927.0]], "asks": [[2831.25, 9431.0], [2832.0, 373.0], [2832.25, 4178.0], [2832.5, 9937.0], [2833.25, 2985.0], [2833.5, 10000.0], [2834.0, 2171.0], [2834.25, 7273.0], [2834.5, 7309.0], [2834.75, 24485.0], [2836.5, 500.0], [2838.25, 76350.0], [2838.75, 40000.0], [2841.0, 48722.0], [2841.25, 4542.0], [2843.5, 20884.0], [2845.0, 40000.0], [2846.0, 73665.0], [2850.0, 75360.0], [2851.25, 100.0]]}}}
{"jsonrpc": "2.0", "method": "subscription", "params": {"channel": "book.ETH-19DEC25.none.20.100ms", "data": {"timestamp": 1766003404869, "change_id": 101856335087, "instrument_name": "ETH-19DEC25", "bids": [[2831.5, 597.0], [2831.25, 2970.0], [2831.0, 3847.0], [2830.75, 4993.0], [2830.5, 8937.0], [2828.0, 3716.0], [2827.75, 14581.0], [2827.5, 7139.0], [2826.25, 24970.0], [2824.75, 7247.0], [2824.5, 24277.0], [2824.0, 48797.0], [2823.0, 40000.0], [2820.75, 49915.0], [2819.0, 21204.0], [2818.25, 18169.0], [2818.0, 40000.0], [2817.25, 77210.0], [2812.75, 75635.0], [2811.5, 100.0]], "asks": [[2832.0, 373.0], [2832.25, 13613.0], [2832.5, 9937.0], [2833.25, 2985.0], [2833.5, 10000.0], [2834.0, 2171.0], [2834.25, 7273.0], [2834.5, 7309.0], [2834.75, 24485.0], [2836.5, 500.0], [2838.25, 76350.0], [2838.75, 40000.0], [2841.0, 48722.0], [2841.25, 4542.0], [2843.5, 20884.0], [2845.0, 40000.0], [2846.0, 73665.0], [2850.0, 75360.0], [2852.0, 41235.0], [2853.5, 49687.0]]}}}
{"jsonrpc": "2.0", "method": "subscription", "params": {"channel": "book.ETH-19DEC25.none.20.100ms", "data": {"timestamp": 1766003405176, "change_id": 101856335892, "instrument_name": "ETH-19DEC25", "bids": [[2831.5, 597.0], [2831.25, 2970.0], [2831.0, 3847.0], [2830.75, 2000.0], [2827.75, 2131.0], [2827.5, 7139.0], [2825.25, 7454.0], [2825.0, 37420.0], [2824.75, 7247.0], [2824.5, 24277.0], [2824.0, 48797.0], [2823.0, 40000.0], [2820.75, 49915.0], [2819.0, 21204.0], [2818.25, 18169.0], [2818.0, 40000.0], [2817.25, 77210.0], [2812.75, 75635.0], [2811.5, 100.0], [2811.0, 40000.0]], "asks": [[2832.25, 12363.0], [2832.5, 9937.0], [2832.75, 1250.0], [2833.25, 2985.0], [2833.5, 10000.0], [2834.5, 7309.0], [2834.75, 24485.0], [2835.75, 2161.0], [2836.0, 7239.0], [2836.5, 500.0], [2838.25, 25010.0], [2838.75, 40000.0], [2840.0, 51340.0], [2841.0, 48722.0], [2841.25, 4542.0], [2843.5, 20884.0], [2845.0, 40000.0], [2846.0, 73665.0], [2850.0, 75360.0], [2852.0, 41235.0]]}}}
{"jsonrpc": "2.0", "method": "subscription", "params": {"channel": "book.ETH-19DEC25.none.20.100ms", "data": {"timestamp": 1766003405555, "change_id": 101856336486, "instrument_name": "ETH-19DEC25", "bids": [[2831.5, 597.0], [2831.25, 5514.0], [2831.0, 12784.0], [2830.75, 2000.0], [2827.75, 2131.0], [2827.5, 7139.0], [2825.75, 7454.0], [2825.5, 37420.0], [2824.75, 7247.0], [2824.5, 24277.0], [2824.0, 48797.0], [2823.0, 40000.0], [2820.75, 49915.0], [2819.25, 4542.0], [2819.0, 21204.0], [2818.25, 18169.0], [2818.0, 40000.0], [2817.25, 77210.0], [2812.75, 75635.0], [2811.5, 100.0]], "asks": [[2832.25, 12363.0], [2832.5, 11187.0], [2833.25, 2985.0], [2833.5, 10000.0], [2834.0, 2163.0], [2834.25, 7246.0], [2834.5, 7309.0], [2834.75, 24485.0], [2836.5, 500.0], [2838.75, 40000.0], [2840.0, 51340.0], [2840.25, 25010.0], [2841.0, 48722.0], [2841.25, 4542.0], [2843.5, 20884.0], [2845.0, 40000.0], [2846.0, 73665.0], [2850.0, 75360.0], [2852.0, 41135.0], [2852.25, 100.0]]}}}
{"jsonrpc": "2.0", "method": "subscription", "params": {"channel": "book.ETH-19DEC25.none.20.100ms", "data": {"timestamp": 1766003405872, "change_id": 101856336807, "instrument_name": "ETH-19DEC25", "bids": [[2831.5, 2597.0], [2831.25, 5514.0], [2831.0, 10187.0], [2827.75, 2131.0], [2827.5, 7139.0], [2825.75, 7454.0], [2825.5, 37420.0], [2824.75, 7247.0], [2824.5, 24277.0], [2824.0, 48797.0], [2823.0, 40000.0], [2820.75, 49915.0], [2819.25, 4542.0], [2819.0, 21204.0], [2818.25, 18169.0], [2818.0, 40000.0], [2817.25, 77210.0], [2812.75, 75635.0], [2811.5, 100.0], [2811.0, 40000.0]], "asks": [[2832.0, 2000.0], [2832.25, 12363.0], [2832.5, 11187.0], [2833.25, 2985.0], [2833.5, 10000.0], [2834.0, 2163.0], [2834.25, 7246.0], [2834.5, 7309.0], [2834.75, 24485.0], [2836.5, 500.0], [2838.75, 40000.0], [2840.0, 51340.0], [2840.25, 25010.0], [2841.0, 48722.0], [2841.25, 4542.0], [2843.5, 20884.0], [2845.0, 40000.0], [2846.0, 73665.0], [2850.0, 75360.0], [2852.0, 41235.0]]}}}
{"jsonrpc": "2.0", "method": "subscription", "params": {"channel": "book.ETH-19DEC25.none.20.100ms", "data": {"timestamp": 1766003406255, "change_id": 101856337353, "instrument_name": "ETH-19DEC25", "bids": [[2831.5, 2597.0], [2831.25, 5514.0], [2831.0, 10187.0], [2827.75, 2131.0], [2827.5, 7139.0], [2825.75, 7454.0], [2825.5, 37420.0], [2824.75, 7247.0], [2824.5, 24277.0], [2824.0, 48797.0], [2823.25, 1135.0], [2823.0, 40000.0], [2820.75, 49915.0], [2819.25, 4542.0], [2819.0, 21204.0], [2818.25, 18169.0], [2818.0, 40000.0], [2817.25, 77210.0], [2812.75, 75635.0], [2811.5, 100.0]], "asks": [[2832.0, 2000.0], [2832.25, 12363.0], [2832.5, 11187.0], [2833.25, 2985.0], [2833.5, 10000.0], [2834.0, 2163.0], [2834.25, 7246.0], [2834.5, 7309.0], [2834.75, 24485.0], [2836.5, 500.0], [2838.75, 40000.0], [2840.0, 51340.0], [2840.25, 25010.0], [2841.0, 48722.0], [2841.25, 4542.0], [2843.5, 20884.0], [2845.0, 40000.0], [2846.0, 73665.0], [2850.0, 75360.0], [2852.0, 41235.0]]}}}
{"jsonrpc": "2.0", "method": "subscription", "params": {"channel": "book.ETH-19DEC25.none.20.100ms", "data": {"timestamp": 1766003406879, "change_id": 101856338174, "instrument_name": "ETH-19DEC25", "bids": [[2831.75, 2597.0], [2831.5, 2297.0], [2831.25, 4764.0], [2831.0, 8937.0], [2827.75, 2131.0], [2827.5, 7139.0], [2824.25, 24970.0], [2824.0, 48797.0], [2823.25, 25412.0], [2823.0, 40000.0], [2820.75, 49915.0], [2819.25, 4542.0], [2819.0, 21204.0], [2818.25, 18169.0], [2818.0, 40000.0], [2817.25, 77210.0], [2812.75, 75635.0], [2811.75, 100.0], [2811.0, 40000.0], [2801.0, 72676.0]], "asks": [[2832.25, 9435.0], [2832.5, 4955.0], [2832.75, 8937.0], [2833.25, 2985.0], [2833.5, 10000.0], [2834.0, 2163.0], [2834.25, 7246.0], [2834.5, 7309.0], [2834.75, 24485.0], [2836.5, 500.0], [2840.0, 51340.0], [2840.25, 25010.0], [2840.5, 40000.0], [2841.0, 48722.0], [2841.25, 4542.0], [2843.5, 20884.0], [2845.0, 40000.0], [2846.0, 73665.0], [2850.0, 75360.0], [2852.0, 41135.0]]}}}
{"jsonrpc": "2.0", "method": "subscription", "params": {"channel": "book.ETH-19DEC25.none.20.100ms", "data": {"timestamp": 1766003407191, "change_id": 101856338831, "instrument_name": "ETH-19DEC25", "bids": [[2831.5, 2000.0], [2831.25, 3514.0], [2831.0, 10187.0], [2827.75, 2131.0], [2827.5, 7139.0], [2824.5, 7454.0], [2824.25, 39536.0], [2824.0, 48797.0], [2823.25, 25412.0], [2823.0, 40000.0], [2820.75, 49915.0], [2819.25, 4542.0], [2819.0, 21204.0], [2818.25, 18169.0], [2818.0, 40000.0], [2817.25, 77210.0], [2812.75, 75635.0], [2811.5, 100.0], [2811.0, 40000.0], [2801.0, 72676.0]], "asks": [[2832.25, 10107.0], [2832.5, 4955.0], [2832.75, 8937.0], [2833.25, 2985.0], [2833.5, 10000.0], [2834.0, 2163.0], [2834.25, 7246.0], [2834.5, 7309.0], [2834.75, 24485.0], [2836.5, 500.0], [2840.0, 51340.0], [2840.25, 25010.0], [2840.5, 40000.0], [2841.0, 48722.0], [2841.25, 4542.0], [2843.5, 20884.0], [2845.0, 40000.0], [2846.0, 73665.0], [2850.0, 75360.0], [2852.0, 41135.0]]}}}
{"jsonrpc": "2.0", "method": "subscription", "params": {"channel": "book.ETH-19DEC25.none.20.100ms", "data": {"timestamp": 1766003407481, "change_id": 101856339195, "instrument_name": "ETH-19DEC25", "bids": [[2831.25, 2000.0], [2830.75, 2668.0], [2830.5, 10187.0], [2827.75, 2131.0], [2827.5, 7139.0], [2824.5, 7454.0], [2824.25, 39536.0], [2824.0, 48797.0], [2823.25, 25412.0], [2823.0, 40000.0], [2820.75, 49915.0], [2819.25, 4542.0], [2819.0, 21204.0], [2818.25, 18169.0], [2818.0, 40000.0], [2817.25, 77210.0], [2812.75, 75635.0], [2811.25, 100.0], [2811.0, 40000.0], [2801.0, 72676.0]], "asks": [[2832.0, 2000.0], [2832.25, 19921.0], [2832.5, 1000.0], [2833.25, 2985.0], [2833.5, 10000.0], [2834.0, 2163.0], [2834.25, 7246.0], [2834.5, 7309.0], [2834.75, 24485.0], [2836.5, 500.0], [2840.0, 51340.0], [2840.25, 25010.0], [2840.5, 40000.0], [2841.0, 48722.0], [2841.25, 4542.0], [2843.5, 20884.0], [2845.0, 40000.0], [2846.0, 73665.0], [2850.0, 75360.0], [2852.0, 41235.0]]}}}
{"jsonrpc": "2.0", "method": "subscription", "params": {"channel": "book.ETH-19DEC25.none.20.100ms", "data": {"timestamp": 1766003407857, "change_id": 101856340930, "instrument_name": "ETH-19DEC25", "bids": [[2830.0, 2000.0], [2825.25, 7297.0], [2823.25, 1135.0], [2823.0, 40000.0], [2820.75, 48797.0], [2819.75, 49915.0], [2819.25, 4542.0], [2819.0, 21204.0], [2818.25, 18169.0], [2818.0, 40000.0], [2813.0, 77210.0], [2812.75, 75635.0], [2811.0, 40000.0], [2810.25, 100.0], [2801.0, 72676.0], [2800.75, 48927.0], [2799.0, 48930.0], [2784.0, 4.0], [2783.75, 67.0], [2782.0, 67.0]], "asks": [[2831.25, 10937.0], [2831.5, 11435.0], [2831.75, 2000.0], [2832.0, 2250.0], [2832.75, 16288.0], [2833.5, 10000.0], [2834.25, 7246.0], [2834.75, 24485.0], [2836.5, 500.0], [2840.0, 51340.0], [2840.25, 25010.0], [2840.5, 40000.0], [2841.0, 48722.0], [2841.25, 4542.0], [2843.5, 20884.0], [2845.0, 40000.0], [2846.0, 73665.0], [2850.0, 75360.0], [2851.5, 100.0], [2852.0, 41135.0]]}}}
{"jsonrpc": "2.0", "method": "subscription", "params": {"channel": "book.ETH-19DEC25.none.20.100ms", "data": {"timestamp": 1766003408181, "change_id": 101856341874, "instrument_name": "ETH-19DEC25", "bids": [[2830.0, 2000.0], [2829.75, 10187.0], [2827.0, 7041.0], [2823.25, 1135.0], [2823.0, 40000.0], [2821.5, 24277.0], [2820.75, 48797.0], [2819.75, 49915.0], [2819.25, 4542.0], [2819.0, 21204.0], [2818.25, 18169.0], [2818.0, 40000.0], [2813.0, 77210.0], [2812.75, 75635.0], [2811.0, 40000.0], [2810.0, 100.0], [2801.0, 72676.0], [2800.75, 48927.0], [2799.0, 48930.0], [2784.0, 4.0]], "asks": [[2831.25, 2000.0], [2831.5, 11435.0], [2831.75, 8937.0], [2832.0, 1000.0], [2832.75, 16288.0], [2833.5, 10000.0], [2834.25, 7246.0], [2834.75, 24485.0], [2836.5, 500.0], [2840.0, 51340.0], [2840.25, 25010.0], [2840.5, 40000.0], [2841.0, 48722.0], [2841.25, 4542.0], [2843.5, 20884.0], [2845.0, 40000.0], [2846.0, 73665.0], [2850.0, 75360.0], [2851.25, 100.0], [2852.0, 41135.0]]}}}
{"jsonrpc": "2.0", "method": "subscription", "params": {"channel": "book.ETH-19DEC25.none.20.100ms", "data": {"timestamp": 1766003408536, "change_id": 101856343132, "instrument_name": "ETH-19DEC25", "bids": [[2830.0, 2000.0], [2829.5, 2668.0], [2829.25, 8937.0], [2826.25, 2099.0], [2826.0, 7031.0], [2824.0, 3716.0], [2823.75, 12450.0], [2823.25, 11940.0], [2823.0, 40000.0], [2821.5, 24277.0], [2820.75, 48797.0], [2819.75, 49915.0], [2819.0, 21204.0], [2818.0, 40000.0], [2817.0, 77210.0], [2812.75, 75635.0], [2811.0, 40000.0], [2810.0, 100.0], [2800.75, 48927.0], [2799.0, 48930.0]], "asks": [[2830.75, 4941.0], [2831.0, 11435.0], [2831.25, 12187.0], [2832.0, 1000.0], [2832.5, 4862.0], [2832.75, 16288.0], [2833.5, 10000.0], [2834.25, 7246.0], [2834.75, 24485.0], [2836.5, 500.0], [2838.75, 40000.0], [2840.0, 51340.0], [2840.25, 25010.0], [2841.0, 48722.0], [2841.25, 4542.0], [2843.5, 20884.0], [2845.0, 40000.0], [2846.0, 73665.0], [2850.0, 75360.0], [2850.75, 100.0]]}}}
{"jsonrpc": "2.0", "method": "subscription", "params": {"channel": "book.ETH-19DEC25.none.20.100ms", "data": {"timestamp": 1766003408862, "change_id": 101856344640, "instrument_name": "ETH-19DEC25", "bids": [[2830.0, 2000.0], [2829.75, 2000.0], [2829.5, 2668.0], [2829.25, 10187.0], [2826.25, 2099.0], [2826.0, 7031.0], [2823.75, 3716.0], [2823.5, 12450.0], [2823.25, 11940.0], [2823.0, 40000.0], [2821.5, 24277.0], [2821.0, 24970.0], [2820.75, 48797.0], [2819.75, 49915.0], [2819.0, 21204.0], [2818.0, 40000.0], [2817.0, 77210.0], [2812.75, 75635.0], [2811.0, 40000.0], [2810.0, 100.0]], "asks": [[2830.5, 2894.0], [2830.75, 6191.0], [2831.0, 18372.0], [2831.75, 299.0], [2832.0, 1000.0], [2833.25, 2985.0], [2833.5, 10000.0], [2834.0, 2163.0], [2834.25, 7246.0], [2836.5, 500.0], [2838.5, 24485.0], [2838.75, 40000.0], [2840.0, 51340.0], [2840.25, 25010.0], [2841.0, 48722.0], [2841.25, 4542.0], [2843.5, 20884.0], [2845.0, 40000.0], [2846.0, 73665.0], [2850.0, 75360.0]]}}}
{"jsonrpc": "2.0", "method": "subscription", "params": {"channel": "book.ETH-19DEC25.none.20.100ms", "data": {"timestamp": 1766003408954, "change_id": 101856344864, "instrument_name": "ETH-19DEC25", "bids": [[2830.0, 2597.0], [2829.75, 2373.0], [2829.5, 3918.0], [2829.25, 8937.0], [2826.25, 2099.0], [2826.0, 7031.0], [2823.75, 3716.0], [2823.5, 12450.0], [2823.25, 11940.0], [2823.0, 40000.0], [2821.5, 24277.0], [2821.0, 24970.0], [2820.75, 48797.0], [2819.75, 49915.0], [2819.0, 21204.0], [2818.0, 40000.0], [2817.0, 77210.0], [2812.75, 75635.0], [2811.0, 40000.0], [2810.0, 100.0]], "asks": [[2830.5, 2894.0], [2830.75, 6191.0], [2831.0, 8937.0], [2831.75, 299.0], [2832.0, 1000.0], [2832.75, 2817.0], [2833.0, 9436.0], [2833.25, 2985.0], [2833.5, 10000.0], [2834.0, 2163.0], [2834.25, 7246.0], [2836.5, 500.0], [2838.5, 24485.0], [2838.75, 40000.0], [2840.0, 51340.0], [2840.25, 25010.0], [2841.0, 48722.0], [2841.25, 4542.0], [2843.5, 20884.0], [2845.0, 40000.0]]}}}
{"jsonrpc": "2.0", "method": "subscription", "params": {"channel": "book.ETH-19DEC25.none.20.100ms", "data": {"timestamp": 1766003409526, "change_id": 101856346316, "instrument_name": "ETH-19DEC25", "bids": [[2831.0, 2000.0], [2830.75, 5186.0], [2830.5, 10937.0], [2829.75, 373.0], [2829.5, 1250.0], [2828.0, 2203.0], [2827.75, 7381.0], [2823.25, 11940.0], [2823.0, 40000.0], [2821.75, 24970.0], [2821.5, 24277.0], [2820.75, 48797.0], [2819.75, 49915.0], [2819.0, 21204.0], [2818.0, 40000.0], [2817.0, 77210.0], [2812.75, 75635.0], [2811.0, 40100.0], [2800.75, 48927.0], [2799.0, 48930.0]], "asks": [[2831.5, 2000.0], [2831.75, 299.0], [2832.0, 3668.0], [2832.25, 8937.0], [2833.25, 5420.0], [2833.5, 19436.0], [2836.5, 500.0], [2836.75, 2142.0], [2837.0, 7177.0], [2838.5, 24485.0], [2838.75, 40000.0], [2840.0, 51340.0], [2840.25, 25010.0], [2841.0, 48722.0], [2841.25, 4542.0], [2843.5, 20884.0], [2845.0, 40000.0], [2846.0, 73665.0], [2850.0, 75360.0], [2851.5, 100.0]]}}}
{"jsonrpc": "2.0", "method": "subscription", "params": {"channel": "book.ETH-19DEC25.none.20.100ms", "data": {"timestamp": 1766003409860, "change_id": 101856347654, "instrument_name": "ETH-19DEC25", "bids": [[2831.0, 2597.0], [2830.75, 5186.0], [2830.5, 10187.0], [2828.0, 2203.0], [2827.75, 7381.0], [2823.25, 11940.0], [2823.0, 40000.0], [2821.75, 24970.0], [2821.5, 24277.0], [2820.75, 48797.0], [2819.75, 49915.0], [2819.0, 21204.0], [2818.0, 40000.0], [2817.0, 77210.0], [2812.75, 75635.0], [2811.0, 40100.0], [2800.75, 48927.0], [2799.0, 48930.0], [2784.0, 4.0], [2783.75, 67.0]], "asks": [[2831.5, 2000.0], [2832.0, 2250.0], [2832.25, 8937.0], [2833.25, 5420.0], [2833.5, 19436.0], [2833.75, 2106.0], [2834.0, 7055.0], [2836.5, 500.0], [2838.5, 24485.0], [2838.75, 40000.0], [2840.0, 51340.0], [2840.25, 25010.0], [2841.0, 48722.0], [2841.25, 4542.0], [2843.5, 20884.0], [2845.0, 40000.0], [2846.0, 73665.0], [2850.0, 75360.0], [2851.5, 100.0], [2852.0, 41135.0]]}}}
{"jsonrpc": "2.0", "method": "subscription", "params": {"channel": "book.ETH-19DEC25.none.20.100ms", "data": {"timestamp": 1766003410171, "change_id": 101856349259, "instrument_name": "ETH-19DEC25", "bids": [[2831.25, 2000.0], [2831.0, 10937.0], [2830.5, 1250.0], [2827.75, 7381.0], [2823.0, 40000.0], [2821.5, 24277.0], [2820.75, 48797.0], [2819.75, 49915.0], [2819.0, 21204.0], [2818.0, 40000.0], [2817.0, 77210.0], [2812.75, 75635.0], [2811.5, 100.0], [2811.0, 40000.0], [2800.75, 48927.0], [2799.0, 48930.0], [2784.0, 4.0], [2783.75, 67.0], [2782.0, 67.0], [2780.5, 67.0]], "asks": [[2832.5, 10937.0], [2832.75, 2000.0], [2833.5, 10000.0], [2834.0, 9436.0], [2836.5, 500.0], [2837.25, 2182.0], [2837.5, 7309.0], [2838.5, 24485.0], [2838.75, 40000.0], [2841.25, 4542.0], [2843.5, 20884.0], [2845.0, 40000.0], [2846.0, 73665.0], [2850.0, 75360.0], [2852.0, 41135.0], [2853.0, 100.0], [2853.5, 49687.0], [2856.75, 18169.0], [2863.25, 170.0], [2864.75, 170.0]]}}}
{"jsonrpc": "2.0", "method": "subscription", "params": {"channel": "book.ETH-19DEC25.none.20.100ms", "data": {"timestamp": 1766003410445, "change_id": 101856349902, "instrument_name": "ETH-19DEC25", "bids": [[2831.25, 2597.0], [2831.0, 2000.0], [2830.5, 10187.0], [2827.75, 7381.0], [2824.0, 12450.0], [2823.0, 40000.0], [2821.5, 24277.0], [2820.75, 48797.0], [2819.75, 49915.0], [2819.0, 21204.0], [2818.0, 40000.0], [2817.0, 77210.0], [2812.75, 75635.0], [2811.25, 100.0], [2811.0, 40000.0], [2800.75, 48927.0], [2799.0, 48930.0], [2784.0, 4.0], [2783.75, 67.0], [2782.0, 67.0]], "asks": [[2832.0, 12187.0], [2832.25, 2000.0], [2833.5, 10000.0], [2834.0, 9436.0], [2834.25, 7156.0], [2836.5, 500.0], [2838.5, 24485.0], [2838.75, 40000.0], [2841.25, 4542.0], [2843.5, 45894.0], [2844.25, 51340.0], [2845.0, 40000.0], [2845.75, 48722.0], [2846.0, 73665.0], [2850.0, 75360.0], [2852.0, 41135.0], [2852.5, 100.0], [2853.5, 49687.0], [2856.75, 18169.0], [2863.25, 170.0]]}}}
{"jsonrpc": "2.0", "method": "subscription", "params": {"channel": "book.ETH-19DEC25.none.20.100ms", "data": {"timestamp": 1766003410852, "change_id": 101856350739, "instrument_name": "ETH-19DEC25", "bids": [[2831.25, 894.0], [2831.0, 3847.0], [2830.75, 3041.0], [2830.5, 8937.0], [2828.0, 2203.0], [2827.75, 7381.0], [2824.0, 12450.0], [2823.0, 40000.0], [2821.5, 24277.0], [2820.75, 48797.0], [2819.75, 49915.0], [2819.0, 21204.0], [2818.0, 40000.0], [2817.0, 77210.0], [2812.75, 75635.0], [2811.5, 100.0], [2811.0, 40000.0], [2800.75, 48927.0], [2799.0, 48930.0], [2784.0, 4.0]], "asks": [[2832.0, 2000.0], [2832.25, 4668.0], [2832.5, 10187.0], [2832.75, 4862.0], [2833.0, 16288.0], [2833.25, 2985.0], [2833.5, 10000.0], [2833.75, 2817.0], [2834.0, 11572.0], [2834.25, 7156.0], [2836.5, 500.0], [2838.5, 24485.0], [2838.75, 40000.0], [2841.25, 4542.0], [2843.5, 45894.0], [2844.25, 51340.0], [2845.0, 40000.0], [2845.75, 48722.0], [2846.0, 73665.0], [2850.0, 75360.0]]}}}
{"jsonrpc": "2.0", "method": "subscription", "params": {"channel": "book.ETH-19DEC25.none.20.100ms", "data": {"timestamp": 1766003411172, "change_id": 101856351908, "instrument_name": "ETH-19DEC25", "bids": [[2831.25, 4774.0], [2831.0, 10937.0], [2828.0, 2203.0], [2827.75, 7381.0], [2824.25, 3716.0], [2824.0, 12450.0], [2823.0, 40000.0], [2821.5, 24277.0], [2820.75, 48797.0], [2819.75, 49915.0], [2819.0, 21204.0], [2818.0, 40000.0], [2817.0, 77210.0], [2812.75, 75635.0], [2811.25, 100.0], [2811.0, 40000.0], [2800.75, 48927.0], [2799.0, 48930.0], [2784.0, 4.0], [2783.75, 67.0]], "asks": [[2831.75, 9431.0], [2832.25, 2668.0], [2832.5, 10187.0], [2832.75, 4862.0], [2833.0, 16288.0], [2833.25, 2985.0], [2833.5, 10000.0], [2834.25, 2164.0], [2834.5, 7251.0], [2836.5, 500.0], [2838.5, 24485.0], [2838.75, 40000.0], [2841.25, 4542.0], [2843.5, 45894.0], [2844.25, 51340.0], [2845.0, 40000.0], [2845.75, 48722.0], [2846.0, 73665.0], [2850.0, 75360.0], [2851.75, 100.0]]}}}
{"jsonrpc": "2.0", "method": "subscription", "params": {"channel": "book.ETH-19DEC25.none.20.100ms", "data": {"timestamp": 1766003411510, "change_id": 101856352611, "instrument_name": "ETH-19DEC25", "bids": [[2831.0, 2000.0], [2830.75, 1250.0], [2828.0, 2203.0], [2827.75, 7381.0], [2824.25, 3716.0], [2824.0, 12450.0], [2823.0, 40000.0], [2821.5, 24277.0], [2820.75, 48797.0], [2819.75, 49915.0], [2819.0, 21204.0], [2818.0, 40000.0], [2817.0, 77210.0], [2812.75, 75635.0], [2811.0, 40100.0], [2800.75, 48927.0], [2799.0, 48930.0], [2784.0, 4.0], [2783.75, 67.0], [2782.0, 67.0]], "asks": [[2831.75, 9431.0], [2832.25, 2668.0], [2832.5, 10187.0], [2833.25, 2985.0], [2833.5, 10000.0], [2834.25, 2164.0], [2834.5, 7251.0], [2836.5, 500.0], [2838.5, 24485.0], [2838.75, 40000.0], [2841.25, 4542.0], [2843.5, 45894.0], [2844.25, 51340.0], [2845.0, 40000.0], [2845.75, 48722.0], [2846.0, 73665.0], [2850.0, 75360.0], [2851.75, 100.0], [2852.0, 41135.0], [2853.5, 49687.0]]}}}
{"jsonrpc": "2.0", "method": "subscription", "params": {"channel": "book.ETH-19DEC25.none.20.100ms", "data": {"timestamp": 1766003411768, "change_id": 101856353412, "instrument_name": "ETH-19DEC25", "bids": [[2831.25, 2000.0], [2831.0, 2373.0], [2830.75, 3918.0], [2830.5, 8937.0], [2828.0, 2203.0], [2827.75, 7381.0], [2824.25, 3716.0], [2824.0, 12450.0], [2823.0, 40000.0], [2821.5, 24277.0], [2820.75, 48797.0], [2819.75, 49915.0], [2819.0, 21204.0], [2818.0, 40000.0], [2817.0, 77210.0], [2812.75, 75635.0], [2811.25, 100.0], [2811.0, 40000.0], [2800.75, 48927.0], [2799.0, 48930.0]], "asks": [[2831.5, 2000.0], [2831.75, 9431.0], [2832.0, 1250.0], [2832.25, 2668.0], [2832.5, 8937.0], [2832.75, 299.0], [2833.0, 1000.0], [2833.25, 2985.0], [2833.5, 10000.0], [2834.25, 2164.0], [2834.5, 7251.0], [2836.5, 500.0], [2838.5, 24485.0], [2838.75, 40000.0], [2841.25, 4542.0], [2843.5, 45894.0], [2844.25, 51340.0], [2845.0, 40000.0], [2845.75, 48722.0], [2846.0, 73665.0]]}}}
{"jsonrpc": "2.0", "method": "subscription", "params": {"channel": "book.ETH-19DEC25.none.20.100ms", "data": {"timestamp": 1766003412140, "change_id": 101856354837, "instrument_name": "ETH-19DEC25", "bids": [[2830.75, 2668.0], [2830.5, 9310.0], [2830.25, 1250.0], [2828.0, 2203.0], [2827.75, 7381.0], [2824.25, 3716.0], [2824.0, 12450.0], [2823.0, 40000.0], [2821.5, 24277.0], [2820.75, 48797.0], [2819.75, 49915.0], [2819.0, 21204.0], [2818.0, 40000.0], [2817.0, 77210.0], [2812.75, 75635.0], [2811.0, 40000.0], [2810.75, 100.0], [2802.0, 18169.0], [2800.75, 48927.0], [2799.0, 48930.0]], "asks": [[2831.5, 3988.0], [2831.75, 12424.0], [2832.0, 10187.0], [2832.75, 299.0], [2833.0, 1000.0], [2833.25, 2985.0], [2833.5, 10000.0], [2834.25, 2164.0], [2834.5, 7251.0], [2836.5, 500.0], [2838.5, 24485.0], [2838.75, 40000.0], [2841.25, 4542.0], [2843.5, 45894.0], [2844.25, 51340.0], [2845.0, 40000.0], [2845.75, 48722.0], [2846.0, 73665.0], [2850.0, 75360.0], [2851.5, 100.0]]}}}
{"jsonrpc": "2.0", "method": "subscription", "params": {"channel": "book.ETH-19DEC25.none.20.100ms", "data": {"timestamp": 1766003412505, "change_id": 101856355514, "instrument_name": "ETH-19DEC25", "bids": [[2831.0, 2000.0], [2830.75, 2373.0], [2830.5, 1250.0], [2830.25, 2668.0], [2830.0, 8937.0], [2827.0, 2165.0], [2826.75, 7252.0], [2824.25, 3716.0], [2824.0, 12450.0], [2823.0, 40000.0], [2821.5, 24277.0], [2820.75, 48797.0], [2819.75, 49915.0], [2819.0, 21204.0], [2818.0, 40000.0], [2817.0, 77210.0], [2812.75, 75635.0], [2811.0, 40100.0], [2802.0, 18169.0], [2800.75, 48927.0]], "asks": [[2831.5, 3988.0], [2831.75, 13674.0], [2832.0, 8937.0], [2832.75, 299.0], [2833.0, 1000.0], [2833.25, 2985.0], [2833.5, 10000.0], [2834.25, 2164.0], [2834.5, 7251.0], [2836.5, 500.0], [2838.5, 24485.0], [2838.75, 40000.0], [2841.25, 4542.0], [2843.5, 45894.0], [2844.25, 51340.0], [2845.0, 40000.0], [2845.75, 48722.0], [2846.0, 73665.0], [2850.0, 75360.0], [2851.5, 100.0]]}}}
