{"jsonrpc": "2.0", "id": 1, "result": ["book.ETH-21NOV25.none.20.100ms", "book.ETH-14NOV25.none.20.100ms"], "usIn": 1763065613141109, "usOut": 1763065613141407, "usDiff": 298, "testnet": false}
{"jsonrpc": "2.0", "method": "subscription", "params": {"channel": "book.ETH-21NOV25.none.20.100ms", "data": {"timestamp": 1763065612975, "change_id": 96645787776, "instrument_name": "ETH-21NOV25", "bids": [[3158.75, 700.0], [3158.5, 10099.0], [3158.25, 1250.0], [3158.0, 80.0], [3157.75, 209.0], [3157.5, 2167.0], [3157.25, 4915.0], [3156.0, 4330.0], [3155.75, 14505.0], [3152.75, 330.0], [3152.5, 1105.0], [3152.25, 6518.0], [3152.0, 21835.0], [3149.75, 6153.0], [3149.5, 400.0], [3149.25, 18498.0], [3148.75, 4423.0], [3148.5, 46076.0], [3148.0, 37585.0], [3146.75, 37636.0]], "asks": [[3159.25, 4915.0], [3159.5, 1250.0], [3159.75, 209.0], [3160.0, 2634.0], [3160.25, 25518.0], [3163.25, 4223.0], [3163.5, 14147.0], [3168.25, 2296.0], [3168.5, 6353.0], [3169.0, 40000.0], [3172.25, 18965.0], [3173.25, 2.0], [3173.5, 38546.0], [3173.75, 20451.0], [3175.5, 36581.0], [3176.5, 11.0], [3177.0, 37645.0], [3177.25, 40000.0], [3182.75, 37632.0], [3185.0, 40000.0]]}}}
{"jsonrpc": "2.0", "method": "subscription", "params": {"channel": "book.ETH-14NOV25.none.20.100ms", "data": {"timestamp": 1763065613074, "change_id": 96645787829, "instrument_name": "ETH-14NOV25", "bids": [[3158.0, 1250.0], [3157.75, 322.0], [3157.5, 1080.0], [3157.25, 2693.0], [3157.0, 9293.0], [3156.75, 4916.0], [3155.0, 4201.0], [3154.75, 14073.0], [3152.0, 6518.0], [3151.75, 21835.0], [3150.0, 12182.0], [3149.5, 400.0], [3148.75, 1105.0], [3148.5, 25667.0], [3148.25, 40000.0], [3148.0, 4423.0], [3147.75, 49505.0], [3147.25, 25665.0], [3146.25, 51225.0], [3145.25, 2.0]], "asks": [[3158.5, 2766.0], [3158.75, 6215.0], [3159.0, 1299.0], [3159.25, 1657.0], [3159.5, 2330.0], [3162.25, 14484.0], [3168.75, 25595.0], [3169.0, 40000.0], [3169.25, 400.0], [3172.75, 25710.0], [3173.5, 71192.0], [3176.0, 50710.0], [3176.5, 2.0], [3177.5, 40000.0], [3178.0, 76187.0], [3181.5, 40000.0], [3183.5, 73027.0], [3186.5, 50600.0], [3190.75, 11.0], [3196.5, 49852.0]]}}}
{"jsonrpc": "2.0", "method": "subscription", "params": {"channel": "book.ETH-14NOV25.none.20.100ms", "data": {"timestamp": 1763065613282, "change_id": 96645788532, "instrument_name": "ETH-14NOV25", "bids": [[3158.0, 1250.0], [3157.25, 2693.0], [3157.0, 10514.0], [3156.75, 4996.0], [3155.0, 4201.0], [3154.75, 14073.0], [3152.0, 6518.0], [3151.75, 21835.0], [3149.75, 12182.0], [3149.5, 400.0], [3148.75, 1105.0], [3148.5, 25667.0], [3148.25, 40000.0], [3148.0, 4423.0], [3147.75, 49505.0], [3146.75, 25665.0], [3146.25, 51225.0], [3145.25, 2.0], [3143.25, 11.0], [3143.0, 40000.0]], "asks": [[3158.5, 2766.0], [3158.75, 6215.0], [3159.0, 1633.0], [3159.25, 2549.0], [3159.5, 1080.0], [3162.25, 14484.0], [3168.75, 25595.0], [3169.0, 40000.0], [3169.25, 400.0], [3172.75, 25710.0], [3173.5, 71192.0], [3176.0, 50710.0], [3176.5, 2.0], [3177.5, 40000.0], [3178.0, 76187.0], [3181.5, 40000.0], [3183.5, 73027.0], [3186.5, 50600.0], [3190.75, 11.0], [3196.5, 49852.0]]}}}
{"jsonrpc": "2.0", "method": "subscription", "params": {"channel": "book.ETH-21NOV25.none.20.100ms", "data": {"timestamp": 1763065613293, "change_id": 96645788596, "instrument_name": "ETH-21NOV25", "bids": [[3158.5, 9726.0], [3158.0, 453.0], [3157.75, 1459.0], [3157.5, 2167.0], [3157.25, 4915.0], [3156.0, 4330.0], [3155.75, 14505.0], [3152.75, 330.0], [3152.5, 1105.0], [3152.25, 6518.0], [3152.0, 21835.0], [3149.75, 6153.0], [3149.5, 400.0], [3148.75, 4423.0], [3148.5, 40000.0], [3148.0, 56083.0], [3146.75, 37636.0], [3143.25, 40000.0], [3143.0, 36412.0], [3142.75, 17695.0]], "asks": [[3159.25, 5264.0], [3159.5, 1250.0], [3159.75, 209.0], [3160.0, 700.0], [3160.25, 80.0], [3163.25, 4223.0], [3163.5, 14147.0], [3168.25, 2296.0], [3168.5, 6353.0], [3169.0, 40000.0], [3172.25, 18965.0], [3173.25, 2.0], [3173.5, 38546.0], [3173.75, 20451.0], [3175.5, 36581.0], [3176.5, 11.0], [3177.0, 37645.0], [3177.25, 40000.0], [3182.75, 37632.0], [3185.0, 40000.0]]}}}
{"jsonrpc": "2.0", "method": "subscription", "params": {"channel": "book.ETH-14NOV25.none.20.100ms", "data": {"timestamp": 1763065613586, "change_id": 96645789490, "instrument_name": "ETH-14NOV25", "bids": [[3157.5, 1250.0], [3156.75, 1547.0], [3156.5, 4916.0], [3153.25, 4329.0], [3153.0, 14502.0], [3152.0, 6518.0], [3151.75, 21835.0], [3149.5, 4036.0], [3149.25, 12182.0], [3149.0, 330.0], [3148.75, 8767.0], [3148.5, 25667.0], [3148.25, 40000.0], [3148.0, 4423.0], [3147.75, 49505.0], [3146.25, 76890.0], [3145.25, 2.0], [3143.25, 11.0], [3143.0, 40000.0], [3141.75, 77077.0]], "asks": [[3158.0, 1000.0], [3158.25, 6215.0], [3158.5, 1299.0], [3158.75, 1299.0], [3159.0, 3601.0], [3159.25, 8718.0], [3162.25, 14484.0], [3167.25, 400.0], [3168.75, 25595.0], [3169.0, 40000.0], [3172.75, 25710.0], [3173.5, 71192.0], [3176.0, 50710.0], [3176.5, 2.0], [3177.5, 40000.0], [3178.0, 76187.0], [3181.5, 40000.0], [3183.5, 73027.0], [3186.5, 50600.0], [3190.75, 11.0]]}}}
{"jsonrpc": "2.0", "method": "subscription", "params": {"channel": "book.ETH-21NOV25.none.20.100ms", "data": {"timestamp": 1763065613587, "change_id": 96645789491, "instrument_name": "ETH-21NOV25", "bids": [[3158.5, 700.0], [3158.0, 373.0], [3157.75, 1459.0], [3157.5, 2167.0], [3157.25, 4995.0], [3154.5, 4307.0], [3154.25, 14430.0], [3152.75, 330.0], [3152.5, 1105.0], [3152.25, 6518.0], [3152.0, 21835.0], [3149.75, 6153.0], [3149.5, 400.0], [3148.75, 4423.0], [3148.5, 40000.0], [3148.0, 56083.0], [3147.5, 6076.0], [3146.75, 37636.0], [3143.25, 40000.0], [3143.0, 36412.0]], "asks": [[3159.0, 700.0], [3159.25, 6165.0], [3159.5, 973.0], [3159.75, 6757.0], [3160.0, 700.0], [3163.25, 4223.0], [3163.5, 14147.0], [3168.25, 400.0], [3168.5, 6353.0], [3169.0, 40000.0], [3172.25, 18965.0], [3173.25, 2.0], [3173.5, 38546.0], [3173.75, 20451.0], [3175.5, 36581.0], [3176.5, 11.0], [3177.0, 37645.0], [3177.25, 40000.0], [3182.75, 37632.0], [3185.0, 40000.0]]}}}
{"jsonrpc": "2.0", "method": "subscription", "params": {"channel": "book.ETH-14NOV25.none.20.100ms", "data": {"timestamp": 1763065613958, "change_id": 96645790974, "instrument_name": "ETH-14NOV25", "bids": [[3156.75, 80.0], [3156.25, 1467.0], [3156.0, 4916.0], [3153.25, 4329.0], [3153.0, 14502.0], [3152.0, 6518.0], [3151.75, 21835.0], [3149.5, 400.0], [3149.0, 330.0], [3148.75, 1105.0], [3148.25, 40000.0], [3148.0, 4423.0], [3147.0, 25667.0], [3145.25, 49507.0], [3145.0, 25665.0], [3143.25, 11.0], [3143.0, 40000.0], [3142.5, 51225.0], [3141.25, 76945.0], [3141.0, 17695.0]], "asks": [[3157.5, 878.0], [3157.75, 6215.0], [3158.0, 1299.0], [3158.25, 1299.0], [3158.5, 1299.0], [3158.75, 1657.0], [3159.0, 4851.0], [3159.25, 6468.0], [3167.25, 400.0], [3168.75, 25595.0], [3169.0, 40000.0], [3173.5, 71192.0], [3176.0, 76420.0], [3176.5, 2.0], [3177.5, 40000.0], [3178.0, 76187.0], [3181.5, 40000.0], [3183.5, 73027.0], [3186.5, 50600.0], [3190.75, 11.0]]}}}
{"jsonrpc": "2.0", "method": "subscription", "params": {"channel": "book.ETH-21NOV25.none.20.100ms", "data": {"timestamp": 1763065613956, "change_id": 96645790963, "instrument_name": "ETH-21NOV25", "bids": [[3157.75, 209.0], [3157.5, 700.0], [3157.25, 80.0], [3157.0, 1467.0], [3156.75, 4915.0], [3154.5, 4307.0], [3154.25, 14430.0], [3152.75, 330.0], [3152.5, 1105.0], [3152.25, 6518.0], [3152.0, 21835.0], [3149.5, 400.0], [3148.75, 4423.0], [3148.5, 40000.0], [3148.25, 6153.0], [3146.0, 37585.0], [3144.75, 6076.0], [3143.25, 40000.0], [3143.0, 36412.0], [3142.75, 17695.0]], "asks": [[3158.75, 5824.0], [3159.0, 1033.0], [3159.25, 1250.0], [3159.5, 1801.0], [3159.75, 6757.0], [3163.25, 4223.0], [3168.25, 400.0], [3168.5, 6353.0], [3169.0, 40000.0], [3173.25, 2.0], [3173.5, 38546.0], [3173.75, 20451.0], [3174.75, 18965.0], [3175.5, 36581.0], [3176.5, 11.0], [3177.0, 37645.0], [3177.25, 40000.0], [3182.75, 37632.0], [3185.0, 40000.0], [3191.5, 45.0]]}}}
{"jsonrpc": "2.0", "method": "subscription", "params": {"channel": "book.ETH-14NOV25.none.20.100ms", "data": {"timestamp": 1763065614199, "change_id": 96645791766, "instrument_name": "ETH-14NOV25", "bids": [[3156.75, 80.0], [3156.25, 1467.0], [3156.0, 6166.0], [3153.25, 4329.0], [3153.0, 14502.0], [3152.0, 6518.0], [3151.75, 21835.0], [3149.5, 400.0], [3149.0, 330.0], [3148.75, 1105.0], [3148.25, 40000.0], [3148.0, 4423.0], [3147.25, 12182.0], [3147.0, 25667.0], [3145.25, 49507.0], [3143.25, 11.0], [3143.0, 40000.0], [3142.5, 51225.0], [3141.25, 76945.0], [3141.0, 17695.0]], "asks": [[3157.5, 1000.0], [3157.75, 5916.0], [3158.0, 1299.0], [3158.25, 1299.0], [3158.5, 1299.0], [3158.75, 1657.0], [3159.0, 2330.0], [3162.0, 14905.0], [3167.25, 400.0], [3168.75, 25595.0], [3169.0, 40000.0], [3173.5, 71192.0], [3176.0, 76420.0], [3176.5, 2.0], [3177.5, 40000.0], [3178.0, 76187.0], [3181.5, 40000.0], [3183.5, 73027.0], [3186.5, 50600.0], [3190.75, 11.0]]}}}
{"jsonrpc": "2.0", "method": "subscription", "params": {"channel": "book.ETH-21NOV25.none.20.100ms", "data": {"timestamp": 1763065614198, "change_id": 96645791764, "instrument_name": "ETH-21NOV25", "bids": [[3157.75, 209.0], [3157.5, 700.0], [3157.25, 80.0], [3157.0, 1467.0], [3156.75, 4915.0], [3156.5, 373.0], [3156.25, 1250.0], [3154.5, 4307.0], [3154.25, 14430.0], [3152.75, 330.0], [3152.5, 1105.0], [3152.25, 6518.0], [3152.0, 21835.0], [3149.5, 400.0], [3148.75, 4423.0], [3148.5, 40000.0], [3148.25, 6153.0], [3146.0, 56083.0], [3144.75, 6076.0], [3143.5, 37636.0]], "asks": [[3158.75, 5615.0], [3159.0, 1250.0], [3159.75, 80.0], [3163.0, 4442.0], [3163.25, 14882.0], [3168.25, 400.0], [3168.5, 6353.0], [3169.0, 40000.0], [3173.25, 2.0], [3173.5, 38546.0], [3173.75, 20451.0], [3174.75, 18965.0], [3175.5, 36581.0], [3176.5, 11.0], [3177.0, 37645.0], [3177.25, 40000.0], [3182.75, 37632.0], [3185.0, 40000.0], [3191.5, 45.0], [3193.5, 24848.0]]}}}
{"jsonrpc": "2.0", "method": "subscription", "params": {"channel": "book.ETH-14NOV25.none.20.100ms", "data": {"timestamp": 1763065614584, "change_id": 96645792704, "instrument_name": "ETH-14NOV25", "bids": [[3156.25, 1467.0], [3156.0, 6246.0], [3153.25, 4329.0], [3153.0, 14502.0], [3152.0, 6518.0], [3151.75, 21835.0], [3149.5, 400.0], [3149.0, 330.0], [3148.75, 1105.0], [3148.5, 11940.0], [3148.25, 41320.0], [3148.0, 4423.0], [3147.5, 12182.0], [3147.0, 25667.0], [3145.25, 49507.0], [3143.5, 25665.0], [3143.25, 11.0], [3143.0, 40000.0], [3142.5, 51225.0], [3141.25, 76945.0]], "asks": [[3157.5, 1000.0], [3157.75, 6215.0], [3158.0, 1299.0], [3158.25, 1299.0], [3158.5, 1633.0], [3158.75, 2549.0], [3159.0, 1080.0], [3162.0, 14905.0], [3167.25, 400.0], [3168.75, 25595.0], [3169.0, 40000.0], [3173.5, 71192.0], [3176.0, 76420.0], [3176.5, 2.0], [3177.5, 40000.0], [3178.0, 76187.0], [3181.5, 40000.0], [3183.5, 73027.0], [3186.5, 50600.0], [3190.75, 11.0]]}}}
{"jsonrpc": "2.0", "method": "subscription", "params": {"channel": "book.ETH-21NOV25.none.20.100ms", "data": {"timestamp": 1763065614445, "change_id": 96645792230, "instrument_name": "ETH-21NOV25", "bids": [[3157.75, 209.0], [3157.5, 700.0], [3157.25, 80.0], [3157.0, 1467.0], [3156.75, 4915.0], [3156.5, 373.0], [3156.25, 1250.0], [3154.5, 4307.0], [3154.25, 14430.0], [3152.75, 330.0], [3152.5, 1105.0], [3152.25, 6518.0], [3152.0, 21835.0], [3149.5, 400.0], [3148.75, 4423.0], [3148.5, 40000.0], [3148.25, 6153.0], [3146.0, 56083.0], [3144.75, 6076.0], [3143.5, 37636.0]], "asks": [[3158.75, 5615.0], [3159.0, 2286.0], [3159.25, 25431.0], [3159.75, 80.0], [3163.0, 4442.0], [3163.25, 14882.0], [3168.25, 400.0], [3168.5, 6353.0], [3169.0, 40000.0], [3173.25, 2.0], [3173.5, 38546.0], [3173.75, 20451.0], [3174.75, 18965.0], [3175.5, 36581.0], [3176.5, 11.0], [3177.0, 37645.0], [3177.25, 40000.0], [3182.75, 37632.0], [3185.0, 40000.0], [3191.5, 45.0]]}}}
{"jsonrpc": "2.0", "method": "subscription", "params": {"channel": "book.ETH-14NOV25.none.20.100ms", "data": {"timestamp": 1763065614949, "change_id": 96645793822, "instrument_name": "ETH-14NOV25", "bids": [[3156.75, 249.0], [3156.25, 8887.0], [3156.0, 25406.0], [3155.0, 80.0], [3153.25, 4329.0], [3153.0, 14502.0], [3152.0, 6518.0], [3151.75, 21835.0], [3149.0, 330.0], [3148.75, 1105.0], [3148.5, 11940.0], [3148.25, 41320.0], [3148.0, 4423.0], [3147.25, 12182.0], [3147.0, 25667.0], [3146.5, 400.0], [3145.25, 49507.0], [3143.25, 25676.0], [3143.0, 40000.0], [3142.5, 51225.0]], "asks": [[3157.25, 6290.0], [3157.5, 2766.0], [3157.75, 1299.0], [3158.0, 1299.0], [3158.25, 1299.0], [3158.5, 1713.0], [3158.75, 2549.0], [3162.0, 14905.0], [3167.25, 400.0], [3168.75, 25595.0], [3169.0, 40000.0], [3173.5, 20452.0], [3176.0, 76420.0], [3176.5, 2.0], [3177.5, 40000.0], [3178.0, 76187.0], [3181.5, 40000.0], [3183.5, 73027.0], [3186.5, 50600.0], [3190.75, 11.0]]}}}
{"jsonrpc": "2.0", "method": "subscription", "params": {"channel": "book.ETH-21NOV25.none.20.100ms", "data": {"timestamp": 1763065614949, "change_id": 96645793820, "instrument_name": "ETH-21NOV25", "bids": [[3157.25, 209.0], [3157.0, 700.0], [3155.75, 80.0], [3154.5, 4307.0], [3154.25, 14430.0], [3152.75, 330.0], [3152.5, 1105.0], [3152.25, 6518.0], [3152.0, 21835.0], [3148.75, 4423.0], [3148.5, 40000.0], [3147.5, 6153.0], [3147.25, 400.0], [3146.0, 57333.0], [3143.5, 37636.0], [3143.25, 40000.0], [3143.0, 36412.0], [3142.75, 17695.0], [3138.75, 40056.0], [3135.0, 25200.0]], "asks": [[3158.25, 5615.0], [3158.5, 943.0], [3158.75, 1049.0], [3159.0, 3425.0], [3159.25, 25511.0], [3163.0, 4442.0], [3163.25, 14882.0], [3168.25, 400.0], [3168.5, 6353.0], [3169.0, 40000.0], [3173.25, 2.0], [3173.75, 20451.0], [3174.75, 18965.0], [3175.5, 36581.0], [3176.5, 11.0], [3177.0, 37645.0], [3177.25, 40000.0], [3182.75, 37632.0], [3185.0, 40000.0], [3191.5, 45.0]]}}}
{"jsonrpc": "2.0", "method": "subscription", "params": {"channel": "book.ETH-14NOV25.none.20.100ms", "data": {"timestamp": 1763065615265, "change_id": 96645795639, "instrument_name": "ETH-14NOV25", "bids": [[3155.5, 1467.0], [3155.25, 4916.0], [3155.0, 80.0], [3153.25, 4329.0], [3153.0, 14502.0], [3152.0, 6518.0], [3151.75, 21835.0], [3149.0, 330.0], [3148.75, 1105.0], [3148.5, 11940.0], [3148.25, 41320.0], [3148.0, 4423.0], [3146.5, 400.0], [3145.25, 49507.0], [3144.25, 25667.0], [3143.25, 11.0], [3143.0, 40000.0], [3142.5, 51225.0], [3141.25, 76945.0], [3141.0, 43360.0]], "asks": [[3157.0, 1000.0], [3157.25, 11206.0], [3157.5, 1299.0], [3157.75, 1299.0], [3158.0, 1379.0], [3158.25, 1299.0], [3158.5, 1633.0], [3158.75, 2250.0], [3160.5, 14508.0], [3167.25, 400.0], [3167.75, 20417.0], [3168.75, 25595.0], [3169.0, 40000.0], [3176.0, 76420.0], [3176.5, 2.0], [3177.25, 50740.0], [3177.5, 40000.0], [3178.0, 76187.0], [3181.5, 40000.0], [3183.5, 73027.0]]}}}
{"jsonrpc": "2.0", "method": "subscription", "params": {"channel": "book.ETH-21NOV25.none.20.100ms", "data": {"timestamp": 1763065615272, "change_id": 96645795652, "instrument_name": "ETH-21NOV25", "bids": [[3156.25, 1467.0], [3156.0, 4915.0], [3155.75, 80.0], [3154.5, 4307.0], [3154.25, 14430.0], [3152.75, 330.0], [3152.5, 1105.0], [3152.25, 6518.0], [3152.0, 21835.0], [3148.75, 4423.0], [3148.5, 40000.0], [3147.25, 400.0], [3146.5, 6153.0], [3146.0, 56083.0], [3143.5, 37636.0], [3143.25, 40000.0], [3143.0, 36412.0], [3142.75, 17695.0], [3142.25, 6076.0], [3138.75, 40056.0]], "asks": [[3157.75, 5615.0], [3158.0, 700.0], [3158.25, 909.0], [3158.5, 943.0], [3158.75, 1129.0], [3159.0, 1250.0], [3161.5, 14509.0], [3168.25, 400.0], [3168.5, 6353.0], [3169.0, 40000.0], [3173.25, 2.0], [3173.75, 20451.0], [3174.75, 18965.0], [3175.5, 36581.0], [3176.5, 11.0], [3177.0, 37645.0], [3177.25, 78546.0], [3182.75, 37632.0], [3185.0, 40000.0], [3191.5, 45.0]]}}}
{"jsonrpc": "2.0", "method": "subscription", "params": {"channel": "book.ETH-14NOV25.none.20.100ms", "data": {"timestamp": 1763065615507, "change_id": 96645796454, "instrument_name": "ETH-14NOV25", "bids": [[3156.25, 280.0], [3156.0, 1274.0], [3155.75, 4000.0], [3155.5, 1467.0], [3155.25, 4916.0], [3153.25, 4329.0], [3153.0, 14502.0], [3152.0, 6518.0], [3151.75, 21835.0], [3149.0, 330.0], [3148.75, 1105.0], [3148.5, 11940.0], [3148.25, 41320.0], [3148.0, 4423.0], [3147.75, 1250.0], [3146.5, 400.0], [3145.25, 49507.0], [3144.25, 25667.0], [3143.25, 11.0], [3143.0, 40000.0]], "asks": [[3157.0, 1000.0], [3157.25, 6215.0], [3157.5, 1299.0], [3157.75, 1299.0], [3158.0, 1379.0], [3158.25, 1299.0], [3158.5, 1633.0], [3158.75, 2250.0], [3160.5, 14508.0], [3167.25, 400.0], [3167.75, 20417.0], [3168.75, 25595.0], [3169.0, 40000.0], [3176.0, 76420.0], [3176.5, 2.0], [3177.25, 50740.0], [3177.5, 40000.0], [3178.0, 76187.0], [3181.5, 40000.0], [3183.5, 73027.0]]}}}
{"jsonrpc": "2.0", "method": "subscription", "params": {"channel": "book.ETH-21NOV25.none.20.100ms", "data": {"timestamp": 1763065615544, "change_id": 96645796570, "instrument_name": "ETH-21NOV25", "bids": [[3157.25, 909.0], [3157.0, 700.0], [3156.75, 80.0], [3156.25, 1467.0], [3156.0, 4915.0], [3154.5, 4307.0], [3154.25, 14430.0], [3152.25, 6518.0], [3152.0, 21835.0], [3149.0, 1650.0], [3148.75, 17468.0], [3148.5, 40000.0], [3148.0, 1250.0], [3147.25, 400.0], [3146.25, 6153.0], [3146.0, 56083.0], [3143.5, 37636.0], [3143.25, 40000.0], [3143.0, 36412.0], [3142.75, 17695.0]], "asks": [[3157.75, 700.0], [3158.25, 5615.0], [3158.5, 1275.0], [3158.75, 2030.0], [3161.5, 14509.0], [3168.25, 400.0], [3168.5, 6353.0], [3169.0, 40000.0], [3173.25, 2.0], [3173.75, 20451.0], [3174.75, 18965.0], [3175.5, 36581.0], [3176.5, 11.0], [3177.0, 37645.0], [3177.25, 78546.0], [3182.75, 37632.0], [3185.0, 40000.0], [3191.5, 45.0], [3193.5, 24848.0], [3196.75, 24612.0]]}}}
{"jsonrpc": "2.0", "method": "subscription", "params": {"channel": "book.ETH-14NOV25.none.20.100ms", "data": {"timestamp": 1763065615908, "change_id": 96645797526, "instrument_name": "ETH-14NOV25", "bids": [[3156.25, 322.0], [3156.0, 6342.0], [3155.75, 15131.0], [3155.5, 8862.0], [3155.25, 25401.0], [3153.25, 4329.0], [3153.0, 14502.0], [3152.0, 6518.0], [3151.75, 21835.0], [3149.0, 661.0], [3148.75, 2355.0], [3148.5, 11940.0], [3148.25, 41320.0], [3148.0, 4423.0], [3146.5, 400.0], [3145.25, 49507.0], [3144.25, 25667.0], [3143.25, 11.0], [3143.0, 40000.0], [3142.5, 51225.0]], "asks": [[3157.25, 1000.0], [3157.5, 1299.0], [3157.75, 1299.0], [3158.0, 1299.0], [3158.25, 1299.0], [3158.5, 1000.0], [3163.0, 14902.0], [3167.25, 400.0], [3167.75, 20417.0], [3168.75, 25595.0], [3169.0, 40000.0], [3176.0, 76420.0], [3176.5, 2.0], [3177.25, 50740.0], [3177.5, 40000.0], [3178.0, 76187.0], [3181.5, 40000.0], [3183.5, 73027.0], [3186.5, 50600.0], [3190.75, 11.0]]}}}
{"jsonrpc": "2.0", "method": "subscription", "params": {"channel": "book.ETH-21NOV25.none.20.100ms", "data": {"timestamp": 1763065615920, "change_id": 96645797559, "instrument_name": "ETH-21NOV25", "bids": [[3157.5, 1446.0], [3157.25, 9934.0], [3157.0, 700.0], [3156.75, 80.0], [3156.25, 1467.0], [3156.0, 4915.0], [3154.5, 4307.0], [3154.25, 14430.0], [3152.25, 6518.0], [3152.0, 21835.0], [3149.0, 1650.0], [3148.75, 18718.0], [3148.5, 40000.0], [3147.25, 400.0], [3146.0, 56083.0], [3143.5, 37636.0], [3143.25, 40000.0], [3143.0, 36412.0], [3142.75, 17695.0], [3138.75, 40056.0]], "asks": [[3158.5, 700.0], [3161.25, 4331.0], [3161.5, 14509.0], [3168.25, 2296.0], [3168.5, 6353.0], [3169.0, 40000.0], [3173.25, 2.0], [3173.75, 20451.0], [3174.75, 18965.0], [3175.5, 36581.0], [3176.5, 11.0], [3177.0, 37645.0], [3177.25, 78546.0], [3182.75, 37632.0], [3185.0, 40000.0], [3191.5, 45.0], [3193.5, 24848.0], [3196.75, 24612.0], [3209.5, 25556.0], [3225.0, 5528.0]]}}}
{"jsonrpc": "2.0", "method": "subscription", "params": {"channel": "book.ETH-14NOV25.none.20.100ms", "data": {"timestamp": 1763065616272, "change_id": 96645798953, "instrument_name": "ETH-14NOV25", "bids": [[3156.75, 322.0], [3156.5, 1080.0], [3156.25, 322.0], [3156.0, 6010.0], [3155.75, 15131.0], [3155.5, 9232.0], [3155.25, 25401.0], [3153.25, 4329.0], [3153.0, 14502.0], [3152.0, 6518.0], [3151.75, 21835.0], [3150.25, 373.0], [3150.0, 1250.0], [3149.0, 330.0], [3148.75, 1105.0], [3148.5, 11940.0], [3148.25, 41320.0], [3148.0, 4423.0], [3146.5, 400.0], [3146.0, 12182.0]], "asks": [[3157.5, 1000.0], [3157.75, 5916.0], [3158.0, 1299.0], [3158.25, 1299.0], [3158.5, 1000.0], [3158.75, 453.0], [3159.0, 1250.0], [3160.5, 14276.0], [3167.25, 400.0], [3167.75, 20417.0], [3168.75, 25595.0], [3169.0, 40000.0], [3176.0, 76420.0], [3176.5, 2.0], [3177.25, 50740.0], [3177.5, 40000.0], [3178.0, 76187.0], [3181.5, 40000.0], [3183.5, 73027.0], [3186.5, 50600.0]]}}}
{"jsonrpc": "2.0", "method": "subscription", "params": {"channel": "book.ETH-21NOV25.none.20.100ms", "data": {"timestamp": 1763065616264, "change_id": 96645798925, "instrument_name": "ETH-21NOV25", "bids": [[3157.5, 2131.0], [3157.25, 10014.0], [3157.0, 700.0], [3156.75, 1467.0], [3156.5, 4915.0], [3154.5, 4307.0], [3154.25, 14430.0], [3152.25, 6518.0], [3152.0, 21835.0], [3150.5, 373.0], [3150.25, 1250.0], [3149.0, 1650.0], [3148.75, 17468.0], [3148.5, 40000.0], [3147.25, 400.0], [3147.0, 6153.0], [3146.0, 56083.0], [3143.5, 37636.0], [3143.25, 40000.0], [3143.0, 36412.0]], "asks": [[3158.5, 4915.0], [3159.0, 1250.0], [3159.5, 80.0], [3161.25, 4338.0], [3161.5, 14533.0], [3168.25, 400.0], [3168.5, 6353.0], [3169.0, 40000.0], [3173.25, 2.0], [3173.75, 20451.0], [3174.75, 18965.0], [3175.5, 36581.0], [3176.5, 11.0], [3177.0, 37645.0], [3177.25, 78546.0], [3182.75, 37632.0], [3185.0, 40000.0], [3191.5, 45.0], [3193.5, 24848.0], [3196.75, 24612.0]]}}}
{"jsonrpc": "2.0", "method": "subscription", "params": {"channel": "book.ETH-14NOV25.none.20.100ms", "data": {"timestamp": 1763065616577, "change_id": 96645800520, "instrument_name": "ETH-14NOV25", "bids": [[3156.75, 322.0], [3156.5, 1080.0], [3156.25, 322.0], [3156.0, 4816.0], [3155.75, 15131.0], [3153.25, 4329.0], [3153.0, 14502.0], [3152.0, 6518.0], [3151.75, 21835.0], [3151.0, 373.0], [3150.75, 1250.0], [3149.0, 330.0], [3148.75, 1105.0], [3148.5, 11940.0], [3148.25, 41320.0], [3148.0, 4423.0], [3146.5, 12582.0], [3145.25, 49507.0], [3144.25, 25667.0], [3143.25, 11.0]], "asks": [[3157.25, 1299.0], [3157.5, 2766.0], [3157.75, 6215.0], [3158.0, 1299.0], [3158.25, 1299.0], [3158.5, 1000.0], [3159.0, 453.0], [3159.25, 1250.0], [3162.25, 14901.0], [3167.25, 400.0], [3167.75, 20417.0], [3168.75, 25595.0], [3169.0, 40000.0], [3176.0, 76420.0], [3176.5, 2.0], [3177.25, 50740.0], [3177.5, 40000.0], [3178.0, 76187.0], [3181.5, 40000.0], [3183.5, 73027.0]]}}}
{"jsonrpc": "2.0", "method": "subscription", "params": {"channel": "book.ETH-21NOV25.none.20.100ms", "data": {"timestamp": 1763065616583, "change_id": 96645800555, "instrument_name": "ETH-21NOV25", "bids": [[3157.25, 10014.0], [3157.0, 700.0], [3156.75, 1467.0], [3156.5, 4915.0], [3154.5, 4307.0], [3154.25, 14430.0], [3152.25, 6518.0], [3152.0, 21835.0], [3150.5, 373.0], [3150.25, 1250.0], [3149.25, 400.0], [3149.0, 1650.0], [3148.75, 17468.0], [3148.5, 40000.0], [3147.25, 6153.0], [3146.0, 56083.0], [3143.5, 37636.0], [3143.25, 46076.0], [3143.0, 36412.0], [3142.75, 17695.0]], "asks": [[3158.5, 5824.0], [3158.75, 700.0], [3159.75, 80.0], [3163.0, 4370.0], [3163.25, 14640.0], [3168.25, 400.0], [3168.5, 6353.0], [3169.0, 40000.0], [3173.25, 2.0], [3173.75, 20451.0], [3174.75, 18965.0], [3175.5, 36581.0], [3176.5, 11.0], [3177.0, 37645.0], [3177.25, 78546.0], [3182.75, 37632.0], [3185.0, 40000.0], [3191.5, 45.0], [3193.5, 24848.0], [3196.75, 24612.0]]}}}
{"jsonrpc": "2.0", "method": "subscription", "params": {"channel": "book.ETH-14NOV25.none.20.100ms", "data": {"timestamp": 1763065616934, "change_id": 96645802067, "instrument_name": "ETH-14NOV25", "bids": [[3156.25, 679.0], [3156.0, 3693.0], [3155.75, 10215.0], [3155.5, 4916.0], [3155.25, 80.0], [3153.25, 4329.0], [3153.0, 14502.0], [3152.0, 6518.0], [3151.75, 21835.0], [3151.0, 373.0], [3150.75, 1250.0], [3149.0, 330.0], [3148.75, 1105.0], [3148.5, 11940.0], [3148.25, 40000.0], [3146.5, 4823.0], [3145.75, 12182.0], [3145.25, 49507.0], [3144.25, 25667.0], [3143.25, 11.0]], "asks": [[3157.0, 2410.0], [3157.25, 6215.0], [3157.5, 1299.0], [3157.75, 1000.0], [3158.0, 80.0], [3158.75, 299.0], [3159.0, 1373.0], [3159.25, 1250.0], [3160.5, 14827.0], [3167.25, 400.0], [3167.75, 20417.0], [3168.75, 25595.0], [3169.0, 40000.0], [3176.0, 76420.0], [3176.5, 2.0], [3177.25, 50740.0], [3177.5, 40000.0], [3178.0, 76187.0], [3181.5, 40000.0], [3183.5, 73027.0]]}}}
{"jsonrpc": "2.0", "method": "subscription", "params": {"channel": "book.ETH-21NOV25.none.20.100ms", "data": {"timestamp": 1763065616936, "change_id": 96645802073, "instrument_name": "ETH-21NOV25", "bids": [[3157.5, 700.0], [3157.25, 9725.0], [3156.25, 1491.0], [3156.0, 4995.0], [3154.5, 4307.0], [3154.25, 14430.0], [3152.25, 6518.0], [3152.0, 21835.0], [3150.5, 373.0], [3150.25, 1250.0], [3149.25, 400.0], [3149.0, 1650.0], [3148.75, 17468.0], [3148.5, 40000.0], [3146.0, 56083.0], [3143.5, 37636.0], [3143.25, 40000.0], [3143.0, 36412.0], [3142.75, 17695.0], [3142.5, 6076.0]], "asks": [[3158.0, 4915.0], [3158.25, 700.0], [3158.75, 2553.0], [3159.0, 25428.0], [3161.5, 4447.0], [3161.75, 14899.0], [3168.25, 21097.0], [3168.5, 6353.0], [3169.0, 40000.0], [3173.25, 2.0], [3174.75, 18965.0], [3175.5, 36581.0], [3176.5, 11.0], [3177.0, 37645.0], [3177.25, 78546.0], [3182.75, 37632.0], [3185.0, 40000.0], [3191.5, 45.0], [3193.5, 24848.0], [3196.75, 24612.0]]}}}
{"jsonrpc": "2.0", "method": "subscription", "params": {"channel": "book.ETH-14NOV25.none.20.100ms", "data": {"timestamp": 1763065617240, "change_id": 96645802813, "instrument_name": "ETH-14NOV25", "bids": [[3156.25, 322.0], [3156.0, 1000.0], [3155.75, 1274.0], [3155.5, 4916.0], [3155.25, 2692.0], [3155.0, 9018.0], [3153.25, 4329.0], [3153.0, 14502.0], [3152.0, 6518.0], [3151.75, 23085.0], [3149.0, 330.0], [3148.75, 1105.0], [3148.5, 11940.0], [3148.25, 40000.0], [3146.5, 4823.0], [3145.75, 12182.0], [3145.25, 49507.0], [3144.25, 25667.0], [3143.25, 11.0], [3143.0, 40000.0]], "asks": [[3157.25, 6215.0], [3157.5, 1299.0], [3157.75, 1000.0], [3158.0, 80.0], [3158.5, 373.0], [3158.75, 1549.0], [3159.0, 1000.0], [3160.5, 14827.0], [3167.25, 400.0], [3167.75, 20417.0], [3168.75, 25595.0], [3169.0, 40000.0], [3176.0, 76420.0], [3176.5, 2.0], [3177.25, 50740.0], [3177.5, 40000.0], [3178.0, 76187.0], [3181.5, 40000.0], [3183.5, 73027.0], [3186.5, 50600.0]]}}}
{"jsonrpc": "2.0", "method": "subscription", "params": {"channel": "book.ETH-21NOV25.none.20.100ms", "data": {"timestamp": 1763065617225, "change_id": 96645802673, "instrument_name": "ETH-21NOV25", "bids": [[3157.5, 909.0], [3157.25, 700.0], [3156.5, 2773.0], [3156.25, 10512.0], [3156.0, 4915.0], [3154.5, 4307.0], [3154.25, 14430.0], [3152.25, 6518.0], [3152.0, 22208.0], [3151.75, 1250.0], [3149.25, 400.0], [3149.0, 1650.0], [3148.75, 17468.0], [3148.5, 40000.0], [3146.0, 56083.0], [3143.5, 37636.0], [3143.25, 40000.0], [3143.0, 36412.0], [3142.75, 17695.0], [3142.5, 6076.0]], "asks": [[3158.0, 4915.0], [3158.75, 80.0], [3161.5, 4447.0], [3161.75, 14899.0], [3168.25, 21097.0], [3168.5, 6353.0], [3169.0, 40000.0], [3173.25, 2.0], [3174.75, 18965.0], [3175.5, 36581.0], [3176.5, 11.0], [3177.0, 37645.0], [3177.25, 78546.0], [3182.75, 37632.0], [3185.0, 40000.0], [3191.5, 45.0], [3193.5, 24848.0], [3196.75, 24612.0], [3209.5, 25556.0], [3225.0, 5528.0]]}}}
{"jsonrpc": "2.0", "method": "subscription", "params": {"channel": "book.ETH-14NOV25.none.20.100ms", "data": {"timestamp": 1763065617591, "change_id": 96645803783, "instrument_name": "ETH-14NOV25", "bids": [[3156.25, 322.0], [3156.0, 2506.0], [3155.75, 6238.0], [3155.5, 4916.0], [3155.25, 2692.0], [3155.0, 9018.0], [3153.25, 4329.0], [3153.0, 14502.0], [3152.75, 1250.0], [3152.0, 6518.0], [3151.75, 21835.0], [3149.0, 330.0], [3148.75, 1105.0], [3148.5, 11940.0], [3148.25, 40000.0], [3146.5, 4823.0], [3145.75, 12182.0], [3145.25, 49507.0], [3144.25, 25667.0], [3143.25, 11.0]], "asks": [[3157.25, 2766.0], [3157.5, 6215.0], [3157.75, 1000.0], [3158.75, 299.0], [3159.0, 1080.0], [3160.5, 14827.0], [3167.25, 400.0], [3167.75, 20417.0], [3168.75, 25595.0], [3169.0, 40000.0], [3176.0, 76420.0], [3176.5, 2.0], [3177.25, 50740.0], [3177.5, 40000.0], [3178.0, 76187.0], [3181.5, 40000.0], [3183.5, 73027.0], [3186.5, 50600.0], [3190.75, 11.0], [3196.5, 49852.0]]}}}
{"jsonrpc": "2.0", "method": "subscription", "params": {"channel": "book.ETH-21NOV25.none.20.100ms", "data": {"timestamp": 1763065617593, "change_id": 96645803788, "instrument_name": "ETH-21NOV25", "bids": [[3157.5, 909.0], [3157.25, 700.0], [3156.5, 2773.0], [3156.25, 10512.0], [3156.0, 4915.0], [3154.5, 4307.0], [3154.25, 14430.0], [3153.0, 373.0], [3152.75, 1250.0], [3152.25, 6518.0], [3152.0, 21835.0], [3149.25, 400.0], [3149.0, 1650.0], [3148.75, 17468.0], [3148.5, 40000.0], [3146.0, 56083.0], [3143.5, 37636.0], [3143.25, 40000.0], [3143.0, 36412.0], [3142.75, 17695.0]], "asks": [[3158.25, 4915.0], [3159.25, 209.0], [3159.5, 700.0], [3159.75, 80.0], [3161.5, 4447.0], [3161.75, 14899.0], [3168.25, 21097.0], [3168.5, 6353.0], [3169.0, 40000.0], [3173.25, 2.0], [3174.75, 18965.0], [3175.5, 36581.0], [3176.5, 11.0], [3177.0, 37645.0], [3177.25, 78546.0], [3182.75, 37632.0], [3185.0, 40000.0], [3191.5, 45.0], [3193.5, 24848.0], [3196.75, 24612.0]]}}}
{"jsonrpc": "2.0", "method": "subscription", "params": {"channel": "book.ETH-14NOV25.none.20.100ms", "data": {"timestamp": 1763065617853, "change_id": 96645804382, "instrument_name": "ETH-14NOV25", "bids": [[3156.75, 299.0], [3156.5, 1299.0], [3156.25, 1322.0], [3156.0, 2506.0], [3155.75, 7238.0], [3155.5, 4916.0], [3155.25, 2692.0], [3155.0, 9018.0], [3153.25, 5579.0], [3153.0, 14502.0], [3152.0, 6518.0], [3151.75, 21835.0], [3149.0, 330.0], [3148.75, 1105.0], [3148.5, 11940.0], [3148.25, 40000.0], [3146.5, 4823.0], [3145.75, 12182.0], [3145.25, 49507.0], [3144.25, 25667.0]], "asks": [[3157.25, 2766.0], [3157.5, 4916.0], [3158.0, 299.0], [3158.25, 1000.0], [3158.5, 80.0], [3159.0, 1250.0], [3160.5, 14827.0], [3167.25, 400.0], [3167.75, 20417.0], [3168.75, 25595.0], [3169.0, 40000.0], [3176.0, 76420.0], [3176.5, 2.0], [3177.25, 50740.0], [3177.5, 40000.0], [3178.0, 76187.0], [3181.5, 40000.0], [3183.5, 73027.0], [3186.5, 50600.0], [3190.75, 11.0]]}}}
{"jsonrpc": "2.0", "method": "subscription", "params": {"channel": "book.ETH-21NOV25.none.20.100ms", "data": {"timestamp": 1763065617895, "change_id": 96645804404, "instrument_name": "ETH-21NOV25", "bids": [[3157.5, 700.0], [3157.0, 209.0], [3156.75, 700.0], [3156.5, 2773.0], [3156.25, 10512.0], [3156.0, 4915.0], [3154.5, 4307.0], [3154.25, 14430.0], [3153.5, 373.0], [3153.25, 1250.0], [3152.25, 6518.0], [3152.0, 21835.0], [3149.25, 400.0], [3149.0, 1650.0], [3148.75, 17468.0], [3148.5, 40000.0], [3146.0, 56083.0], [3143.5, 37636.0], [3143.25, 40000.0], [3143.0, 36412.0]], "asks": [[3158.25, 4915.0], [3158.75, 373.0], [3159.0, 1250.0], [3159.25, 80.0], [3161.5, 4447.0], [3161.75, 14899.0], [3168.25, 21097.0], [3168.5, 6353.0], [3169.0, 40000.0], [3173.25, 2.0], [3174.75, 18965.0], [3175.5, 36581.0], [3176.5, 11.0], [3177.0, 37645.0], [3177.25, 78546.0], [3182.75, 37632.0], [3185.0, 40000.0], [3191.5, 45.0], [3193.5, 24848.0], [3196.75, 24612.0]]}}}
{"jsonrpc": "2.0", "method": "subscription", "params": {"channel": "book.ETH-14NOV25.none.20.100ms", "data": {"timestamp": 1763065618207, "change_id": 96645804972, "instrument_name": "ETH-14NOV25", "bids": [[3156.75, 299.0], [3156.5, 1299.0], [3156.25, 1322.0], [3156.0, 2506.0], [3155.75, 7238.0], [3155.5, 4916.0], [3155.25, 2692.0], [3155.0, 9018.0], [3153.75, 1250.0], [3153.25, 4329.0], [3153.0, 14502.0], [3152.0, 6518.0], [3151.75, 21835.0], [3149.0, 330.0], [3148.75, 1105.0], [3148.5, 11940.0], [3148.25, 40000.0], [3146.5, 4823.0], [3145.75, 12182.0], [3145.25, 49507.0]], "asks": [[3157.25, 2766.0], [3157.5, 4916.0], [3158.0, 299.0], [3158.25, 1000.0], [3158.5, 453.0], [3158.75, 1250.0], [3160.5, 14827.0], [3167.25, 400.0], [3167.75, 20417.0], [3168.75, 25595.0], [3169.0, 40000.0], [3176.0, 76420.0], [3176.5, 2.0], [3177.25, 50740.0], [3177.5, 40000.0], [3178.0, 76187.0], [3181.5, 40000.0], [3183.5, 73027.0], [3186.5, 50600.0], [3190.75, 11.0]]}}}
{"jsonrpc": "2.0", "method": "subscription", "params": {"channel": "book.ETH-21NOV25.none.20.100ms", "data": {"timestamp": 1763065618249, "change_id": 96645805088, "instrument_name": "ETH-21NOV25", "bids": [[3157.5, 700.0], [3157.0, 209.0], [3156.75, 700.0], [3156.5, 2773.0], [3156.25, 10512.0], [3156.0, 4915.0], [3154.5, 4307.0], [3154.25, 14803.0], [3154.0, 1250.0], [3152.25, 6518.0], [3152.0, 21835.0], [3149.25, 400.0], [3149.0, 1650.0], [3148.75, 17468.0], [3148.5, 40000.0], [3146.0, 56083.0], [3143.5, 37636.0], [3143.25, 40000.0], [3143.0, 36412.0], [3142.75, 17695.0]], "asks": [[3158.25, 4915.0], [3158.5, 373.0], [3158.75, 3179.0], [3159.0, 25428.0], [3159.25, 80.0], [3161.5, 4447.0], [3161.75, 14899.0], [3168.25, 21097.0], [3168.5, 6353.0], [3169.0, 40000.0], [3173.25, 2.0], [3174.75, 18965.0], [3175.5, 36581.0], [3176.5, 11.0], [3177.0, 37645.0], [3177.25, 78546.0], [3182.75, 37632.0], [3185.0, 40000.0], [3191.5, 45.0], [3193.5, 24848.0]]}}}
{"jsonrpc": "2.0", "method": "subscription", "params": {"channel": "book.ETH-14NOV25.none.20.100ms", "data": {"timestamp": 1763065618509, "change_id": 96645805434, "instrument_name": "ETH-14NOV25", "bids": [[3156.75, 252.0], [3156.5, 299.0], [3156.25, 1322.0], [3156.0, 2506.0], [3155.75, 7238.0], [3155.5, 4916.0], [3155.25, 2692.0], [3155.0, 9018.0], [3154.25, 1250.0], [3153.25, 4329.0], [3153.0, 14502.0], [3152.0, 6518.0], [3151.75, 21835.0], [3149.0, 330.0], [3148.75, 1105.0], [3148.5, 11940.0], [3148.25, 40000.0], [3146.5, 4823.0], [3145.75, 12182.0], [3145.25, 49507.0]], "asks": [[3157.25, 2766.0], [3157.5, 4916.0], [3158.0, 379.0], [3158.25, 1000.0], [3158.5, 373.0], [3158.75, 1250.0], [3160.5, 14827.0], [3167.25, 400.0], [3167.75, 20417.0], [3168.75, 25595.0], [3169.0, 40000.0], [3176.0, 76420.0], [3176.5, 2.0], [3177.25, 50740.0], [3177.5, 40000.0], [3178.0, 76187.0], [3181.5, 40000.0], [3183.5, 73027.0], [3186.5, 50600.0], [3190.75, 11.0]]}}}
{"jsonrpc": "2.0", "method": "subscription", "params": {"channel": "book.ETH-21NOV25.none.20.100ms", "data": {"timestamp": 1763065618492, "change_id": 96645805419, "instrument_name": "ETH-21NOV25", "bids": [[3157.5, 700.0], [3157.0, 209.0], [3156.75, 700.0], [3156.5, 2773.0], [3156.25, 10512.0], [3156.0, 4915.0], [3154.5, 4307.0], [3154.25, 15680.0], [3152.25, 6518.0], [3152.0, 21835.0], [3149.25, 400.0], [3149.0, 1650.0], [3148.75, 17468.0], [3148.5, 40000.0], [3146.0, 56083.0], [3143.5, 37636.0], [3143.25, 40000.0], [3143.0, 36412.0], [3142.75, 17695.0], [3142.5, 6076.0]], "asks": [[3158.25, 4915.0], [3158.5, 373.0], [3158.75, 3259.0], [3159.0, 25428.0], [3161.5, 4447.0], [3161.75, 14899.0], [3168.25, 21097.0], [3168.5, 6353.0], [3169.0, 40000.0], [3173.25, 2.0], [3174.75, 18965.0], [3175.5, 36581.0], [3176.5, 11.0], [3177.0, 37645.0], [3177.25, 78546.0], [3182.75, 37632.0], [3185.0, 40000.0], [3191.5, 45.0], [3193.5, 24848.0], [3196.75, 24612.0]]}}}
{"jsonrpc": "2.0", "method": "subscription", "params": {"channel": "book.ETH-14NOV25.none.20.100ms", "data": {"timestamp": 1763065618849, "change_id": 96645806236, "instrument_name": "ETH-14NOV25", "bids": [[3156.5, 299.0], [3156.25, 1322.0], [3156.0, 1322.0], [3155.75, 2274.0], [3155.5, 5916.0], [3155.25, 2692.0], [3155.0, 9018.0], [3154.5, 1250.0], [3153.25, 4329.0], [3153.0, 14502.0], [3152.0, 6518.0], [3151.75, 21835.0], [3149.0, 330.0], [3148.75, 1105.0], [3148.5, 11940.0], [3148.25, 40000.0], [3146.5, 4823.0], [3145.75, 12182.0], [3145.25, 49507.0], [3144.25, 25667.0]], "asks": [[3157.25, 2766.0], [3157.5, 4916.0], [3158.0, 379.0], [3158.25, 1000.0], [3158.5, 1373.0], [3158.75, 1250.0], [3160.5, 14827.0], [3167.25, 400.0], [3167.75, 20417.0], [3168.75, 25595.0], [3169.0, 40000.0], [3176.0, 76420.0], [3176.5, 2.0], [3177.25, 50740.0], [3177.5, 40000.0], [3178.0, 76187.0], [3181.5, 40000.0], [3183.5, 73027.0], [3186.5, 50600.0], [3190.75, 11.0]]}}}
{"jsonrpc": "2.0", "method": "subscription", "params": {"channel": "book.ETH-21NOV25.none.20.100ms", "data": {"timestamp": 1763065618808, "change_id": 96645806017, "instrument_name": "ETH-21NOV25", "bids": [[3157.5, 909.0], [3157.25, 909.0], [3157.0, 909.0], [3156.75, 933.0], [3156.5, 3473.0], [3156.25, 10512.0], [3156.0, 4915.0], [3154.75, 373.0], [3154.5, 5557.0], [3154.25, 14430.0], [3152.25, 6518.0], [3152.0, 21835.0], [3149.25, 400.0], [3149.0, 1650.0], [3148.75, 17468.0], [3148.5, 40000.0], [3146.0, 56083.0], [3143.5, 37636.0], [3143.25, 40000.0], [3143.0, 36412.0]], "asks": [[3158.25, 4915.0], [3158.5, 373.0], [3158.75, 1330.0], [3161.5, 4447.0], [3161.75, 14899.0], [3168.25, 21097.0], [3168.5, 6353.0], [3169.0, 40000.0], [3173.25, 2.0], [3174.75, 18965.0], [3175.5, 36581.0], [3176.5, 11.0], [3177.0, 37645.0], [3177.25, 78546.0], [3182.75, 37632.0], [3185.0, 40000.0], [3191.5, 45.0], [3193.5, 24848.0], [3196.75, 24612.0], [3209.5, 25556.0]]}}}
{"jsonrpc": "2.0", "method": "subscription", "params": {"channel": "book.ETH-14NOV25.none.20.100ms", "data": {"timestamp": 1763065619252, "change_id": 96645806872, "instrument_name": "ETH-14NOV25", "bids": [[3156.5, 602.0], [3156.25, 1402.0], [3156.0, 2789.0], [3155.75, 7326.0], [3155.5, 5916.0], [3155.25, 2692.0], [3155.0, 10268.0], [3153.25, 4329.0], [3153.0, 14502.0], [3152.0, 6518.0], [3151.75, 21835.0], [3149.0, 330.0], [3148.75, 1105.0], [3148.5, 11940.0], [3148.25, 40000.0], [3146.5, 4823.0], [3145.75, 12182.0], [3145.25, 49507.0], [3144.25, 25667.0], [3143.25, 11.0]], "asks": [[3157.25, 1000.0], [3157.5, 4916.0], [3158.0, 299.0], [3158.25, 1000.0], [3158.5, 1373.0], [3158.75, 1330.0], [3160.5, 14827.0], [3167.25, 400.0], [3167.75, 20417.0], [3168.75, 25595.0], [3169.0, 40000.0], [3176.0, 76420.0], [3176.5, 2.0], [3177.25, 50740.0], [3177.5, 40000.0], [3178.0, 76187.0], [3181.5, 40000.0], [3183.5, 73027.0], [3186.5, 50600.0], [3190.75, 11.0]]}}}
{"jsonrpc": "2.0", "method": "subscription", "params": {"channel": "book.ETH-21NOV25.none.20.100ms", "data": {"timestamp": 1763065619255, "change_id": 96645806881, "instrument_name": "ETH-21NOV25", "bids": [[3157.75, 209.0], [3157.5, 909.0], [3157.25, 909.0], [3157.0, 989.0], [3156.75, 933.0], [3156.5, 3393.0], [3156.25, 10512.0], [3155.25, 1623.0], [3154.5, 4307.0], [3154.25, 14430.0], [3152.25, 6518.0], [3152.0, 21835.0], [3149.25, 400.0], [3149.0, 1650.0], [3148.75, 17468.0], [3148.5, 40000.0], [3146.75, 6153.0], [3146.0, 56083.0], [3143.5, 37636.0], [3143.25, 40000.0]], "asks": [[3158.25, 4915.0], [3158.5, 1064.0], [3158.75, 26677.0], [3159.5, 80.0], [3161.5, 4447.0], [3161.75, 14899.0], [3168.25, 21097.0], [3168.5, 6353.0], [3169.0, 40000.0], [3173.25, 2.0], [3174.75, 18965.0], [3175.5, 36581.0], [3176.5, 11.0], [3177.0, 37645.0], [3177.25, 78546.0], [3182.75, 37632.0], [3185.0, 40000.0], [3191.5, 45.0], [3193.5, 24848.0], [3196.75, 24612.0]]}}}
{"jsonrpc": "2.0", "method": "subscription", "params": {"channel": "book.ETH-14NOV25.none.20.100ms", "data": {"timestamp": 1763065619387, "change_id": 96645807203, "instrument_name": "ETH-14NOV25", "bids": [[3156.5, 299.0], [3156.25, 2805.0], [3156.0, 7705.0], [3155.75, 7326.0], [3155.5, 1000.0], [3155.25, 2692.0], [3155.0, 10268.0], [3153.25, 4329.0], [3153.0, 14502.0], [3152.0, 6518.0], [3151.75, 21835.0], [3149.0, 330.0], [3148.75, 1105.0], [3148.5, 11940.0], [3148.25, 40000.0], [3146.5, 4823.0], [3145.75, 12182.0], [3145.25, 49507.0], [3144.25, 25667.0], [3143.25, 11.0]], "asks": [[3157.25, 1000.0], [3157.5, 4916.0], [3158.0, 299.0], [3158.25, 1000.0], [3158.5, 1373.0], [3158.75, 1330.0], [3160.5, 14827.0], [3167.25, 400.0], [3167.75, 20417.0], [3168.75, 25595.0], [3169.0, 40000.0], [3176.0, 76420.0], [3176.5, 2.0], [3177.25, 50740.0], [3177.5, 40000.0], [3178.0, 76187.0], [3181.5, 40000.0], [3183.5, 73027.0], [3186.5, 50600.0], [3190.75, 11.0]]}}}
{"jsonrpc": "2.0", "method": "subscription", "params": {"channel": "book.ETH-21NOV25.none.20.100ms", "data": {"timestamp": 1763065619512, "change_id": 96645807286, "instrument_name": "ETH-21NOV25", "bids": [[3157.75, 209.0], [3157.5, 909.0], [3157.25, 909.0], [3157.0, 989.0], [3156.75, 2346.0], [3156.5, 8308.0], [3156.25, 10512.0], [3155.5, 373.0], [3155.25, 1250.0], [3154.5, 4307.0], [3154.25, 14430.0], [3152.25, 6518.0], [3152.0, 21835.0], [3149.25, 400.0], [3149.0, 1650.0], [3148.75, 17468.0], [3148.5, 40000.0], [3146.75, 6153.0], [3146.0, 56083.0], [3143.5, 37636.0]], "asks": [[3158.25, 4915.0], [3158.75, 373.0], [3159.0, 1250.0], [3159.5, 80.0], [3161.5, 4447.0], [3161.75, 14899.0], [3168.25, 21097.0], [3168.5, 6353.0], [3169.0, 40000.0], [3173.25, 2.0], [3174.75, 18965.0], [3175.5, 36581.0], [3176.5, 11.0], [3177.0, 37645.0], [3177.25, 78546.0], [3182.75, 37632.0], [3185.0, 40000.0], [3191.5, 45.0], [3193.5, 24848.0], [3196.75, 24612.0]]}}}
{"jsonrpc": "2.0", "method": "subscription", "params": {"channel": "book.ETH-14NOV25.none.20.100ms", "data": {"timestamp": 1763065619882, "change_id": 96645808341, "instrument_name": "ETH-14NOV25", "bids": [[3156.5, 654.0], [3156.25, 1322.0], [3156.0, 2789.0], [3155.75, 7326.0], [3155.5, 5996.0], [3155.25, 4942.0], [3155.0, 9018.0], [3153.25, 4329.0], [3153.0, 14502.0], [3152.0, 6518.0], [3151.75, 21835.0], [3149.0, 330.0], [3148.75, 1105.0], [3148.5, 11940.0], [3148.25, 40000.0], [3146.5, 4823.0], [3146.0, 12182.0], [3145.25, 49507.0], [3144.25, 25667.0], [3143.25, 11.0]], "asks": [[3157.0, 1299.0], [3157.25, 2467.0], [3157.5, 4916.0], [3157.75, 299.0], [3158.0, 1299.0], [3158.25, 1379.0], [3158.5, 1373.0], [3158.75, 1250.0], [3160.5, 14827.0], [3167.25, 400.0], [3167.75, 20417.0], [3168.75, 25595.0], [3169.0, 40000.0], [3176.0, 76420.0], [3176.5, 2.0], [3177.25, 50740.0], [3177.5, 40000.0], [3178.0, 76187.0], [3181.5, 40000.0], [3183.5, 73027.0]]}}}
{"jsonrpc": "2.0", "method": "subscription", "params": {"channel": "book.ETH-21NOV25.none.20.100ms", "data": {"timestamp": 1763065619883, "change_id": 96645808342, "instrument_name": "ETH-21NOV25", "bids": [[3157.5, 700.0], [3157.25, 933.0], [3157.0, 909.0], [3156.75, 933.0], [3156.5, 3393.0], [3156.25, 10592.0], [3156.0, 4915.0], [3155.5, 373.0], [3155.25, 1250.0], [3154.5, 4307.0], [3154.25, 14430.0], [3152.25, 6518.0], [3152.0, 21835.0], [3149.25, 400.0], [3149.0, 1650.0], [3148.75, 17468.0], [3148.5, 40000.0], [3146.75, 6153.0], [3146.0, 56083.0], [3143.5, 37636.0]], "asks": [[3158.0, 700.0], [3158.25, 4915.0], [3158.5, 1717.0], [3158.75, 26677.0], [3159.0, 80.0], [3161.5, 4447.0], [3161.75, 14899.0], [3168.25, 21097.0], [3168.5, 6353.0], [3169.0, 40000.0], [3173.25, 2.0], [3174.75, 18965.0], [3175.5, 36581.0], [3176.5, 11.0], [3177.0, 37645.0], [3177.25, 78546.0], [3182.75, 37632.0], [3185.0, 40000.0], [3191.5, 45.0], [3193.5, 24848.0]]}}}
{"jsonrpc": "2.0", "method": "subscription", "params": {"channel": "book.ETH-14NOV25.none.20.100ms", "data": {"timestamp": 1763065620246, "change_id": 96645809234, "instrument_name": "ETH-14NOV25", "bids": [[3156.5, 355.0], [3156.0, 1451.0], [3155.75, 5194.0], [3155.5, 6668.0], [3155.25, 4942.0], [3155.0, 9287.0], [3153.25, 4329.0], [3153.0, 14502.0], [3152.0, 6518.0], [3151.75, 21835.0], [3149.0, 330.0], [3148.75, 1105.0], [3148.5, 11940.0], [3148.25, 40000.0], [3146.5, 4823.0], [3145.75, 12182.0], [3145.25, 49507.0], [3144.25, 25667.0], [3143.25, 11.0], [3143.0, 40000.0]], "asks": [[3157.0, 6215.0], [3157.25, 1000.0], [3157.75, 299.0], [3158.0, 1299.0], [3158.25, 1379.0], [3158.5, 1373.0], [3158.75, 1250.0], [3160.5, 14827.0], [3167.25, 400.0], [3167.75, 20417.0], [3168.75, 25595.0], [3169.0, 40000.0], [3176.0, 76420.0], [3176.5, 2.0], [3177.25, 50740.0], [3177.5, 40000.0], [3178.0, 76187.0], [3181.5, 40000.0], [3183.5, 73027.0], [3186.5, 50600.0]]}}}
{"jsonrpc": "2.0", "method": "subscription", "params": {"channel": "book.ETH-21NOV25.none.20.100ms", "data": {"timestamp": 1763065620238, "change_id": 96645809214, "instrument_name": "ETH-21NOV25", "bids": [[3157.0, 700.0], [3156.75, 933.0], [3156.5, 3393.0], [3156.25, 10592.0], [3156.0, 4915.0], [3155.75, 373.0], [3155.5, 1250.0], [3154.5, 4307.0], [3154.25, 14430.0], [3152.25, 6518.0], [3152.0, 21835.0], [3149.25, 400.0], [3149.0, 1650.0], [3148.75, 17468.0], [3148.5, 40000.0], [3146.75, 6153.0], [3146.0, 18498.0], [3143.5, 37636.0], [3143.25, 40000.0], [3143.0, 36412.0]], "asks": [[3157.75, 5824.0], [3158.0, 700.0], [3158.5, 2899.0], [3158.75, 26677.0], [3159.0, 80.0], [3161.5, 4447.0], [3161.75, 14899.0], [3168.25, 21097.0], [3168.5, 6353.0], [3169.0, 40000.0], [3173.25, 2.0], [3174.75, 18965.0], [3175.5, 36581.0], [3176.5, 11.0], [3177.0, 37645.0], [3177.25, 78546.0], [3182.75, 37632.0], [3185.0, 40000.0], [3191.5, 45.0], [3193.5, 24848.0]]}}}
{"jsonrpc": "2.0", "method": "subscription", "params": {"channel": "book.ETH-14NOV25.none.20.100ms", "data": {"timestamp": 1763065620573, "change_id": 96645812724, "instrument_name": "ETH-14NOV25", "bids": [[3155.5, 1299.0], [3155.25, 1000.0], [3155.0, 269.0], [3154.5, 3839.0], [3154.25, 14014.0], [3150.25, 4172.0], [3150.0, 13978.0], [3149.25, 14777.0], [3149.0, 49835.0], [3148.75, 1105.0], [3147.0, 51225.0], [3146.5, 81768.0], [3146.25, 21906.0], [3145.75, 40000.0], [3145.25, 2.0], [3143.25, 11.0], [3141.75, 77077.0], [3139.25, 40000.0], [3135.5, 17695.0], [3133.75, 90317.0]], "asks": [[3156.0, 299.0], [3156.25, 1300.0], [3156.5, 1299.0], [3156.75, 1000.0], [3157.25, 80.0], [3157.75, 299.0], [3158.0, 1000.0], [3158.25, 1299.0], [3158.5, 1000.0], [3158.75, 1250.0], [3160.5, 14827.0], [3165.25, 400.0], [3167.0, 25595.0], [3167.75, 20417.0], [3169.0, 40000.0], [3175.75, 76187.0], [3176.5, 2.0], [3177.5, 40000.0], [3181.5, 40000.0], [3183.5, 73027.0]]}}}
{"jsonrpc": "2.0", "method": "subscription", "params": {"channel": "book.ETH-21NOV25.none.20.100ms", "data": {"timestamp": 1763065620557, "change_id": 96645812454, "instrument_name": "ETH-21NOV25", "bids": [[3155.75, 2316.0], [3155.5, 9021.0], [3155.0, 1491.0], [3154.75, 4995.0], [3151.5, 5478.0], [3151.25, 14484.0], [3150.0, 5522.0], [3149.75, 18498.0], [3149.0, 1650.0], [3148.75, 5528.0], [3147.25, 400.0], [3146.75, 21906.0], [3146.5, 36412.0], [3146.25, 40000.0], [3142.75, 17695.0], [3141.75, 37430.0], [3138.75, 56.0], [3135.0, 25200.0], [3134.0, 40000.0], [3125.0, 24487.0]], "asks": [[3157.0, 209.0], [3157.25, 909.0], [3157.5, 700.0], [3158.0, 80.0], [3158.5, 5699.0], [3158.75, 26677.0], [3161.5, 4447.0], [3161.75, 14899.0], [3166.25, 400.0], [3168.0, 6353.0], [3168.25, 20697.0], [3169.0, 40000.0], [3173.25, 2.0], [3176.25, 37645.0], [3176.5, 11.0], [3177.25, 40000.0], [3182.75, 37632.0], [3185.0, 40000.0], [3191.5, 45.0], [3193.5, 24848.0]]}}}
{"jsonrpc": "2.0", "method": "subscription", "params": {"channel": "book.ETH-14NOV25.none.20.100ms", "data": {"timestamp": 1763065620881, "change_id": 96645816073, "instrument_name": "ETH-14NOV25", "bids": [[3155.0, 1000.0], [3154.75, 1080.0], [3154.5, 1000.0], [3154.25, 15184.0], [3152.0, 14119.0], [3149.25, 25667.0], [3149.0, 49505.0], [3148.75, 1105.0], [3147.25, 12182.0], [3147.0, 51225.0], [3146.5, 81768.0], [3146.25, 21906.0], [3146.0, 25665.0], [3145.75, 40000.0], [3145.25, 2.0], [3143.25, 11.0], [3141.75, 77077.0], [3139.25, 40000.0], [3135.5, 17695.0], [3133.75, 90317.0]], "asks": [[3156.5, 5916.0], [3157.75, 1250.0], [3158.0, 80.0], [3160.5, 14827.0], [3165.0, 25595.0], [3165.25, 400.0], [3167.75, 20417.0], [3169.0, 40000.0], [3171.25, 50740.0], [3172.0, 25710.0], [3174.0, 40000.0], [3174.25, 50710.0], [3175.75, 76187.0], [3176.5, 2.0], [3177.5, 40000.0], [3183.5, 73027.0], [3186.5, 50600.0], [3190.75, 11.0], [3196.5, 49852.0], [3206.0, 1105.0]]}}}
{"jsonrpc": "2.0", "method": "subscription", "params": {"channel": "book.ETH-21NOV25.none.20.100ms", "data": {"timestamp": 1763065620905, "change_id": 96645816150, "instrument_name": "ETH-21NOV25", "bids": [[3156.5, 700.0], [3156.25, 909.0], [3156.0, 909.0], [3155.75, 2619.0], [3155.5, 10512.0], [3155.25, 4995.0], [3154.5, 373.0], [3154.25, 1250.0], [3153.5, 4359.0], [3153.25, 14602.0], [3152.0, 500.0], [3150.25, 1837.0], [3150.0, 11675.0], [3149.75, 18498.0], [3149.25, 37585.0], [3149.0, 1650.0], [3148.75, 5528.0], [3148.0, 6076.0], [3147.25, 400.0], [3146.75, 21906.0]], "asks": [[3157.25, 4915.0], [3157.5, 209.0], [3157.75, 1073.0], [3158.0, 1250.0], [3158.75, 80.0], [3161.5, 4447.0], [3161.75, 14899.0], [3166.0, 6353.0], [3166.25, 400.0], [3168.25, 20697.0], [3169.0, 40000.0], [3171.25, 18965.0], [3172.5, 38546.0], [3173.25, 2.0], [3173.5, 36581.0], [3176.25, 37645.0], [3176.5, 11.0], [3177.25, 40000.0], [3182.75, 37632.0], [3185.0, 40000.0]]}}}
{"jsonrpc": "2.0", "method": "subscription", "params": {"channel": "book.ETH-14NOV25.none.20.100ms", "data": {"timestamp": 1763065621237, "change_id": 96645817055, "instrument_name": "ETH-14NOV25", "bids": [[3155.75, 366.0], [3155.5, 1227.0], [3155.25, 299.0], [3155.0, 1654.0], [3154.75, 2629.0], [3154.5, 30552.0], [3154.25, 13934.0], [3152.25, 4215.0], [3152.0, 14119.0], [3149.5, 7662.0], [3149.25, 40444.0], [3149.0, 49835.0], [3148.75, 1105.0], [3147.25, 12182.0], [3147.0, 51225.0], [3146.5, 81768.0], [3146.25, 21906.0], [3146.0, 25665.0], [3145.75, 40000.0], [3145.25, 2.0]], "asks": [[3156.25, 7757.0], [3156.5, 4916.0], [3157.5, 453.0], [3157.75, 1250.0], [3159.0, 4314.0], [3159.25, 14451.0], [3164.75, 7640.0], [3165.0, 25595.0], [3165.25, 400.0], [3167.75, 20417.0], [3169.0, 40000.0], [3171.25, 50740.0], [3172.0, 25710.0], [3174.0, 40000.0], [3174.25, 50710.0], [3175.75, 76187.0], [3176.5, 2.0], [3177.5, 40000.0], [3183.5, 73027.0], [3186.5, 50600.0]]}}}
{"jsonrpc": "2.0", "method": "subscription", "params": {"channel": "book.ETH-21NOV25.none.20.100ms", "data": {"timestamp": 1763065621233, "change_id": 96645817039, "instrument_name": "ETH-21NOV25", "bids": [[3156.5, 909.0], [3156.25, 909.0], [3156.0, 909.0], [3155.75, 2619.0], [3155.5, 10512.0], [3155.25, 5257.0], [3155.0, 1250.0], [3153.5, 4359.0], [3153.25, 14602.0], [3152.0, 500.0], [3150.0, 11675.0], [3149.75, 18498.0], [3149.25, 37585.0], [3148.75, 5528.0], [3148.0, 6076.0], [3147.25, 400.0], [3146.75, 21906.0], [3146.5, 36412.0], [3146.25, 40000.0], [3142.75, 17695.0]], "asks": [[3157.25, 4915.0], [3157.5, 1043.0], [3157.75, 8368.0], [3158.0, 1250.0], [3158.25, 80.0], [3165.75, 1896.0], [3166.0, 6353.0], [3166.25, 400.0], [3168.25, 20697.0], [3169.0, 40000.0], [3171.25, 18965.0], [3172.5, 38546.0], [3173.25, 2.0], [3173.5, 36581.0], [3176.25, 37645.0], [3176.5, 11.0], [3177.25, 40000.0], [3182.75, 37632.0], [3185.0, 40000.0], [3191.5, 45.0]]}}}
{"jsonrpc": "2.0", "method": "subscription", "params": {"channel": "book.ETH-14NOV25.none.20.100ms", "data": {"timestamp": 1763065621496, "change_id": 96645817823, "instrument_name": "ETH-14NOV25", "bids": [[3155.25, 633.0], [3155.0, 2572.0], [3154.75, 8920.0], [3154.5, 30552.0], [3154.25, 13934.0], [3152.25, 4215.0], [3152.0, 14119.0], [3149.5, 7662.0], [3149.25, 40444.0], [3149.0, 49835.0], [3148.75, 1105.0], [3147.5, 3636.0], [3147.25, 27473.0], [3147.0, 51225.0], [3146.5, 81768.0], [3146.25, 21906.0], [3146.0, 25665.0], [3145.75, 40000.0], [3145.25, 2.0], [3143.25, 11.0]], "asks": [[3155.75, 1299.0], [3156.0, 1299.0], [3156.25, 2766.0], [3156.5, 4916.0], [3157.0, 80.0], [3157.5, 373.0], [3157.75, 1250.0], [3159.0, 4314.0], [3159.25, 14451.0], [3164.75, 7640.0], [3165.0, 25595.0], [3165.25, 400.0], [3167.75, 20417.0], [3169.0, 40000.0], [3171.25, 50740.0], [3172.0, 25710.0], [3174.0, 40000.0], [3174.25, 50710.0], [3175.75, 76187.0], [3176.5, 2.0]]}}}
{"jsonrpc": "2.0", "method": "subscription", "params": {"channel": "book.ETH-21NOV25.none.20.100ms", "data": {"timestamp": 1763065621494, "change_id": 96645817817, "instrument_name": "ETH-21NOV25", "bids": [[3156.5, 700.0], [3156.25, 700.0], [3156.0, 909.0], [3155.75, 2699.0], [3155.5, 10512.0], [3155.25, 6165.0], [3153.5, 4359.0], [3153.25, 14602.0], [3152.0, 500.0], [3150.25, 1837.0], [3150.0, 11675.0], [3149.75, 18498.0], [3149.25, 37585.0], [3148.75, 5528.0], [3148.0, 6076.0], [3147.25, 400.0], [3146.75, 21906.0], [3146.5, 36412.0], [3146.25, 40000.0], [3142.75, 17695.0]], "asks": [[3157.0, 1550.0], [3157.25, 4915.0], [3157.5, 1802.0], [3157.75, 9325.0], [3160.25, 4368.0], [3160.5, 14632.0], [3165.75, 1896.0], [3166.0, 6353.0], [3166.25, 400.0], [3168.25, 20697.0], [3169.0, 40000.0], [3171.25, 18965.0], [3172.5, 38546.0], [3173.25, 2.0], [3173.5, 36581.0], [3176.25, 37645.0], [3176.5, 11.0], [3177.25, 40000.0], [3182.75, 37632.0], [3185.0, 40000.0]]}}}
{"jsonrpc": "2.0", "method": "subscription", "params": {"channel": "book.ETH-14NOV25.none.20.100ms", "data": {"timestamp": 1763065621788, "change_id": 96645819117, "instrument_name": "ETH-14NOV25", "bids": [[3155.5, 1000.0], [3155.25, 1373.0], [3155.0, 1572.0], [3154.75, 1379.0], [3154.5, 5159.0], [3154.25, 14175.0], [3152.25, 4215.0], [3152.0, 14119.0], [3149.5, 7662.0], [3149.25, 40444.0], [3149.0, 49505.0], [3147.5, 3636.0], [3147.25, 27473.0], [3147.0, 51225.0], [3146.5, 77345.0], [3146.25, 21906.0], [3146.0, 25665.0], [3145.75, 40000.0], [3145.25, 2.0], [3143.25, 11.0]], "asks": [[3156.0, 2041.0], [3156.25, 4916.0], [3157.0, 379.0], [3157.25, 1373.0], [3157.5, 1250.0], [3159.0, 4314.0], [3159.25, 14451.0], [3164.75, 7640.0], [3165.0, 25595.0], [3165.25, 400.0], [3167.75, 20417.0], [3169.0, 40000.0], [3171.25, 50740.0], [3172.0, 25710.0], [3174.0, 40000.0], [3174.25, 50710.0], [3175.75, 76187.0], [3176.5, 2.0], [3177.5, 40000.0], [3183.5, 73027.0]]}}}
{"jsonrpc": "2.0", "method": "subscription", "params": {"channel": "book.ETH-21NOV25.none.20.100ms", "data": {"timestamp": 1763065621905, "change_id": 96645819715, "instrument_name": "ETH-21NOV25", "bids": [[3156.25, 700.0], [3156.0, 700.0], [3155.75, 2619.0], [3155.5, 10501.0], [3155.25, 6165.0], [3153.5, 4359.0], [3153.25, 14602.0], [3152.0, 500.0], [3150.0, 5522.0], [3149.75, 24651.0], [3149.5, 8358.0], [3149.25, 37585.0], [3147.5, 6076.0], [3147.25, 400.0], [3146.75, 21906.0], [3146.5, 36412.0], [3146.25, 40000.0], [3141.75, 37430.0], [3139.75, 40000.0], [3138.75, 56.0]], "asks": [[3157.0, 4915.0], [3157.25, 373.0], [3157.5, 1250.0], [3157.75, 80.0], [3160.25, 4368.0], [3160.5, 14632.0], [3165.75, 1896.0], [3166.0, 6353.0], [3166.25, 400.0], [3168.25, 20697.0], [3169.0, 40000.0], [3171.25, 18965.0], [3172.5, 38546.0], [3173.25, 2.0], [3173.5, 36581.0], [3173.75, 40000.0], [3176.25, 37645.0], [3176.5, 11.0], [3177.25, 40000.0], [3182.75, 37632.0]]}}}
{"jsonrpc": "2.0", "method": "subscription", "params": {"channel": "book.ETH-14NOV25.none.20.100ms", "data": {"timestamp": 1763065622156, "change_id": 96645820316, "instrument_name": "ETH-14NOV25", "bids": [[3155.5, 9018.0], [3155.25, 1250.0], [3155.0, 322.0], [3154.75, 1379.0], [3154.5, 2539.0], [3154.25, 5157.0], [3152.25, 4215.0], [3152.0, 14119.0], [3149.5, 7662.0], [3149.25, 40444.0], [3149.0, 49505.0], [3147.5, 3636.0], [3147.25, 27473.0], [3147.0, 51225.0], [3146.5, 77345.0], [3146.25, 21906.0], [3146.0, 25665.0], [3145.75, 40000.0], [3145.25, 2.0], [3143.25, 11.0]], "asks": [[3156.0, 2041.0], [3156.25, 4916.0], [3157.0, 379.0], [3157.25, 1373.0], [3157.5, 1250.0], [3159.0, 4314.0], [3159.25, 14451.0], [3164.75, 7640.0], [3165.0, 25595.0], [3165.25, 400.0], [3167.75, 20417.0], [3169.0, 40000.0], [3171.25, 50740.0], [3172.0, 25710.0], [3174.0, 40000.0], [3174.25, 50710.0], [3175.75, 76187.0], [3176.5, 2.0], [3177.5, 40000.0], [3183.5, 73027.0]]}}}
{"jsonrpc": "2.0", "method": "subscription", "params": {"channel": "book.ETH-21NOV25.none.20.100ms", "data": {"timestamp": 1763065622147, "change_id": 96645820303, "instrument_name": "ETH-21NOV25", "bids": [[3156.25, 700.0], [3156.0, 9930.0], [3155.75, 700.0], [3155.5, 453.0], [3155.25, 1250.0], [3155.0, 1467.0], [3154.75, 4915.0], [3153.5, 4359.0], [3153.25, 14602.0], [3152.0, 500.0], [3150.0, 5522.0], [3149.75, 24651.0], [3149.5, 8358.0], [3149.25, 37585.0], [3147.5, 6076.0], [3147.25, 400.0], [3146.75, 21906.0], [3146.5, 36412.0], [3146.25, 40000.0], [3141.75, 37430.0]], "asks": [[3156.75, 1077.0], [3157.0, 4915.0], [3157.25, 1802.0], [3157.5, 26667.0], [3157.75, 80.0], [3160.25, 4368.0], [3160.5, 14632.0], [3165.75, 1896.0], [3166.0, 6353.0], [3166.25, 400.0], [3168.25, 20697.0], [3169.0, 40000.0], [3171.25, 18965.0], [3172.5, 38546.0], [3173.25, 2.0], [3173.5, 36581.0], [3173.75, 40000.0], [3176.25, 37645.0], [3176.5, 11.0], [3177.25, 40000.0]]}}}
{"jsonrpc": "2.0", "method": "subscription", "params": {"channel": "book.ETH-14NOV25.none.20.100ms", "data": {"timestamp": 1763065622384, "change_id": 96645820819, "instrument_name": "ETH-14NOV25", "bids": [[3155.5, 9018.0], [3155.25, 1250.0], [3155.0, 322.0], [3154.75, 1379.0], [3154.5, 2539.0], [3154.25, 4916.0], [3152.25, 4215.0], [3152.0, 14119.0], [3149.5, 7662.0], [3149.25, 40444.0], [3149.0, 49505.0], [3147.5, 3636.0], [3147.25, 27473.0], [3147.0, 51225.0], [3146.5, 77345.0], [3146.25, 21906.0], [3146.0, 25665.0], [3145.75, 40000.0], [3145.25, 2.0], [3143.25, 11.0]], "asks": [[3156.0, 2041.0], [3156.25, 4916.0], [3157.0, 713.0], [3157.25, 2623.0], [3159.0, 4314.0], [3159.25, 14451.0], [3164.75, 7640.0], [3165.0, 25595.0], [3165.25, 400.0], [3167.75, 20417.0], [3169.0, 40000.0], [3171.25, 50740.0], [3172.0, 25710.0], [3174.0, 40000.0], [3174.25, 50710.0], [3175.75, 76187.0], [3176.5, 2.0], [3177.5, 40000.0], [3183.5, 73027.0], [3186.5, 50600.0]]}}}
{"jsonrpc": "2.0", "method": "subscription", "params": {"channel": "book.ETH-21NOV25.none.20.100ms", "data": {"timestamp": 1763065622404, "change_id": 96645820861, "instrument_name": "ETH-21NOV25", "bids": [[3156.25, 700.0], [3156.0, 9721.0], [3155.75, 397.0], [3155.5, 1330.0], [3155.0, 1467.0], [3154.75, 4915.0], [3153.5, 4359.0], [3153.25, 14602.0], [3152.0, 500.0], [3150.0, 5522.0], [3149.75, 24651.0], [3149.5, 8358.0], [3149.25, 37585.0], [3147.5, 6076.0], [3147.25, 400.0], [3146.75, 21906.0], [3146.5, 36412.0], [3146.25, 40000.0], [3141.75, 37430.0], [3139.75, 40000.0]], "asks": [[3156.75, 700.0], [3157.0, 4915.0], [3157.25, 1802.0], [3157.5, 26667.0], [3157.75, 80.0], [3160.25, 4368.0], [3160.5, 14632.0], [3165.75, 1896.0], [3166.0, 6353.0], [3166.25, 400.0], [3168.25, 20697.0], [3169.0, 40000.0], [3171.25, 18965.0], [3172.5, 38546.0], [3173.25, 2.0], [3173.5, 36581.0], [3173.75, 40000.0], [3176.25, 37645.0], [3176.5, 11.0], [3177.25, 40000.0]]}}}
{"jsonrpc": "2.0", "method": "subscription", "params": {"channel": "book.ETH-14NOV25.none.20.100ms", "data": {"timestamp": 1763065622891, "change_id": 96645821962, "instrument_name": "ETH-14NOV25", "bids": [[3155.5, 9018.0], [3155.25, 299.0], [3155.0, 1654.0], [3154.75, 2629.0], [3154.5, 2539.0], [3154.25, 4916.0], [3150.75, 4402.0], [3150.5, 14746.0], [3149.5, 7662.0], [3149.25, 40444.0], [3149.0, 49505.0], [3147.5, 3636.0], [3147.25, 27473.0], [3147.0, 51225.0], [3146.5, 77345.0], [3146.25, 21906.0], [3146.0, 25665.0], [3145.75, 40000.0], [3145.25, 2.0], [3143.25, 11.0]], "asks": [[3156.0, 2041.0], [3156.25, 4916.0], [3156.5, 80.0], [3156.75, 322.0], [3157.0, 1000.0], [3159.0, 4314.0], [3159.25, 14451.0], [3164.75, 7640.0], [3165.0, 25595.0], [3165.25, 400.0], [3167.75, 20417.0], [3169.0, 40000.0], [3171.25, 50740.0], [3172.0, 25710.0], [3174.0, 40000.0], [3174.25, 50710.0], [3175.75, 76187.0], [3176.5, 2.0], [3177.5, 40000.0], [3183.5, 73027.0]]}}}
{"jsonrpc": "2.0", "method": "subscription", "params": {"channel": "book.ETH-21NOV25.none.20.100ms", "data": {"timestamp": 1763065622879, "change_id": 96645821900, "instrument_name": "ETH-21NOV25", "bids": [[3156.25, 1432.0], [3156.0, 9721.0], [3155.5, 80.0], [3155.25, 209.0], [3155.0, 2167.0], [3154.75, 6165.0], [3152.0, 500.0], [3151.75, 4359.0], [3151.5, 14602.0], [3150.0, 5522.0], [3149.75, 24651.0], [3149.5, 8358.0], [3149.25, 37585.0], [3147.5, 6076.0], [3147.25, 400.0], [3146.75, 21906.0], [3146.5, 36412.0], [3146.25, 40000.0], [3141.75, 37430.0], [3139.75, 40000.0]], "asks": [[3157.0, 4915.0], [3157.25, 1882.0], [3157.5, 25417.0], [3160.25, 4368.0], [3160.5, 14632.0], [3165.75, 1896.0], [3166.0, 6353.0], [3166.25, 400.0], [3168.25, 20697.0], [3169.0, 40000.0], [3171.25, 18965.0], [3172.5, 38546.0], [3173.25, 2.0], [3173.5, 36581.0], [3173.75, 40000.0], [3176.25, 37645.0], [3176.5, 11.0], [3177.25, 40000.0], [3182.75, 37632.0], [3191.5, 45.0]]}}}
{"jsonrpc": "2.0", "method": "subscription", "params": {"channel": "book.ETH-14NOV25.none.20.100ms", "data": {"timestamp": 1763065623207, "change_id": 96645822988, "instrument_name": "ETH-14NOV25", "bids": [[3156.0, 299.0], [3155.75, 3785.0], [3155.5, 9329.0], [3155.25, 299.0], [3155.0, 3079.0], [3154.75, 7545.0], [3154.5, 1000.0], [3152.5, 4385.0], [3152.25, 14690.0], [3149.5, 7662.0], [3149.25, 40444.0], [3149.0, 49505.0], [3147.5, 3636.0], [3147.25, 27473.0], [3147.0, 51225.0], [3146.5, 77345.0], [3146.25, 21906.0], [3146.0, 25665.0], [3145.75, 40000.0], [3145.25, 2.0]], "asks": [[3156.5, 2468.0], [3156.75, 5238.0], [3157.0, 1000.0], [3157.25, 80.0], [3159.0, 4314.0], [3159.25, 14451.0], [3164.75, 7640.0], [3165.0, 25595.0], [3165.25, 400.0], [3167.75, 20417.0], [3169.0, 40000.0], [3171.25, 50740.0], [3172.0, 25710.0], [3174.0, 40000.0], [3174.25, 50710.0], [3175.75, 76187.0], [3176.5, 2.0], [3177.5, 40000.0], [3183.5, 73027.0], [3186.5, 50600.0]]}}}
{"jsonrpc": "2.0", "method": "subscription", "params": {"channel": "book.ETH-21NOV25.none.20.100ms", "data": {"timestamp": 1763065623183, "change_id": 96645822960, "instrument_name": "ETH-21NOV25", "bids": [[3156.5, 909.0], [3156.25, 2526.0], [3156.0, 9721.0], [3155.5, 1547.0], [3155.25, 5124.0], [3155.0, 1073.0], [3154.75, 1250.0], [3153.5, 4271.0], [3153.25, 14308.0], [3152.0, 500.0], [3150.0, 5522.0], [3149.75, 24651.0], [3149.5, 8358.0], [3149.25, 37585.0], [3147.5, 6076.0], [3147.25, 400.0], [3146.75, 21906.0], [3146.5, 36412.0], [3146.25, 40000.0], [3141.75, 37430.0]], "asks": [[3157.5, 4915.0], [3158.0, 80.0], [3160.25, 4368.0], [3160.5, 14632.0], [3165.75, 1896.0], [3166.0, 6353.0], [3166.25, 400.0], [3168.25, 20697.0], [3169.0, 40000.0], [3171.25, 18965.0], [3172.5, 38546.0], [3173.25, 2.0], [3173.5, 36581.0], [3173.75, 40000.0], [3176.25, 37645.0], [3176.5, 11.0], [3177.25, 40000.0], [3182.75, 37632.0], [3191.5, 45.0], [3193.5, 24848.0]]}}}
{"jsonrpc": "2.0", "method": "subscription", "params": {"channel": "book.ETH-14NOV25.none.20.100ms", "data": {"timestamp": 1763065623522, "change_id": 96645823819, "instrument_name": "ETH-14NOV25", "bids": [[3155.75, 1250.0], [3155.25, 379.0], [3155.0, 3079.0], [3154.75, 6215.0], [3154.5, 1000.0], [3154.0, 2690.0], [3153.75, 9013.0], [3152.5, 4385.0], [3152.25, 14690.0], [3149.5, 7662.0], [3149.25, 40444.0], [3149.0, 49505.0], [3147.5, 3636.0], [3147.25, 27473.0], [3147.0, 51225.0], [3146.5, 77345.0], [3146.25, 21906.0], [3146.0, 25665.0], [3145.75, 40000.0], [3145.25, 2.0]], "asks": [[3156.25, 1299.0], [3156.5, 2468.0], [3156.75, 5238.0], [3157.0, 1000.0], [3157.25, 80.0], [3157.5, 373.0], [3157.75, 1250.0], [3159.0, 4314.0], [3159.25, 14451.0], [3164.75, 7640.0], [3165.0, 25595.0], [3165.25, 400.0], [3167.75, 20417.0], [3169.0, 40000.0], [3171.25, 50740.0], [3172.0, 25710.0], [3174.0, 40000.0], [3174.25, 50710.0], [3175.75, 76187.0], [3176.5, 2.0]]}}}
{"jsonrpc": "2.0", "method": "subscription", "params": {"channel": "book.ETH-21NOV25.none.20.100ms", "data": {"timestamp": 1763065623489, "change_id": 96645823772, "instrument_name": "ETH-21NOV25", "bids": [[3156.5, 700.0], [3156.25, 933.0], [3156.0, 1153.0], [3155.75, 1250.0], [3155.5, 3318.0], [3155.25, 14141.0], [3155.0, 700.0], [3153.5, 4271.0], [3153.25, 14308.0], [3152.0, 500.0], [3150.0, 5522.0], [3149.75, 24651.0], [3149.5, 8358.0], [3149.25, 37585.0], [3147.5, 6076.0], [3147.25, 400.0], [3146.75, 21906.0], [3146.5, 36412.0], [3146.25, 40000.0], [3141.75, 37430.0]], "asks": [[3157.25, 447.0], [3157.5, 4915.0], [3157.75, 397.0], [3158.0, 1330.0], [3160.25, 4368.0], [3160.5, 14632.0], [3165.75, 1896.0], [3166.0, 6353.0], [3166.25, 400.0], [3168.25, 20697.0], [3169.0, 40000.0], [3171.25, 18965.0], [3172.5, 38546.0], [3173.25, 2.0], [3173.5, 36581.0], [3173.75, 40000.0], [3176.25, 37645.0], [3176.5, 11.0], [3177.25, 40000.0], [3182.75, 37632.0]]}}}
{"jsonrpc": "2.0", "method": "subscription", "params": {"channel": "book.ETH-14NOV25.none.20.100ms", "data": {"timestamp": 1763065623854, "change_id": 96645824819, "instrument_name": "ETH-14NOV25", "bids": [[3155.75, 1536.0], [3155.5, 322.0], [3155.25, 1379.0], [3155.0, 2384.0], [3154.75, 4916.0], [3154.0, 2690.0], [3153.75, 9013.0], [3152.5, 4385.0], [3152.25, 14690.0], [3149.5, 7662.0], [3149.25, 40444.0], [3149.0, 49505.0], [3147.5, 3636.0], [3147.25, 27473.0], [3147.0, 51225.0], [3146.5, 77345.0], [3146.25, 21906.0], [3146.0, 25665.0], [3145.75, 40000.0], [3145.25, 2.0]], "asks": [[3156.0, 4991.0], [3156.25, 1299.0], [3156.5, 2468.0], [3156.75, 5238.0], [3157.0, 1000.0], [3157.25, 713.0], [3157.5, 2623.0], [3159.0, 4314.0], [3159.25, 14451.0], [3164.75, 7640.0], [3165.0, 25595.0], [3165.25, 400.0], [3167.75, 20417.0], [3169.0, 40000.0], [3171.25, 50740.0], [3172.0, 25710.0], [3174.0, 40000.0], [3174.25, 50710.0], [3175.75, 76187.0], [3176.5, 2.0]]}}}
{"jsonrpc": "2.0", "method": "subscription", "params": {"channel": "book.ETH-21NOV25.none.20.100ms", "data": {"timestamp": 1763065623837, "change_id": 96645824643, "instrument_name": "ETH-21NOV25", "bids": [[3156.5, 909.0], [3156.25, 933.0], [3156.0, 1153.0], [3155.75, 1950.0], [3155.5, 3318.0], [3155.25, 14141.0], [3153.5, 4271.0], [3153.25, 14308.0], [3152.0, 500.0], [3150.0, 5522.0], [3149.75, 24651.0], [3149.5, 8358.0], [3149.25, 37585.0], [3147.5, 6076.0], [3147.25, 400.0], [3146.75, 21906.0], [3146.5, 36412.0], [3146.25, 40000.0], [3141.75, 37430.0], [3139.75, 40000.0]], "asks": [[3157.25, 809.0], [3157.5, 5893.0], [3157.75, 26668.0], [3158.0, 80.0], [3160.25, 4368.0], [3160.5, 14632.0], [3165.75, 1896.0], [3166.0, 6353.0], [3166.25, 400.0], [3168.25, 20697.0], [3169.0, 40000.0], [3171.25, 18965.0], [3172.5, 38546.0], [3173.25, 2.0], [3173.5, 36581.0], [3173.75, 40000.0], [3176.25, 37645.0], [3176.5, 11.0], [3177.25, 40000.0], [3182.75, 37632.0]]}}}
{"jsonrpc": "2.0", "method": "subscription", "params": {"channel": "book.ETH-14NOV25.none.20.100ms", "data": {"timestamp": 1763065624164, "change_id": 96645826349, "instrument_name": "ETH-14NOV25", "bids": [[3156.25, 1299.0], [3156.0, 1458.0], [3155.75, 1536.0], [3155.5, 1749.0], [3155.25, 5295.0], [3154.0, 2992.0], [3153.75, 9013.0], [3152.5, 4385.0], [3152.25, 14690.0], [3149.5, 7662.0], [3149.25, 40444.0], [3149.0, 49505.0], [3147.5, 3636.0], [3147.25, 27473.0], [3147.0, 51225.0], [3146.5, 77345.0], [3146.25, 21906.0], [3146.0, 25665.0], [3145.75, 40000.0], [3145.25, 2.0]], "asks": [[3156.75, 322.0], [3157.0, 2467.0], [3157.25, 5215.0], [3157.5, 1000.0], [3158.0, 80.0], [3160.5, 4196.0], [3160.75, 14056.0], [3164.75, 7640.0], [3165.0, 25595.0], [3165.25, 400.0], [3167.75, 20417.0], [3169.0, 40000.0], [3171.25, 50740.0], [3172.0, 25710.0], [3174.0, 40000.0], [3174.25, 50710.0], [3175.75, 76187.0], [3176.5, 2.0], [3177.5, 40000.0], [3183.5, 73027.0]]}}}
{"jsonrpc": "2.0", "method": "subscription", "params": {"channel": "book.ETH-21NOV25.none.20.100ms", "data": {"timestamp": 1763065624185, "change_id": 96645826438, "instrument_name": "ETH-21NOV25", "bids": [[3157.0, 909.0], [3156.75, 909.0], [3156.5, 909.0], [3156.25, 1276.0], [3156.0, 3679.0], [3155.75, 5615.0], [3155.5, 3318.0], [3155.25, 9226.0], [3153.5, 4271.0], [3153.25, 14308.0], [3152.0, 500.0], [3150.0, 5522.0], [3149.75, 24651.0], [3149.5, 8358.0], [3149.25, 37585.0], [3147.5, 6076.0], [3147.25, 400.0], [3146.75, 21906.0], [3146.5, 36412.0], [3146.25, 40000.0]], "asks": [[3158.0, 4915.0], [3158.75, 80.0], [3161.5, 4326.0], [3161.75, 14491.0], [3165.75, 1896.0], [3166.0, 6353.0], [3166.25, 400.0], [3168.25, 20697.0], [3169.0, 40000.0], [3171.25, 18965.0], [3172.5, 38546.0], [3173.25, 2.0], [3173.5, 36581.0], [3173.75, 40000.0], [3176.25, 37645.0], [3176.5, 11.0], [3182.25, 40000.0], [3182.75, 37632.0], [3191.5, 45.0], [3193.5, 24848.0]]}}}
{"jsonrpc": "2.0", "method": "subscription", "params": {"channel": "book.ETH-14NOV25.none.20.100ms", "data": {"timestamp": 1763065624489, "change_id": 96645827665, "instrument_name": "ETH-14NOV25", "bids": [[3156.25, 1250.0], [3155.75, 286.0], [3155.25, 80.0], [3155.0, 1467.0], [3154.75, 4916.0], [3154.0, 2690.0], [3153.75, 9013.0], [3152.5, 4385.0], [3152.25, 14690.0], [3149.5, 7662.0], [3149.25, 40444.0], [3149.0, 49505.0], [3147.5, 3636.0], [3147.25, 27473.0], [3147.0, 51225.0], [3146.5, 77345.0], [3146.25, 21906.0], [3146.0, 25665.0], [3145.75, 40000.0], [3145.25, 2.0]], "asks": [[3156.5, 5991.0], [3156.75, 5238.0], [3157.0, 1000.0], [3157.5, 80.0], [3158.0, 373.0], [3158.25, 1250.0], [3158.75, 4260.0], [3159.0, 14271.0], [3164.75, 7640.0], [3165.0, 25595.0], [3165.25, 400.0], [3167.75, 20417.0], [3169.0, 40000.0], [3171.25, 50740.0], [3172.0, 25710.0], [3174.0, 40000.0], [3174.25, 50710.0], [3175.75, 76187.0], [3176.5, 2.0], [3177.5, 40000.0]]}}}
{"jsonrpc": "2.0", "method": "subscription", "params": {"channel": "book.ETH-21NOV25.none.20.100ms", "data": {"timestamp": 1763065624496, "change_id": 96645827686, "instrument_name": "ETH-21NOV25", "bids": [[3157.0, 700.0], [3156.75, 909.0], [3156.5, 1282.0], [3156.25, 2183.0], [3156.0, 2429.0], [3155.75, 5615.0], [3155.5, 3318.0], [3155.25, 9226.0], [3153.5, 4271.0], [3153.25, 14308.0], [3152.0, 500.0], [3150.0, 5522.0], [3149.75, 24651.0], [3149.5, 8358.0], [3149.25, 37585.0], [3147.5, 6076.0], [3147.25, 400.0], [3146.75, 21906.0], [3146.5, 36412.0], [3146.25, 40000.0]], "asks": [[3157.5, 5124.0], [3158.0, 373.0], [3158.25, 3464.0], [3158.5, 7149.0], [3160.0, 4418.0], [3160.25, 14800.0], [3165.75, 1896.0], [3166.0, 6353.0], [3166.25, 400.0], [3168.25, 20697.0], [3169.0, 40000.0], [3171.25, 18965.0], [3172.5, 38546.0], [3173.25, 2.0], [3173.5, 36581.0], [3173.75, 40000.0], [3176.25, 37645.0], [3176.5, 11.0], [3182.25, 40000.0], [3182.75, 37632.0]]}}}
{"jsonrpc": "2.0", "method": "subscription", "params": {"channel": "book.ETH-14NOV25.none.20.100ms", "data": {"timestamp": 1763065624867, "change_id": 96645829548, "instrument_name": "ETH-14NOV25", "bids": [[3156.75, 299.0], [3156.5, 1672.0], [3156.25, 7250.0], [3155.75, 286.0], [3155.5, 1491.0], [3155.25, 4996.0], [3154.75, 9013.0], [3154.5, 299.0], [3154.25, 1000.0], [3154.0, 2690.0], [3152.5, 4385.0], [3152.25, 14690.0], [3149.25, 14777.0], [3147.5, 3636.0], [3147.25, 12182.0], [3147.0, 51225.0], [3146.5, 77345.0], [3146.25, 21906.0], [3146.0, 25665.0], [3145.75, 40000.0]], "asks": [[3158.75, 15740.0], [3164.75, 7640.0], [3165.0, 25595.0], [3165.25, 400.0], [3167.75, 20417.0], [3169.0, 40000.0], [3171.25, 50740.0], [3172.0, 25710.0], [3174.0, 40000.0], [3174.25, 50710.0], [3175.75, 76187.0], [3176.5, 2.0], [3177.5, 40000.0], [3183.5, 73027.0], [3186.5, 50600.0], [3190.75, 11.0], [3196.5, 49852.0], [3206.0, 1105.0], [3207.0, 45.0], [3213.0, 50485.0]]}}}
{"jsonrpc": "2.0", "method": "subscription", "params": {"channel": "book.ETH-21NOV25.none.20.100ms", "data": {"timestamp": 1763065624872, "change_id": 96645829607, "instrument_name": "ETH-21NOV25", "bids": [[3157.25, 909.0], [3157.0, 909.0], [3156.75, 909.0], [3156.5, 1362.0], [3156.25, 2183.0], [3156.0, 2349.0], [3155.75, 5824.0], [3155.5, 4018.0], [3155.25, 9226.0], [3153.5, 4271.0], [3153.25, 14308.0], [3152.0, 500.0], [3150.0, 5522.0], [3149.75, 6153.0], [3147.5, 6076.0], [3147.25, 400.0], [3146.75, 21906.0], [3146.5, 36412.0], [3146.25, 40000.0], [3141.75, 37430.0]], "asks": [[3165.75, 1896.0], [3166.0, 6353.0], [3166.25, 400.0], [3168.25, 20697.0], [3169.0, 40000.0], [3171.25, 18965.0], [3172.5, 38546.0], [3173.25, 2.0], [3173.5, 36581.0], [3173.75, 40000.0], [3176.25, 37645.0], [3176.5, 11.0], [3182.25, 40000.0], [3182.75, 37632.0], [3191.5, 45.0], [3193.5, 24848.0], [3196.75, 24612.0], [3209.5, 25556.0], [3225.0, 5528.0], [3235.75, 7600.0]]}}}
{"jsonrpc": "2.0", "method": "subscription", "params": {"channel": "book.ETH-14NOV25.none.20.100ms", "data": {"timestamp": 1763065625213, "change_id": 96645833137, "instrument_name": "ETH-14NOV25", "bids": [[3157.75, 80.0], [3156.75, 1299.0], [3156.5, 1000.0], [3156.25, 1549.0], [3155.25, 379.0], [3154.75, 9013.0], [3154.25, 1000.0], [3153.5, 14749.0], [3147.25, 12182.0], [3146.5, 400.0], [3146.25, 21906.0], [3145.75, 40000.0], [3145.25, 2.0], [3144.25, 51225.0], [3143.25, 11.0], [3143.0, 76945.0], [3142.0, 4423.0], [3139.25, 40000.0], [3135.5, 77077.0], [3134.0, 17695.0]], "asks": [[3164.25, 1000.0], [3164.5, 1000.0], [3164.75, 21000.0], [3167.75, 20417.0], [3170.5, 400.0], [3171.75, 25595.0], [3174.75, 80.0], [3176.5, 2.0], [3177.5, 40000.0], [3183.5, 73027.0], [3186.5, 50600.0], [3190.75, 11.0], [3196.5, 49852.0], [3206.0, 1105.0], [3207.0, 45.0], [3213.0, 50485.0], [3221.0, 16.0], [3223.0, 16.0], [3225.0, 16.0], [3226.0, 16.0]]}}}
{"jsonrpc": "2.0", "method": "subscription", "params": {"channel": "book.ETH-21NOV25.none.20.100ms", "data": {"timestamp": 1763065625205, "change_id": 96645833085, "instrument_name": "ETH-21NOV25", "bids": [[3158.5, 80.0], [3158.0, 700.0], [3157.5, 700.0], [3157.25, 700.0], [3157.0, 5000.0], [3156.5, 700.0], [3156.25, 1950.0], [3156.0, 9017.0], [3155.75, 700.0], [3154.75, 14646.0], [3149.75, 6153.0], [3147.25, 400.0], [3146.75, 21906.0], [3146.25, 40000.0], [3145.75, 18498.0], [3144.5, 37585.0], [3139.75, 40000.0], [3138.75, 56.0], [3135.0, 25200.0], [3134.0, 40000.0]], "asks": [[3161.25, 4915.0], [3165.5, 700.0], [3165.75, 5700.0], [3167.0, 700.0], [3167.25, 14097.0], [3168.25, 20697.0], [3173.25, 2.0], [3173.75, 40000.0], [3175.5, 80.0], [3176.5, 11.0], [3182.25, 40000.0], [3191.5, 45.0], [3193.5, 24848.0], [3196.75, 24612.0], [3209.5, 25556.0], [3225.0, 5528.0], [3235.75, 7600.0], [3236.75, 17693.0], [3240.5, 182.0], [3249.0, 12220.0]]}}}
{"jsonrpc": "2.0", "method": "subscription", "params": {"channel": "book.ETH-14NOV25.none.20.100ms", "data": {"timestamp": 1763065625537, "change_id": 96645836830, "instrument_name": "ETH-14NOV25", "bids": [[3159.0, 299.0], [3158.75, 1000.0], [3158.25, 4916.0], [3157.75, 80.0], [3157.5, 4996.0], [3156.75, 1000.0], [3156.5, 1000.0], [3156.25, 1250.0], [3155.25, 379.0], [3154.75, 9013.0], [3153.5, 14749.0], [3149.5, 1105.0], [3147.25, 12182.0], [3146.25, 21906.0], [3145.75, 40000.0], [3145.25, 2.0], [3144.25, 51225.0], [3143.25, 11.0], [3143.0, 76945.0], [3142.0, 4423.0]], "asks": [[3160.5, 1766.0], [3160.75, 5916.0], [3163.25, 15372.0], [3164.0, 6882.0], [3164.25, 5996.0], [3164.5, 1000.0], [3167.75, 20417.0], [3170.5, 400.0], [3171.75, 25675.0], [3176.5, 2.0], [3177.5, 40000.0], [3180.0, 50710.0], [3183.5, 73027.0], [3186.25, 76187.0], [3186.5, 50600.0], [3190.75, 11.0], [3196.5, 49852.0], [3206.0, 1105.0], [3207.0, 45.0], [3213.0, 50485.0]]}}}
{"jsonrpc": "2.0", "method": "subscription", "params": {"channel": "book.ETH-21NOV25.none.20.100ms", "data": {"timestamp": 1763065625536, "change_id": 96645836817, "instrument_name": "ETH-21NOV25", "bids": [[3158.75, 209.0], [3158.5, 780.0], [3157.75, 209.0], [3157.5, 909.0], [3157.25, 700.0], [3156.75, 209.0], [3156.5, 1431.0], [3156.25, 2450.0], [3156.0, 9017.0], [3146.75, 21906.0], [3146.25, 40000.0], [3145.75, 18498.0], [3144.5, 37585.0], [3143.75, 36412.0], [3139.75, 40000.0], [3138.75, 56.0], [3135.0, 25200.0], [3134.0, 40000.0], [3132.5, 37430.0], [3125.0, 24487.0]], "asks": [[3160.75, 209.0], [3161.0, 2376.0], [3161.25, 700.0], [3164.25, 14878.0], [3165.25, 209.0], [3165.5, 700.0], [3166.75, 209.0], [3168.0, 6178.0], [3168.25, 20697.0], [3170.75, 1896.0], [3171.0, 6353.0], [3171.25, 400.0], [3172.75, 80.0], [3173.25, 2.0], [3173.75, 40000.0], [3176.5, 11.0], [3179.0, 38546.0], [3182.0, 37645.0], [3182.25, 40000.0], [3191.5, 45.0]]}}}
{"jsonrpc": "2.0", "method": "subscription", "params": {"channel": "book.ETH-14NOV25.none.20.100ms", "data": {"timestamp": 1763065625881, "change_id": 96645840591, "instrument_name": "ETH-14NOV25", "bids": [[3157.75, 2848.0], [3157.5, 9912.0], [3157.0, 209.0], [3156.75, 1299.0], [3156.5, 1000.0], [3155.0, 7246.0], [3154.75, 24274.0], [3149.25, 400.0], [3147.25, 12182.0], [3146.25, 21906.0], [3145.75, 40000.0], [3145.25, 2.0], [3144.25, 51225.0], [3143.25, 11.0], [3143.0, 76945.0], [3139.25, 40000.0], [3135.5, 77077.0], [3133.75, 90317.0], [3126.75, 45.0], [3126.5, 50710.0]], "asks": [[3159.5, 2467.0], [3159.75, 4916.0], [3160.5, 1.0], [3161.25, 373.0], [3161.5, 1250.0], [3163.0, 4589.0], [3163.25, 15372.0], [3163.75, 1520.0], [3164.0, 7181.0], [3164.25, 1000.0], [3167.75, 20417.0], [3170.25, 80.0], [3170.5, 400.0], [3171.75, 65595.0], [3176.5, 2.0], [3177.5, 40000.0], [3180.0, 50710.0], [3183.5, 73027.0], [3184.75, 40000.0], [3186.25, 76187.0]]}}}
{"jsonrpc": "2.0", "method": "subscription", "params": {"channel": "book.ETH-21NOV25.none.20.100ms", "data": {"timestamp": 1763065625874, "change_id": 96645840522, "instrument_name": "ETH-21NOV25", "bids": [[3158.75, 233.0], [3158.5, 2247.0], [3158.25, 4915.0], [3157.75, 209.0], [3157.5, 700.0], [3156.75, 209.0], [3156.5, 5078.0], [3156.25, 20051.0], [3156.0, 9017.0], [3150.0, 400.0], [3147.5, 6153.0], [3146.75, 21906.0], [3146.25, 40000.0], [3145.75, 18498.0], [3144.5, 37585.0], [3143.75, 36412.0], [3139.75, 40000.0], [3138.75, 56.0], [3135.0, 25200.0], [3134.0, 40000.0]], "asks": [[3160.25, 481.0], [3160.5, 4915.0], [3161.5, 373.0], [3161.75, 1250.0], [3164.0, 4441.0], [3164.25, 14878.0], [3168.25, 20697.0], [3171.0, 6433.0], [3171.25, 400.0], [3173.25, 2.0], [3173.75, 40000.0], [3176.5, 11.0], [3178.25, 40000.0], [3179.0, 38546.0], [3182.0, 37645.0], [3182.25, 40000.0], [3191.25, 37632.0], [3191.5, 45.0], [3193.75, 24848.0], [3196.75, 24612.0]]}}}
{"jsonrpc": "2.0", "method": "subscription", "params": {"channel": "book.ETH-14NOV25.none.20.100ms", "data": {"timestamp": 1763065626208, "change_id": 96645844270, "instrument_name": "ETH-14NOV25", "bids": [[3159.0, 1250.0], [3157.75, 1824.0], [3157.5, 4916.0], [3157.0, 209.0], [3156.75, 1299.0], [3156.5, 1000.0], [3154.75, 15261.0], [3149.75, 40000.0], [3149.25, 400.0], [3147.25, 12182.0], [3146.25, 21906.0], [3145.75, 40000.0], [3145.25, 2.0], [3144.25, 51225.0], [3143.25, 11.0], [3143.0, 76945.0], [3139.25, 40000.0], [3135.5, 77077.0], [3133.75, 50317.0], [3126.75, 45.0]], "asks": [[3159.25, 4918.0], [3159.5, 1000.0], [3161.0, 7596.0], [3161.25, 27070.0], [3163.0, 4589.0], [3163.25, 15372.0], [3167.75, 20417.0], [3168.0, 80.0], [3169.5, 40000.0], [3171.75, 25595.0], [3176.5, 2.0], [3177.5, 40000.0], [3180.0, 50710.0], [3183.5, 73027.0], [3184.75, 40000.0], [3186.25, 76187.0], [3186.5, 50600.0], [3190.75, 11.0], [3196.5, 49852.0], [3206.0, 1105.0]]}}}
{"jsonrpc": "2.0", "method": "subscription", "params": {"channel": "book.ETH-21NOV25.none.20.100ms", "data": {"timestamp": 1763065626203, "change_id": 96645844136, "instrument_name": "ETH-21NOV25", "bids": [[3159.25, 700.0], [3159.0, 1250.0], [3158.75, 233.0], [3158.5, 780.0], [3157.75, 4915.0], [3156.75, 209.0], [3156.5, 5509.0], [3156.25, 16109.0], [3150.25, 40000.0], [3150.0, 400.0], [3147.0, 6153.0], [3146.75, 21906.0], [3146.25, 40000.0], [3145.75, 18498.0], [3144.5, 37585.0], [3143.75, 36412.0], [3139.75, 40000.0], [3138.75, 56.0], [3135.0, 25200.0], [3132.5, 37430.0]], "asks": [[3160.0, 4915.0], [3161.25, 1623.0], [3164.0, 4441.0], [3164.25, 14878.0], [3168.25, 20697.0], [3168.75, 80.0], [3170.75, 40000.0], [3171.0, 6353.0], [3173.25, 2.0], [3176.5, 11.0], [3178.25, 40000.0], [3179.0, 38546.0], [3182.0, 37645.0], [3182.25, 40000.0], [3191.25, 37632.0], [3191.5, 45.0], [3193.75, 24848.0], [3196.75, 24612.0], [3209.5, 25556.0], [3225.0, 5528.0]]}}}
{"jsonrpc": "2.0", "method": "subscription", "params": {"channel": "book.ETH-14NOV25.none.20.100ms", "data": {"timestamp": 1763065626503, "change_id": 96645846256, "instrument_name": "ETH-14NOV25", "bids": [[3159.0, 1393.0], [3158.5, 2250.0], [3157.75, 333.0], [3157.5, 4916.0], [3157.0, 299.0], [3156.75, 1299.0], [3156.5, 1000.0], [3155.0, 4555.0], [3154.75, 15261.0], [3149.75, 40000.0], [3149.25, 400.0], [3146.5, 12182.0], [3146.25, 21906.0], [3145.75, 40000.0], [3145.25, 2.0], [3144.25, 51225.0], [3143.25, 11.0], [3143.0, 76945.0], [3139.25, 40000.0], [3135.5, 77077.0]], "asks": [[3159.25, 2.0], [3159.5, 1000.0], [3159.75, 4916.0], [3161.0, 7596.0], [3161.25, 25820.0], [3163.0, 4589.0], [3163.25, 15372.0], [3167.5, 80.0], [3167.75, 20417.0], [3169.5, 40000.0], [3171.75, 25595.0], [3176.5, 2.0], [3177.5, 40000.0], [3180.0, 50710.0], [3183.5, 73027.0], [3184.75, 40000.0], [3186.25, 76187.0], [3186.5, 50600.0], [3190.75, 11.0], [3196.5, 49852.0]]}}}
{"jsonrpc": "2.0", "method": "subscription", "params": {"channel": "book.ETH-21NOV25.none.20.100ms", "data": {"timestamp": 1763065626511, "change_id": 96645846315, "instrument_name": "ETH-21NOV25", "bids": [[3159.5, 909.0], [3159.25, 700.0], [3158.75, 576.0], [3158.5, 3497.0], [3158.25, 4915.0], [3156.75, 209.0], [3156.5, 5509.0], [3156.25, 16109.0], [3150.25, 40000.0], [3150.0, 400.0], [3147.0, 6153.0], [3146.75, 21906.0], [3146.25, 40000.0], [3145.75, 18498.0], [3144.5, 37585.0], [3143.75, 36412.0], [3139.75, 40000.0], [3138.75, 56.0], [3135.0, 25200.0], [3132.5, 37430.0]], "asks": [[3160.5, 5615.0], [3161.25, 1623.0], [3164.0, 4441.0], [3164.25, 14878.0], [3168.25, 20777.0], [3170.75, 40000.0], [3171.0, 6353.0], [3173.25, 2.0], [3176.5, 11.0], [3178.25, 40000.0], [3179.0, 38546.0], [3182.0, 37645.0], [3182.25, 40000.0], [3191.25, 37632.0], [3191.5, 45.0], [3193.75, 24848.0], [3196.75, 24612.0], [3209.5, 25556.0], [3225.0, 5528.0], [3235.75, 7600.0]]}}}
{"jsonrpc": "2.0", "method": "subscription", "params": {"channel": "book.ETH-14NOV25.none.20.100ms", "data": {"timestamp": 1763065626885, "change_id": 96645847946, "instrument_name": "ETH-14NOV25", "bids": [[3159.5, 1299.0], [3159.25, 1416.0], [3159.0, 1594.0], [3158.75, 80.0], [3158.5, 1250.0], [3155.0, 4555.0], [3154.75, 15261.0], [3149.75, 40000.0], [3149.25, 400.0], [3146.5, 12182.0], [3146.25, 21906.0], [3145.75, 40000.0], [3145.25, 2.0], [3144.25, 51225.0], [3143.25, 11.0], [3143.0, 76945.0], [3139.25, 40000.0], [3135.5, 77077.0], [3133.75, 50317.0], [3126.75, 45.0]], "asks": [[3160.25, 1000.0], [3160.5, 5916.0], [3160.75, 1000.0], [3166.25, 80.0], [3167.5, 6094.0], [3167.75, 20417.0], [3168.5, 400.0], [3169.5, 40000.0], [3171.75, 25595.0], [3176.5, 2.0], [3177.5, 40000.0], [3180.0, 50710.0], [3183.5, 73027.0], [3184.75, 40000.0], [3186.25, 76187.0], [3186.5, 50600.0], [3190.75, 11.0], [3196.5, 49852.0], [3206.0, 1105.0], [3207.0, 45.0]]}}}
{"jsonrpc": "2.0", "method": "subscription", "params": {"channel": "book.ETH-21NOV25.none.20.100ms", "data": {"timestamp": 1763065626866, "change_id": 96645847915, "instrument_name": "ETH-21NOV25", "bids": [[3159.75, 700.0], [3159.5, 80.0], [3159.0, 1649.0], [3158.75, 6191.0], [3158.5, 1950.0], [3156.75, 209.0], [3156.5, 5509.0], [3156.25, 15409.0], [3155.0, 500.0], [3150.25, 40000.0], [3150.0, 400.0], [3147.0, 6153.0], [3146.75, 21906.0], [3146.25, 40000.0], [3145.75, 18498.0], [3144.5, 37585.0], [3143.75, 36412.0], [3139.75, 40000.0], [3138.75, 56.0], [3135.0, 25200.0]], "asks": [[3161.0, 373.0], [3161.25, 1250.0], [3168.0, 6178.0], [3168.25, 20697.0], [3169.25, 400.0], [3170.75, 40000.0], [3171.0, 6353.0], [3173.25, 2.0], [3176.5, 11.0], [3178.25, 40000.0], [3179.0, 38546.0], [3182.0, 37645.0], [3182.25, 40000.0], [3191.25, 37632.0], [3191.5, 45.0], [3193.75, 24848.0], [3196.75, 24612.0], [3209.5, 25556.0], [3225.0, 5528.0], [3235.75, 7600.0]]}}}
{"jsonrpc": "2.0", "method": "subscription", "params": {"channel": "book.ETH-14NOV25.none.20.100ms", "data": {"timestamp": 1763065627191, "change_id": 96645848905, "instrument_name": "ETH-14NOV25", "bids": [[3159.5, 1221.0], [3159.25, 1416.0], [3159.0, 2611.0], [3158.75, 5873.0], [3158.5, 6166.0], [3155.0, 4555.0], [3154.75, 15261.0], [3149.75, 40000.0], [3149.25, 400.0], [3146.5, 12182.0], [3146.25, 21906.0], [3145.75, 40000.0], [3145.25, 2.0], [3144.25, 51225.0], [3143.25, 11.0], [3143.0, 76945.0], [3139.25, 40000.0], [3135.5, 77077.0], [3133.75, 50317.0], [3126.75, 45.0]], "asks": [[3160.0, 5989.0], [3160.25, 1000.0], [3160.5, 5916.0], [3164.5, 4587.0], [3164.75, 15366.0], [3165.0, 80.0], [3167.5, 6094.0], [3167.75, 20417.0], [3168.5, 400.0], [3169.5, 40000.0], [3171.75, 25595.0], [3176.5, 2.0], [3177.5, 40000.0], [3180.0, 50710.0], [3183.5, 73027.0], [3184.75, 40000.0], [3186.25, 76187.0], [3186.5, 50600.0], [3190.75, 11.0], [3196.5, 49852.0]]}}}
{"jsonrpc": "2.0", "method": "subscription", "params": {"channel": "book.ETH-21NOV25.none.20.100ms", "data": {"timestamp": 1763065627151, "change_id": 96645848828, "instrument_name": "ETH-21NOV25", "bids": [[3159.75, 622.0], [3159.5, 80.0], [3159.25, 4915.0], [3159.0, 209.0], [3158.75, 1276.0], [3158.5, 1950.0], [3156.75, 209.0], [3156.5, 5509.0], [3156.25, 15409.0], [3155.25, 9018.0], [3155.0, 500.0], [3150.25, 40000.0], [3150.0, 400.0], [3147.0, 6153.0], [3146.75, 21906.0], [3146.25, 40000.0], [3145.75, 18498.0], [3144.5, 37585.0], [3143.75, 36412.0], [3139.75, 40000.0]], "asks": [[3161.25, 6165.0], [3165.75, 4578.0], [3166.0, 15070.0], [3168.0, 6178.0], [3168.25, 20697.0], [3169.25, 400.0], [3170.75, 40000.0], [3171.0, 6353.0], [3173.25, 2.0], [3176.5, 11.0], [3178.25, 40000.0], [3179.0, 38546.0], [3182.0, 37645.0], [3182.25, 40000.0], [3191.25, 37632.0], [3191.5, 45.0], [3193.75, 24848.0], [3196.75, 24612.0], [3209.5, 25556.0], [3225.0, 5528.0]]}}}
{"jsonrpc": "2.0", "method": "subscription", "params": {"channel": "book.ETH-14NOV25.none.20.100ms", "data": {"timestamp": 1763065627539, "change_id": 96645850304, "instrument_name": "ETH-14NOV25", "bids": [[3159.25, 2250.0], [3158.5, 4000.0], [3158.0, 1547.0], [3157.75, 4916.0], [3155.0, 4555.0], [3154.75, 15261.0], [3149.75, 40000.0], [3149.25, 400.0], [3146.5, 12182.0], [3146.25, 21906.0], [3145.75, 40000.0], [3145.25, 2.0], [3144.25, 51225.0], [3143.25, 11.0], [3143.0, 76945.0], [3139.25, 40000.0], [3135.5, 77077.0], [3133.75, 50317.0], [3126.75, 45.0], [3126.5, 50710.0]], "asks": [[3160.0, 10905.0], [3160.25, 1299.0], [3160.5, 1000.0], [3161.0, 373.0], [3161.25, 1250.0], [3164.0, 80.0], [3167.5, 6094.0], [3167.75, 20417.0], [3168.5, 400.0], [3169.5, 40000.0], [3171.75, 25595.0], [3176.5, 2.0], [3177.5, 40000.0], [3180.0, 50710.0], [3183.5, 73027.0], [3184.75, 40000.0], [3186.25, 76187.0], [3186.5, 50600.0], [3190.75, 11.0], [3196.5, 49852.0]]}}}
{"jsonrpc": "2.0", "method": "subscription", "params": {"channel": "book.ETH-21NOV25.none.20.100ms", "data": {"timestamp": 1763065627547, "change_id": 96645850312, "instrument_name": "ETH-21NOV25", "bids": [[3160.0, 700.0], [3159.75, 622.0], [3159.0, 209.0], [3158.75, 2247.0], [3158.5, 4915.0], [3156.75, 209.0], [3156.5, 5509.0], [3156.25, 15409.0], [3155.0, 500.0], [3150.25, 40000.0], [3150.0, 400.0], [3147.0, 6153.0], [3146.75, 21906.0], [3146.25, 40000.0], [3145.75, 18498.0], [3144.5, 37585.0], [3143.75, 36412.0], [3139.75, 40000.0], [3138.75, 56.0], [3135.0, 25200.0]], "asks": [[3160.5, 700.0], [3160.75, 5824.0], [3162.0, 15596.0], [3165.25, 80.0], [3168.0, 6178.0], [3168.25, 20697.0], [3169.25, 400.0], [3170.75, 40000.0], [3171.0, 6353.0], [3173.25, 2.0], [3176.5, 11.0], [3178.25, 40000.0], [3179.0, 38546.0], [3182.0, 37645.0], [3182.25, 40000.0], [3191.25, 37632.0], [3191.5, 45.0], [3193.75, 24848.0], [3196.75, 24612.0], [3209.5, 25556.0]]}}}
{"jsonrpc": "2.0", "method": "subscription", "params": {"channel": "book.ETH-14NOV25.none.20.100ms", "data": {"timestamp": 1763065627847, "change_id": 96645851277, "instrument_name": "ETH-14NOV25", "bids": [[3159.5, 1250.0], [3158.75, 2194.0], [3158.5, 4000.0], [3158.0, 1547.0], [3157.75, 4916.0], [3155.0, 4555.0], [3154.75, 15261.0], [3149.75, 40000.0], [3149.25, 400.0], [3146.5, 12182.0], [3146.25, 21906.0], [3145.75, 40000.0], [3145.25, 2.0], [3144.25, 51225.0], [3143.25, 11.0], [3143.0, 76945.0], [3139.25, 40000.0], [3136.0, 4423.0], [3135.5, 77077.0], [3133.75, 50317.0]], "asks": [[3159.75, 1001.0], [3160.0, 6215.0], [3160.25, 1299.0], [3160.5, 1000.0], [3160.75, 373.0], [3161.0, 1250.0], [3162.75, 4488.0], [3163.0, 15034.0], [3164.0, 80.0], [3167.5, 6094.0], [3167.75, 20417.0], [3168.5, 400.0], [3169.5, 40000.0], [3171.75, 25595.0], [3176.5, 2.0], [3177.5, 40000.0], [3180.0, 50710.0], [3183.5, 73027.0], [3184.75, 40000.0], [3186.25, 76187.0]]}}}
{"jsonrpc": "2.0", "method": "subscription", "params": {"channel": "book.ETH-21NOV25.none.20.100ms", "data": {"timestamp": 1763065627855, "change_id": 96645851301, "instrument_name": "ETH-21NOV25", "bids": [[3159.75, 622.0], [3159.5, 1250.0], [3159.25, 209.0], [3159.0, 909.0], [3158.75, 2247.0], [3158.5, 4915.0], [3156.75, 209.0], [3156.5, 5509.0], [3156.25, 15409.0], [3155.0, 500.0], [3150.25, 40000.0], [3150.0, 400.0], [3147.0, 6153.0], [3146.75, 21906.0], [3146.25, 40000.0], [3145.75, 18498.0], [3144.5, 37585.0], [3143.75, 36412.0], [3139.75, 40000.0], [3138.75, 56.0]], "asks": [[3160.5, 1622.0], [3160.75, 5824.0], [3161.0, 1250.0], [3161.25, 209.0], [3161.5, 700.0], [3161.75, 4199.0], [3162.0, 15596.0], [3164.0, 4476.0], [3164.25, 14996.0], [3164.75, 80.0], [3168.0, 6178.0], [3168.25, 20697.0], [3169.25, 400.0], [3170.75, 40000.0], [3171.0, 6353.0], [3173.25, 2.0], [3176.5, 11.0], [3178.25, 40000.0], [3179.0, 38546.0], [3182.0, 37645.0]]}}}
{"jsonrpc": "2.0", "method": "subscription", "params": {"channel": "book.ETH-14NOV25.none.20.100ms", "data": {"timestamp": 1763065627965, "change_id": 96645851595, "instrument_name": "ETH-14NOV25", "bids": [[3159.5, 1250.0], [3159.25, 282.0], [3159.0, 299.0], [3158.75, 2194.0], [3158.5, 4000.0], [3158.0, 1547.0], [3157.75, 4916.0], [3155.0, 4555.0], [3154.75, 15261.0], [3149.75, 40000.0], [3149.25, 400.0], [3146.5, 12182.0], [3146.25, 21906.0], [3145.75, 40000.0], [3145.25, 2.0], [3144.25, 51225.0], [3143.25, 11.0], [3143.0, 76945.0], [3139.25, 40000.0], [3136.0, 4423.0]], "asks": [[3159.75, 1001.0], [3160.0, 6215.0], [3160.25, 1299.0], [3160.5, 1000.0], [3160.75, 373.0], [3161.0, 1250.0], [3162.75, 4488.0], [3163.0, 15034.0], [3163.5, 80.0], [3167.5, 6094.0], [3167.75, 20417.0], [3168.5, 400.0], [3169.5, 40000.0], [3171.75, 25595.0], [3176.5, 2.0], [3177.5, 40000.0], [3180.0, 50710.0], [3183.5, 73027.0], [3184.75, 40000.0], [3186.25, 76187.0]]}}}
{"jsonrpc": "2.0", "method": "subscription", "params": {"channel": "book.ETH-21NOV25.none.20.100ms", "data": {"timestamp": 1763065628215, "change_id": 96645852057, "instrument_name": "ETH-21NOV25", "bids": [[3159.75, 1872.0], [3159.25, 209.0], [3159.0, 909.0], [3158.75, 2247.0], [3158.5, 4915.0], [3156.75, 209.0], [3156.5, 5509.0], [3156.25, 15409.0], [3155.0, 500.0], [3150.25, 40000.0], [3150.0, 400.0], [3147.0, 6153.0], [3146.75, 21906.0], [3146.25, 40000.0], [3145.75, 18498.0], [3144.5, 37585.0], [3143.75, 36412.0], [3139.75, 40000.0], [3138.75, 56.0], [3135.0, 25200.0]], "asks": [[3160.5, 700.0], [3160.75, 5824.0], [3161.0, 1250.0], [3161.25, 209.0], [3161.5, 700.0], [3161.75, 4199.0], [3162.0, 15596.0], [3164.0, 4476.0], [3164.25, 15076.0], [3168.0, 6178.0], [3168.25, 20697.0], [3169.25, 400.0], [3170.75, 40000.0], [3171.0, 6353.0], [3173.25, 2.0], [3176.5, 11.0], [3178.25, 40000.0], [3179.0, 38546.0], [3182.0, 37645.0], [3182.25, 40000.0]]}}}
{"jsonrpc": "2.0", "method": "subscription", "params": {"channel": "book.ETH-14NOV25.none.20.100ms", "data": {"timestamp": 1763065628510, "change_id": 96645852905, "instrument_name": "ETH-14NOV25", "bids": [[3159.5, 1529.0], [3159.0, 299.0], [3158.75, 2194.0], [3158.5, 4080.0], [3158.0, 1467.0], [3157.75, 4916.0], [3155.0, 4555.0], [3154.75, 15261.0], [3149.75, 40000.0], [3149.25, 400.0], [3146.5, 12182.0], [3146.25, 21906.0], [3145.75, 40000.0], [3145.25, 2.0], [3144.25, 51225.0], [3143.25, 11.0], [3143.0, 76945.0], [3139.25, 40000.0], [3136.0, 4423.0], [3135.5, 77077.0]], "asks": [[3159.75, 1001.0], [3160.0, 6215.0], [3160.25, 1299.0], [3160.5, 1000.0], [3160.75, 373.0], [3161.0, 1250.0], [3162.75, 4488.0], [3163.0, 15034.0], [3163.5, 80.0], [3167.5, 6094.0], [3167.75, 20417.0], [3168.5, 400.0], [3169.5, 40000.0], [3171.75, 25595.0], [3176.5, 2.0], [3177.5, 40000.0], [3180.0, 50710.0], [3183.5, 73027.0], [3184.75, 40000.0], [3186.25, 76187.0]]}}}
{"jsonrpc": "2.0", "method": "subscription", "params": {"channel": "book.ETH-21NOV25.none.20.100ms", "data": {"timestamp": 1763065628450, "change_id": 96645852743, "instrument_name": "ETH-21NOV25", "bids": [[3160.0, 700.0], [3159.75, 1250.0], [3159.25, 289.0], [3159.0, 909.0], [3158.75, 2167.0], [3158.5, 4915.0], [3156.75, 209.0], [3156.5, 5509.0], [3156.25, 15409.0], [3155.0, 500.0], [3150.25, 40000.0], [3150.0, 400.0], [3147.0, 6153.0], [3146.75, 21906.0], [3146.25, 40000.0], [3145.75, 18498.0], [3144.5, 37585.0], [3143.75, 36412.0], [3139.75, 40000.0], [3138.75, 56.0]], "asks": [[3160.75, 5615.0], [3161.0, 1250.0], [3161.25, 209.0], [3161.5, 700.0], [3161.75, 4199.0], [3162.0, 15596.0], [3164.0, 4476.0], [3164.25, 15076.0], [3168.0, 6178.0], [3168.25, 20697.0], [3169.25, 400.0], [3170.75, 40000.0], [3171.0, 6353.0], [3173.25, 2.0], [3176.5, 11.0], [3178.25, 40000.0], [3179.0, 38546.0], [3182.0, 37645.0], [3182.25, 40000.0], [3191.25, 37632.0]]}}}
{"jsonrpc": "2.0", "method": "subscription", "params": {"channel": "book.ETH-14NOV25.none.20.100ms", "data": {"timestamp": 1763065628880, "change_id": 96645854743, "instrument_name": "ETH-14NOV25", "bids": [[3159.5, 1539.0], [3159.0, 299.0], [3158.75, 2194.0], [3158.5, 4379.0], [3158.25, 1000.0], [3158.0, 1718.0], [3157.75, 5756.0], [3155.0, 4555.0], [3154.75, 15261.0], [3149.75, 40000.0], [3149.25, 400.0], [3146.5, 12182.0], [3146.25, 21906.0], [3145.75, 40000.0], [3145.25, 2.0], [3144.25, 51225.0], [3143.25, 11.0], [3143.0, 76945.0], [3139.25, 40000.0], [3136.0, 4423.0]], "asks": [[3159.75, 1001.0], [3160.0, 2718.0], [3160.25, 6055.0], [3160.5, 1299.0], [3160.75, 1373.0], [3161.0, 1250.0], [3162.75, 4488.0], [3163.0, 15114.0], [3167.5, 6094.0], [3167.75, 20417.0], [3168.5, 400.0], [3169.5, 40000.0], [3171.75, 25595.0], [3176.5, 2.0], [3177.5, 40000.0], [3180.0, 50710.0], [3183.5, 73027.0], [3184.75, 40000.0], [3186.25, 76187.0], [3186.5, 50600.0]]}}}
{"jsonrpc": "2.0", "method": "subscription", "params": {"channel": "book.ETH-21NOV25.none.20.100ms", "data": {"timestamp": 1763065628876, "change_id": 96645854737, "instrument_name": "ETH-21NOV25", "bids": [[3160.0, 700.0], [3159.75, 1250.0], [3159.5, 233.0], [3159.25, 989.0], [3159.0, 909.0], [3158.75, 700.0], [3158.5, 1718.0], [3158.25, 5754.0], [3156.75, 209.0], [3156.5, 5509.0], [3156.25, 15409.0], [3155.0, 500.0], [3150.25, 40000.0], [3150.0, 400.0], [3147.0, 6153.0], [3146.75, 21906.0], [3146.25, 40000.0], [3145.75, 18498.0], [3144.5, 37585.0], [3143.75, 36412.0]], "asks": [[3160.75, 700.0], [3161.0, 7004.0], [3161.25, 209.0], [3161.5, 700.0], [3161.75, 4199.0], [3162.0, 15596.0], [3163.75, 80.0], [3164.0, 4476.0], [3164.25, 14996.0], [3168.0, 6178.0], [3168.25, 20697.0], [3169.25, 400.0], [3170.75, 40000.0], [3171.0, 6353.0], [3173.25, 2.0], [3176.5, 11.0], [3178.25, 40000.0], [3179.0, 38546.0], [3182.0, 37645.0], [3182.25, 40000.0]]}}}
{"jsonrpc": "2.0", "method": "subscription", "params": {"channel": "book.ETH-14NOV25.none.20.100ms", "data": {"timestamp": 1763065628968, "change_id": 96645855058, "instrument_name": "ETH-14NOV25", "bids": [[3159.5, 1539.0], [3159.0, 299.0], [3158.75, 2194.0], [3158.5, 4379.0], [3158.25, 1000.0], [3158.0, 1718.0], [3157.75, 5756.0], [3155.0, 4555.0], [3154.75, 15261.0], [3149.75, 40000.0], [3149.25, 400.0], [3146.5, 12182.0], [3146.25, 21906.0], [3145.75, 40000.0], [3145.25, 2.0], [3144.5, 1105.0], [3144.25, 51225.0], [3143.25, 11.0], [3143.0, 76945.0], [3139.25, 40000.0]], "asks": [[3159.75, 1001.0], [3160.0, 2718.0], [3160.25, 6055.0], [3160.5, 1299.0], [3160.75, 1453.0], [3161.0, 1250.0], [3162.75, 4488.0], [3163.0, 15034.0], [3167.5, 6094.0], [3167.75, 20417.0], [3168.5, 400.0], [3169.5, 40000.0], [3171.75, 25595.0], [3176.5, 2.0], [3177.5, 40000.0], [3180.0, 50710.0], [3183.5, 73027.0], [3184.75, 40000.0], [3186.25, 76187.0], [3186.5, 50600.0]]}}}
{"jsonrpc": "2.0", "method": "subscription", "params": {"channel": "book.ETH-21NOV25.none.20.100ms", "data": {"timestamp": 1763065629074, "change_id": 96645855376, "instrument_name": "ETH-21NOV25", "bids": [[3160.0, 1073.0], [3159.75, 1250.0], [3159.5, 233.0], [3159.25, 989.0], [3159.0, 909.0], [3158.75, 700.0], [3158.5, 1718.0], [3158.25, 5754.0], [3156.75, 209.0], [3156.5, 5509.0], [3156.25, 15409.0], [3155.0, 500.0], [3150.25, 40000.0], [3150.0, 400.0], [3147.0, 6153.0], [3146.75, 21906.0], [3146.25, 40000.0], [3145.75, 18498.0], [3144.5, 37585.0], [3143.75, 36412.0]], "asks": [[3160.75, 700.0], [3161.0, 7004.0], [3161.25, 209.0], [3161.5, 780.0], [3161.75, 4199.0], [3162.0, 15596.0], [3164.0, 4476.0], [3164.25, 14996.0], [3168.0, 6178.0], [3168.25, 20697.0], [3169.25, 400.0], [3170.75, 40000.0], [3171.0, 6353.0], [3173.25, 2.0], [3176.5, 11.0], [3178.25, 40000.0], [3179.0, 38546.0], [3182.0, 37645.0], [3182.25, 40000.0], [3191.25, 37632.0]]}}}
{"jsonrpc": "2.0", "method": "subscription", "params": {"channel": "book.ETH-14NOV25.none.20.100ms", "data": {"timestamp": 1763065629550, "change_id": 96645856705, "instrument_name": "ETH-14NOV25", "bids": [[3159.5, 1539.0], [3159.0, 299.0], [3158.75, 2194.0], [3158.5, 4379.0], [3158.25, 1000.0], [3158.0, 1718.0], [3157.75, 6061.0], [3155.0, 4555.0], [3154.75, 15261.0], [3149.75, 40000.0], [3149.25, 400.0], [3146.5, 12182.0], [3146.25, 21906.0], [3145.75, 40000.0], [3145.25, 2.0], [3144.5, 1105.0], [3144.25, 51225.0], [3143.25, 11.0], [3143.0, 76945.0], [3139.25, 40000.0]], "asks": [[3159.75, 1001.0], [3160.0, 2718.0], [3160.25, 6055.0], [3160.5, 1299.0], [3160.75, 1080.0], [3161.25, 373.0], [3161.5, 1250.0], [3162.75, 4488.0], [3163.0, 15034.0], [3167.5, 6094.0], [3167.75, 20417.0], [3168.5, 400.0], [3169.5, 40000.0], [3171.75, 25595.0], [3176.5, 2.0], [3177.5, 40000.0], [3180.0, 50710.0], [3183.5, 73027.0], [3184.75, 40000.0], [3186.25, 76187.0]]}}}
{"jsonrpc": "2.0", "method": "subscription", "params": {"channel": "book.ETH-21NOV25.none.20.100ms", "data": {"timestamp": 1763065629552, "change_id": 96645856709, "instrument_name": "ETH-21NOV25", "bids": [[3160.0, 1073.0], [3159.75, 1250.0], [3159.5, 233.0], [3159.25, 989.0], [3159.0, 909.0], [3158.75, 700.0], [3158.5, 1718.0], [3158.25, 5754.0], [3156.75, 209.0], [3156.5, 5509.0], [3156.25, 15409.0], [3155.0, 500.0], [3150.25, 40000.0], [3150.0, 400.0], [3147.0, 6153.0], [3146.75, 21906.0], [3146.25, 40000.0], [3145.75, 18498.0], [3144.5, 37585.0], [3143.75, 36412.0]], "asks": [[3160.75, 700.0], [3161.0, 5754.0], [3161.25, 579.0], [3161.5, 2030.0], [3161.75, 4199.0], [3162.0, 15596.0], [3164.0, 4476.0], [3164.25, 14996.0], [3168.0, 6178.0], [3168.25, 20697.0], [3169.25, 400.0], [3170.75, 40000.0], [3171.0, 6353.0], [3173.25, 2.0], [3176.5, 11.0], [3178.25, 40000.0], [3179.0, 38546.0], [3182.0, 37645.0], [3182.25, 40000.0], [3191.25, 37632.0]]}}}
{"jsonrpc": "2.0", "method": "subscription", "params": {"channel": "book.ETH-14NOV25.none.20.100ms", "data": {"timestamp": 1763065629886, "change_id": 96645859253, "instrument_name": "ETH-14NOV25", "bids": [[3160.5, 1155.0], [3160.25, 5508.0], [3160.0, 1080.0], [3159.75, 2684.0], [3159.5, 7295.0], [3157.75, 305.0], [3149.75, 40000.0], [3149.25, 400.0], [3146.5, 12182.0], [3146.25, 21906.0], [3145.75, 40000.0], [3145.25, 2.0], [3144.5, 1105.0], [3144.25, 51225.0], [3143.25, 11.0], [3143.0, 76945.0], [3139.25, 40000.0], [3136.0, 4423.0], [3135.5, 77077.0], [3133.75, 50317.0]], "asks": [[3162.75, 1080.0], [3164.25, 1782.0], [3164.5, 6970.0], [3164.75, 24486.0], [3165.0, 15029.0], [3167.5, 6094.0], [3167.75, 20417.0], [3171.0, 400.0], [3171.75, 25595.0], [3176.5, 2.0], [3177.5, 40000.0], [3180.0, 50710.0], [3183.5, 73027.0], [3184.75, 40000.0], [3186.25, 76187.0], [3186.5, 50600.0], [3190.75, 11.0], [3196.5, 49852.0], [3206.0, 1105.0], [3207.0, 45.0]]}}}
