{"jsonrpc": "2.0", "id": 1, "result": ["book.ETH-23JAN26.none.20.100ms"], "usIn": 1768836665598792, "usOut": 1768836665599012, "usDiff": 220, "testnet": false}
{"jsonrpc": "2.0", "method": "subscription", "params": {"channel": "book.ETH-23JAN26.none.20.100ms", "data": {"timestamp": 1768836664558, "change_id": 105375463281, "instrument_name": "ETH-23JAN26", "bids": [[3211.0, 2965.0], [3210.75, 7014.0], [3210.5, 14584.0], [3210.25, 9308.0], [3208.0, 2131.0], [3207.75, 7140.0], [3207.5, 6538.0], [3207.25, 21904.0], [3206.25, 6291.0], [3206.0, 21076.0], [3204.5, 6030.0], [3204.25, 20202.0], [3202.75, 4757.0], [3202.25, 20217.0], [3202.0, 39764.0], [3200.5, 40000.0], [3196.5, 39754.0], [3194.25, 76113.0], [3194.0, 99924.0], [3190.75, 40000.0]], "asks": [[3211.5, 2913.0], [3211.75, 9013.0], [3212.0, 28619.0], [3212.25, 20536.0], [3213.25, 358.0], [3213.5, 1200.0], [3216.0, 2078.0], [3216.25, 7261.0], [3216.5, 1000.0], [3220.0, 19700.0], [3220.75, 79462.0], [3221.5, 1000.0], [3222.75, 17479.0], [3225.25, 4756.0], [3226.25, 40308.0], [3226.5, 1189.0], [3226.75, 58488.0], [3228.25, 59027.0], [3231.5, 40000.0], [3235.0, 58310.0]]}}}
{"jsonrpc": "2.0", "method": "subscription", "params": {"channel": "book.ETH-23JAN26.none.20.100ms", "data": {"timestamp": 1768836666016, "change_id": 105375464225, "instrument_name": "ETH-23JAN26", "bids": [[3211.0, 3590.0], [3210.75, 6389.0], [3210.5, 14584.0], [3210.25, 9308.0], [3208.0, 2131.0], [3207.75, 7140.0], [3207.5, 6538.0], [3207.25, 21904.0], [3206.25, 6291.0], [3206.0, 21076.0], [3204.5, 6030.0], [3204.25, 20202.0], [3202.75, 4757.0], [3202.25, 20217.0], [3202.0, 39764.0], [3200.5, 40000.0], [3196.5, 39754.0], [3194.25, 76113.0], [3194.0, 99924.0], [3190.75, 40000.0]], "asks": [[3211.5, 2913.0], [3211.75, 8388.0], [3212.0, 28619.0], [3212.25, 21161.0], [3213.25, 358.0], [3213.5, 1200.0], [3216.0, 2078.0], [3216.25, 7261.0], [3216.5, 1000.0], [3220.0, 19700.0], [3220.75, 79462.0], [3221.5, 1000.0], [3222.75, 17479.0], [3225.25, 4756.0], [3226.25, 40308.0], [3226.5, 1189.0], [3226.75, 58488.0], [3228.25, 59027.0], [3231.5, 40000.0], [3235.0, 58310.0]]}}}
{"jsonrpc": "2.0", "method": "subscription", "params": {"channel": "book.ETH-23JAN26.none.20.100ms", "data": {"timestamp": 1768836667070, "change_id": 105375465055, "instrument_name": "ETH-23JAN26", "bids": [[3211.0, 3590.0], [3210.75, 6389.0], [3210.5, 14584.0], [3210.25, 9308.0], [3208.0, 2131.0], [3207.75, 7140.0], [3207.5, 6538.0], [3207.25, 21904.0], [3206.0, 544.0], [3205.0, 6129.0], [3204.75, 20532.0], [3204.5, 6030.0], [3204.25, 20202.0], [3202.75, 4757.0], [3202.25, 20217.0], [3202.0, 39764.0], [3200.5, 40000.0], [3196.5, 39754.0], [3194.25, 76113.0], [3194.0, 99924.0]], "asks": [[3211.5, 2913.0], [3211.75, 8388.0], [3212.0, 28619.0], [3212.25, 21161.0], [3213.25, 358.0], [3213.5, 1200.0], [3216.0, 2078.0], [3216.25, 7261.0], [3216.5, 1000.0], [3220.0, 19700.0], [3220.75, 79462.0], [3221.5, 1000.0], [3222.75, 17479.0], [3225.25, 4756.0], [3226.25, 40308.0], [3226.5, 1189.0], [3226.75, 58488.0], [3228.25, 59027.0], [3231.5, 40000.0], [3235.0, 58310.0]]}}}
{"jsonrpc": "2.0", "method": "subscription", "params": {"channel": "book.ETH-23JAN26.none.20.100ms", "data": {"timestamp": 1768836667382, "change_id": 105375465573, "instrument_name": "ETH-23JAN26", "bids": [[3211.0, 3590.0], [3210.75, 6389.0], [3210.5, 14584.0], [3210.25, 9308.0], [3208.0, 2131.0], [3207.75, 7140.0], [3207.5, 6538.0], [3207.25, 21904.0], [3206.0, 544.0], [3205.0, 6129.0], [3204.75, 20532.0], [3204.5, 6030.0], [3204.25, 20202.0], [3202.75, 4757.0], [3202.25, 20217.0], [3202.0, 39764.0], [3200.5, 40000.0], [3196.5, 39754.0], [3194.25, 76113.0], [3194.0, 99924.0]], "asks": [[3211.5, 2913.0], [3211.75, 8388.0], [3212.0, 29244.0], [3212.25, 20536.0], [3213.25, 358.0], [3213.5, 1200.0], [3216.0, 2078.0], [3216.25, 7261.0], [3216.5, 1000.0], [3220.0, 19700.0], [3220.75, 79462.0], [3221.5, 1000.0], [3222.75, 17479.0], [3225.25, 4756.0], [3226.25, 40308.0], [3226.5, 1189.0], [3226.75, 58488.0], [3228.25, 59027.0], [3231.5, 40000.0], [3235.0, 58310.0]]}}}
{"jsonrpc": "2.0", "method": "subscription", "params": {"channel": "book.ETH-23JAN26.none.20.100ms", "data": {"timestamp": 1768836668546, "change_id": 105375466492, "instrument_name": "ETH-23JAN26", "bids": [[3211.0, 3590.0], [3210.75, 6389.0], [3210.5, 14584.0], [3210.25, 9308.0], [3208.0, 2131.0], [3207.75, 7140.0], [3207.5, 6538.0], [3207.25, 21904.0], [3206.0, 544.0], [3205.0, 6129.0], [3204.75, 20532.0], [3204.5, 6030.0], [3204.25, 20202.0], [3202.75, 4757.0], [3202.25, 20217.0], [3202.0, 39764.0], [3200.5, 40000.0], [3196.5, 39754.0], [3194.25, 76113.0], [3194.0, 99924.0]], "asks": [[3211.5, 2913.0], [3211.75, 5425.0], [3212.0, 18163.0], [3212.25, 20536.0], [3213.25, 358.0], [3213.5, 1200.0], [3216.0, 2078.0], [3216.25, 7261.0], [3216.5, 1000.0], [3220.0, 19700.0], [3220.75, 79462.0], [3221.5, 1000.0], [3222.75, 17479.0], [3225.25, 4756.0], [3226.25, 40308.0], [3226.5, 1189.0], [3226.75, 58488.0], [3228.25, 59027.0], [3231.5, 40000.0], [3235.0, 58310.0]]}}}
{"jsonrpc": "2.0", "method": "subscription", "params": {"channel": "book.ETH-23JAN26.none.20.100ms", "data": {"timestamp": 1768836668763, "change_id": 105375466641, "instrument_name": "ETH-23JAN26", "bids": [[3211.0, 3590.0], [3210.75, 6389.0], [3210.5, 14584.0], [3210.25, 9308.0], [3208.0, 2131.0], [3207.75, 7140.0], [3207.5, 6538.0], [3207.25, 21904.0], [3206.0, 544.0], [3205.0, 6129.0], [3204.75, 20532.0], [3204.5, 6030.0], [3204.25, 20202.0], [3202.75, 4757.0], [3202.25, 20217.0], [3202.0, 39764.0], [3200.5, 40000.0], [3196.5, 39754.0], [3194.25, 76113.0], [3194.0, 99924.0]], "asks": [[3211.5, 2913.0], [3211.75, 7911.0], [3212.0, 29244.0], [3212.25, 20536.0], [3213.25, 358.0], [3213.5, 1200.0], [3216.0, 2078.0], [3216.25, 7261.0], [3216.5, 1000.0], [3220.0, 19700.0], [3220.75, 79462.0], [3221.5, 1000.0], [3222.75, 17479.0], [3225.25, 4756.0], [3226.25, 40308.0], [3226.5, 1189.0], [3226.75, 58488.0], [3228.25, 59027.0], [3231.5, 40000.0], [3235.0, 58310.0]]}}}
{"jsonrpc": "2.0", "method": "subscription", "params": {"channel": "book.ETH-23JAN26.none.20.100ms", "data": {"timestamp": 1768836669691, "change_id": 105375467463, "instrument_name": "ETH-23JAN26", "bids": [[3211.0, 3590.0], [3210.75, 6389.0], [3210.5, 14584.0], [3210.25, 9308.0], [3208.0, 2131.0], [3207.75, 7140.0], [3207.5, 6538.0], [3207.25, 21904.0], [3206.0, 544.0], [3205.0, 6129.0], [3204.75, 20532.0], [3204.5, 6030.0], [3204.25, 20202.0], [3202.75, 4757.0], [3202.25, 20217.0], [3202.0, 39764.0], [3200.5, 40000.0], [3196.5, 39754.0], [3194.25, 76113.0], [3194.0, 99924.0]], "asks": [[3211.5, 2913.0], [3211.75, 8536.0], [3212.0, 28619.0], [3212.25, 20536.0], [3213.25, 358.0], [3213.5, 1200.0], [3216.0, 2078.0], [3216.25, 7261.0], [3216.5, 1000.0], [3220.0, 19700.0], [3220.75, 79462.0], [3221.5, 1000.0], [3222.75, 17479.0], [3225.25, 4756.0], [3226.25, 40308.0], [3226.5, 1189.0], [3226.75, 58488.0], [3228.25, 59027.0], [3231.5, 40000.0], [3235.0, 58310.0]]}}}
{"jsonrpc": "2.0", "method": "subscription", "params": {"channel": "book.ETH-23JAN26.none.20.100ms", "data": {"timestamp": 1768836670153, "change_id": 105375467559, "instrument_name": "ETH-23JAN26", "bids": [[3211.0, 3590.0], [3210.75, 6389.0], [3210.5, 14584.0], [3210.25, 9308.0], [3208.0, 2131.0], [3207.75, 7140.0], [3207.5, 6538.0], [3207.25, 21904.0], [3206.5, 6129.0], [3206.25, 20532.0], [3206.0, 544.0], [3204.5, 6030.0], [3204.25, 20202.0], [3202.75, 4757.0], [3202.25, 20217.0], [3202.0, 39764.0], [3200.5, 40000.0], [3196.5, 39754.0], [3194.25, 76113.0], [3194.0, 99924.0]], "asks": [[3211.5, 2913.0], [3211.75, 7911.0], [3212.0, 28619.0], [3212.25, 21161.0], [3213.25, 358.0], [3213.5, 1200.0], [3216.0, 2078.0], [3216.25, 7261.0], [3216.5, 1000.0], [3220.0, 19700.0], [3220.75, 79462.0], [3221.5, 1000.0], [3222.75, 17479.0], [3225.25, 4756.0], [3226.25, 40308.0], [3226.5, 1189.0], [3226.75, 58488.0], [3228.25, 59027.0], [3231.5, 40000.0], [3235.0, 58310.0]]}}}
{"jsonrpc": "2.0", "method": "subscription", "params": {"channel": "book.ETH-23JAN26.none.20.100ms", "data": {"timestamp": 1768836670856, "change_id": 105375468465, "instrument_name": "ETH-23JAN26", "bids": [[3211.5, 2742.0], [3211.25, 3324.0], [3211.0, 5693.0], [3210.75, 15697.0], [3210.5, 12019.0], [3208.0, 2131.0], [3207.75, 7140.0], [3207.5, 6538.0], [3207.25, 21904.0], [3206.5, 6129.0], [3206.25, 20532.0], [3206.0, 544.0], [3204.5, 6030.0], [3204.25, 20202.0], [3202.75, 4757.0], [3202.25, 20217.0], [3202.0, 39764.0], [3200.5, 40000.0], [3196.5, 39754.0], [3194.25, 76113.0]], "asks": [[3211.75, 2727.0], [3212.0, 8230.0], [3212.25, 21161.0], [3212.5, 9308.0], [3213.25, 358.0], [3213.5, 1200.0], [3216.0, 2078.0], [3216.25, 7261.0], [3216.5, 1000.0], [3220.0, 19700.0], [3220.75, 79462.0], [3221.5, 1000.0], [3222.75, 17479.0], [3225.25, 4756.0], [3226.25, 40308.0], [3226.5, 1189.0], [3226.75, 58488.0], [3228.25, 59027.0], [3231.5, 40000.0], [3235.0, 58310.0]]}}}
{"jsonrpc": "2.0", "method": "subscription", "params": {"channel": "book.ETH-23JAN26.none.20.100ms", "data": {"timestamp": 1768836671098, "change_id": 105375468600, "instrument_name": "ETH-23JAN26", "bids": [[3211.5, 2742.0], [3211.25, 3324.0], [3211.0, 5693.0], [3210.75, 15697.0], [3210.5, 9919.0], [3209.75, 2094.0], [3209.5, 7014.0], [3207.5, 6538.0], [3207.25, 21904.0], [3206.5, 6129.0], [3206.25, 20532.0], [3206.0, 544.0], [3204.5, 6030.0], [3204.25, 20202.0], [3202.75, 4757.0], [3202.25, 20217.0], [3202.0, 39764.0], [3200.5, 40000.0], [3196.5, 39754.0], [3194.25, 76113.0]], "asks": [[3211.75, 2727.0], [3212.0, 8230.0], [3212.25, 20536.0], [3212.5, 9933.0], [3213.25, 358.0], [3213.5, 1200.0], [3216.0, 2078.0], [3216.25, 7261.0], [3216.5, 1000.0], [3220.0, 19700.0], [3220.75, 79462.0], [3221.5, 1000.0], [3222.75, 17479.0], [3225.25, 4756.0], [3226.25, 40308.0], [3226.5, 1189.0], [3226.75, 58488.0], [3228.25, 59027.0], [3231.5, 40000.0], [3235.0, 58310.0]]}}}
{"jsonrpc": "2.0", "method": "subscription", "params": {"channel": "book.ETH-23JAN26.none.20.100ms", "data": {"timestamp": 1768836671332, "change_id": 105375468979, "instrument_name": "ETH-23JAN26", "bids": [[3211.5, 2742.0], [3211.25, 3324.0], [3211.0, 5693.0], [3210.75, 15697.0], [3210.5, 9919.0], [3209.75, 2094.0], [3209.5, 7014.0], [3207.5, 6538.0], [3207.25, 21904.0], [3206.5, 6129.0], [3206.25, 20532.0], [3206.0, 544.0], [3204.5, 6030.0], [3204.25, 20202.0], [3202.75, 4757.0], [3202.25, 20217.0], [3202.0, 39764.0], [3200.5, 40000.0], [3196.5, 39754.0], [3194.25, 76113.0]], "asks": [[3211.75, 2727.0], [3212.0, 8230.0], [3212.25, 31617.0], [3212.5, 9933.0], [3213.25, 358.0], [3213.5, 1200.0], [3216.0, 2078.0], [3216.25, 7261.0], [3216.5, 1000.0], [3220.0, 19700.0], [3220.75, 79462.0], [3221.5, 1000.0], [3222.75, 17479.0], [3225.25, 4756.0], [3226.25, 40308.0], [3226.5, 1189.0], [3226.75, 58488.0], [3228.25, 59027.0], [3231.5, 40000.0], [3235.0, 58310.0]]}}}
{"jsonrpc": "2.0", "method": "subscription", "params": {"channel": "book.ETH-23JAN26.none.20.100ms", "data": {"timestamp": 1768836671824, "change_id": 105375469455, "instrument_name": "ETH-23JAN26", "bids": [[3211.5, 2742.0], [3211.25, 3324.0], [3211.0, 5693.0], [3210.75, 15697.0], [3210.5, 9919.0], [3209.75, 2094.0], [3209.5, 7014.0], [3207.5, 6538.0], [3207.25, 21904.0], [3206.5, 6129.0], [3206.25, 20532.0], [3206.0, 544.0], [3204.5, 6030.0], [3204.25, 20202.0], [3202.75, 4757.0], [3202.25, 20217.0], [3202.0, 39764.0], [3200.5, 40000.0], [3196.5, 39754.0], [3194.25, 76113.0]], "asks": [[3211.75, 2727.0], [3212.0, 8230.0], [3212.25, 23538.0], [3212.5, 9308.0], [3213.25, 358.0], [3213.5, 1200.0], [3216.0, 2078.0], [3216.25, 7261.0], [3216.5, 1000.0], [3220.0, 19700.0], [3220.75, 79462.0], [3221.5, 1000.0], [3222.75, 17479.0], [3225.25, 4756.0], [3226.25, 40308.0], [3226.5, 1189.0], [3226.75, 58488.0], [3228.25, 59027.0], [3231.5, 40000.0], [3235.0, 58310.0]]}}}
{"jsonrpc": "2.0", "method": "subscription", "params": {"channel": "book.ETH-23JAN26.none.20.100ms", "data": {"timestamp": 1768836672177, "change_id": 105375469553, "instrument_name": "ETH-23JAN26", "bids": [[3211.5, 2742.0], [3211.25, 3324.0], [3211.0, 5693.0], [3210.75, 15697.0], [3210.5, 9919.0], [3209.75, 2094.0], [3209.5, 7014.0], [3207.5, 6538.0], [3207.25, 21904.0], [3206.5, 6129.0], [3206.25, 20532.0], [3206.0, 544.0], [3204.5, 6030.0], [3204.25, 20202.0], [3202.75, 4757.0], [3202.25, 20217.0], [3202.0, 39764.0], [3200.5, 40000.0], [3196.5, 39754.0], [3194.25, 76113.0]], "asks": [[3211.75, 2727.0], [3212.0, 8230.0], [3212.25, 34619.0], [3212.5, 9308.0], [3213.25, 358.0], [3213.5, 1200.0], [3216.0, 2078.0], [3216.25, 7261.0], [3216.5, 1000.0], [3220.0, 19700.0], [3220.75, 79462.0], [3221.5, 1000.0], [3222.75, 17479.0], [3225.25, 4756.0], [3226.25, 40308.0], [3226.5, 1189.0], [3226.75, 58488.0], [3228.25, 59027.0], [3231.5, 40000.0], [3235.0, 58310.0]]}}}
{"jsonrpc": "2.0", "method": "subscription", "params": {"channel": "book.ETH-23JAN26.none.20.100ms", "data": {"timestamp": 1768836672835, "change_id": 105375470346, "instrument_name": "ETH-23JAN26", "bids": [[3211.5, 2742.0], [3211.25, 9159.0], [3211.0, 2965.0], [3210.75, 6389.0], [3210.5, 9919.0], [3209.75, 2094.0], [3209.5, 7014.0], [3207.5, 6538.0], [3207.25, 21904.0], [3206.5, 6129.0], [3206.25, 20532.0], [3206.0, 544.0], [3204.5, 6030.0], [3204.25, 20202.0], [3202.75, 4757.0], [3202.25, 20217.0], [3202.0, 39764.0], [3200.5, 40000.0], [3196.5, 39754.0], [3194.25, 76113.0]], "asks": [[3211.75, 8562.0], [3212.0, 8230.0], [3212.25, 32242.0], [3213.25, 358.0], [3213.5, 1200.0], [3216.0, 2078.0], [3216.25, 7261.0], [3216.5, 1000.0], [3220.0, 19700.0], [3220.75, 79462.0], [3221.5, 1000.0], [3222.75, 17479.0], [3225.25, 4756.0], [3226.25, 40308.0], [3226.5, 1189.0], [3226.75, 58488.0], [3228.25, 59027.0], [3231.5, 40000.0], [3235.0, 58310.0], [3238.0, 100.0]]}}}
{"jsonrpc": "2.0", "method": "subscription", "params": {"channel": "book.ETH-23JAN26.none.20.100ms", "data": {"timestamp": 1768836673097, "change_id": 105375470409, "instrument_name": "ETH-23JAN26", "bids": [[3211.5, 2742.0], [3211.25, 3324.0], [3211.0, 2965.0], [3210.75, 6389.0], [3210.5, 9919.0], [3209.75, 2094.0], [3209.5, 7014.0], [3207.5, 6538.0], [3207.25, 21904.0], [3206.5, 6129.0], [3206.25, 20532.0], [3206.0, 544.0], [3204.5, 6030.0], [3204.25, 20202.0], [3202.75, 4757.0], [3202.25, 20217.0], [3202.0, 39764.0], [3200.5, 40000.0], [3196.5, 39754.0], [3194.25, 76113.0]], "asks": [[3211.75, 8562.0], [3212.0, 8230.0], [3212.25, 32242.0], [3213.25, 358.0], [3213.5, 1200.0], [3216.0, 2078.0], [3216.25, 7261.0], [3216.5, 1000.0], [3220.0, 19700.0], [3220.75, 79462.0], [3221.5, 1000.0], [3222.75, 17479.0], [3225.25, 4756.0], [3226.25, 40308.0], [3226.5, 1189.0], [3226.75, 58488.0], [3228.25, 59027.0], [3231.5, 40000.0], [3235.0, 58310.0], [3238.0, 100.0]]}}}
{"jsonrpc": "2.0", "method": "subscription", "params": {"channel": "book.ETH-23JAN26.none.20.100ms", "data": {"timestamp": 1768836673501, "change_id": 105375471323, "instrument_name": "ETH-23JAN26", "bids": [[3211.25, 2321.0], [3211.0, 4843.0], [3210.75, 12849.0], [3210.5, 9919.0], [3209.75, 2094.0], [3209.5, 7014.0], [3207.5, 6538.0], [3207.25, 21904.0], [3206.5, 6129.0], [3206.25, 20532.0], [3206.0, 544.0], [3204.5, 6030.0], [3204.25, 20202.0], [3202.75, 4757.0], [3202.25, 20217.0], [3202.0, 39764.0], [3200.5, 40000.0], [3196.5, 39754.0], [3194.25, 76113.0], [3194.0, 99924.0]], "asks": [[3211.5, 9354.0], [3211.75, 2727.0], [3212.0, 8855.0], [3212.25, 20536.0], [3213.25, 358.0], [3213.5, 1200.0], [3216.0, 2078.0], [3216.25, 7261.0], [3216.5, 1000.0], [3220.0, 19700.0], [3220.75, 79462.0], [3221.5, 1000.0], [3222.75, 17479.0], [3225.25, 4756.0], [3226.25, 40308.0], [3226.5, 1189.0], [3226.75, 58488.0], [3228.25, 59027.0], [3231.5, 40000.0], [3235.0, 58310.0]]}}}
{"jsonrpc": "2.0", "method": "subscription", "params": {"channel": "book.ETH-23JAN26.none.20.100ms", "data": {"timestamp": 1768836673867, "change_id": 105375471470, "instrument_name": "ETH-23JAN26", "bids": [[3211.25, 2321.0], [3211.0, 4843.0], [3210.75, 12849.0], [3210.5, 9919.0], [3209.75, 2094.0], [3209.5, 7014.0], [3207.5, 6538.0], [3207.25, 21904.0], [3206.5, 6129.0], [3206.25, 20532.0], [3206.0, 544.0], [3204.5, 6030.0], [3204.25, 20202.0], [3202.75, 4757.0], [3202.25, 20217.0], [3202.0, 39764.0], [3200.5, 40000.0], [3196.5, 39754.0], [3194.25, 76113.0], [3194.0, 99924.0]], "asks": [[3211.5, 9354.0], [3211.75, 2727.0], [3212.0, 19936.0], [3212.25, 20536.0], [3213.25, 358.0], [3213.5, 1200.0], [3216.0, 2078.0], [3216.25, 7261.0], [3216.5, 1000.0], [3220.0, 19700.0], [3220.75, 79462.0], [3221.5, 1000.0], [3222.75, 17479.0], [3225.25, 4756.0], [3226.25, 40308.0], [3226.5, 1189.0], [3226.75, 58488.0], [3228.25, 59027.0], [3231.5, 40000.0], [3235.0, 58310.0]]}}}
{"jsonrpc": "2.0", "method": "subscription", "params": {"channel": "book.ETH-23JAN26.none.20.100ms", "data": {"timestamp": 1768836673869, "change_id": 105375471473, "instrument_name": "ETH-23JAN26", "bids": [[3211.25, 2321.0], [3211.0, 4843.0], [3210.75, 12849.0], [3210.5, 9919.0], [3209.75, 2094.0], [3209.5, 7014.0], [3207.5, 6538.0], [3207.25, 21904.0], [3206.5, 6129.0], [3206.25, 20532.0], [3206.0, 544.0], [3204.5, 6030.0], [3204.25, 20202.0], [3202.75, 4757.0], [3202.25, 20217.0], [3202.0, 39764.0], [3200.5, 40000.0], [3196.5, 39754.0], [3194.25, 76113.0], [3194.0, 99924.0]], "asks": [[3211.5, 9354.0], [3211.75, 6141.0], [3212.0, 19936.0], [3212.25, 20536.0], [3213.25, 358.0], [3213.5, 1200.0], [3216.0, 2078.0], [3216.25, 7261.0], [3216.5, 1000.0], [3220.0, 19700.0], [3220.75, 79462.0], [3221.5, 1000.0], [3222.75, 17479.0], [3225.25, 4756.0], [3226.25, 40308.0], [3226.5, 1189.0], [3226.75, 58488.0], [3228.25, 59027.0], [3231.5, 40000.0], [3235.0, 58310.0]]}}}
{"jsonrpc": "2.0", "method": "subscription", "params": {"channel": "book.ETH-23JAN26.none.20.100ms", "data": {"timestamp": 1768836674975, "change_id": 105375472369, "instrument_name": "ETH-23JAN26", "bids": [[3211.25, 2321.0], [3211.0, 8800.0], [3210.75, 7014.0], [3210.5, 9919.0], [3209.75, 2094.0], [3209.5, 7014.0], [3207.5, 6538.0], [3207.25, 21904.0], [3206.5, 6129.0], [3206.25, 20532.0], [3206.0, 544.0], [3204.5, 6030.0], [3204.25, 20202.0], [3202.75, 4757.0], [3202.25, 20217.0], [3202.0, 39764.0], [3200.5, 40000.0], [3196.5, 39754.0], [3194.25, 76113.0], [3194.0, 99924.0]], "asks": [[3211.5, 9354.0], [3211.75, 6141.0], [3212.0, 19936.0], [3212.25, 20536.0], [3213.25, 358.0], [3213.5, 1200.0], [3216.0, 2078.0], [3216.25, 7261.0], [3216.5, 1000.0], [3220.0, 19700.0], [3220.75, 79462.0], [3221.5, 1000.0], [3222.75, 17479.0], [3225.25, 4756.0], [3226.25, 40308.0], [3226.5, 1189.0], [3226.75, 58488.0], [3228.25, 59027.0], [3231.5, 40000.0], [3235.0, 58310.0]]}}}
{"jsonrpc": "2.0", "method": "subscription", "params": {"channel": "book.ETH-23JAN26.none.20.100ms", "data": {"timestamp": 1768836675440, "change_id": 105375473026, "instrument_name": "ETH-23JAN26", "bids": [[3211.25, 2626.0], [3211.0, 9425.0], [3210.75, 6389.0], [3210.5, 9919.0], [3209.75, 2094.0], [3209.5, 7014.0], [3207.5, 6538.0], [3207.25, 21904.0], [3206.5, 6129.0], [3206.25, 20532.0], [3206.0, 544.0], [3204.5, 6030.0], [3204.25, 20202.0], [3202.75, 4757.0], [3202.25, 20217.0], [3202.0, 39764.0], [3200.5, 40000.0], [3196.5, 39754.0], [3194.25, 76113.0], [3194.0, 99924.0]], "asks": [[3211.5, 9354.0], [3211.75, 6141.0], [3212.0, 19936.0], [3212.25, 20536.0], [3213.25, 358.0], [3213.5, 1200.0], [3216.0, 2078.0], [3216.25, 7261.0], [3216.5, 1000.0], [3220.0, 19700.0], [3220.75, 79462.0], [3221.5, 1000.0], [3222.75, 17479.0], [3225.25, 4756.0], [3226.25, 40308.0], [3226.5, 1189.0], [3226.75, 58488.0], [3228.25, 59027.0], [3231.5, 40000.0], [3235.0, 58310.0]]}}}
{"jsonrpc": "2.0", "method": "subscription", "params": {"channel": "book.ETH-23JAN26.none.20.100ms", "data": {"timestamp": 1768836675845, "change_id": 105375473222, "instrument_name": "ETH-23JAN26", "bids": [[3211.25, 2626.0], [3211.0, 9425.0], [3210.75, 6389.0], [3210.5, 9919.0], [3207.5, 6538.0], [3207.25, 21904.0], [3206.5, 6129.0], [3206.25, 20532.0], [3206.0, 544.0], [3204.5, 6030.0], [3204.25, 20202.0], [3202.75, 4757.0], [3202.25, 20217.0], [3202.0, 39764.0], [3200.5, 40000.0], [3196.5, 39754.0], [3194.25, 76113.0], [3194.0, 99924.0], [3190.75, 40000.0], [3189.0, 39608.0]], "asks": [[3211.5, 9354.0], [3211.75, 6141.0], [3212.0, 19936.0], [3212.25, 20536.0], [3213.25, 358.0], [3213.5, 1200.0], [3216.0, 2078.0], [3216.25, 7261.0], [3216.5, 1000.0], [3220.0, 19700.0], [3220.75, 79462.0], [3221.5, 1000.0], [3222.75, 17479.0], [3225.25, 4756.0], [3226.25, 40308.0], [3226.5, 1189.0], [3226.75, 58488.0], [3228.25, 59027.0], [3231.5, 40000.0], [3235.0, 58310.0]]}}}
{"jsonrpc": "2.0", "method": "subscription", "params": {"channel": "book.ETH-23JAN26.none.20.100ms", "data": {"timestamp": 1768836676054, "change_id": 105375473277, "instrument_name": "ETH-23JAN26", "bids": [[3211.25, 2321.0], [3211.0, 9425.0], [3210.75, 6389.0], [3210.5, 9919.0], [3208.25, 2118.0], [3208.0, 7094.0], [3207.5, 6538.0], [3207.25, 21904.0], [3206.5, 6129.0], [3206.25, 20532.0], [3206.0, 544.0], [3204.5, 6030.0], [3204.25, 20202.0], [3202.75, 4757.0], [3202.25, 20217.0], [3202.0, 39764.0], [3200.5, 40000.0], [3196.5, 39754.0], [3194.25, 76113.0], [3194.0, 99924.0]], "asks": [[3211.5, 2100.0], [3211.75, 11976.0], [3212.0, 19936.0], [3212.25, 20536.0], [3213.25, 358.0], [3213.5, 1200.0], [3216.0, 2078.0], [3216.25, 7261.0], [3216.5, 1000.0], [3220.0, 19700.0], [3220.75, 79462.0], [3221.5, 1000.0], [3222.75, 17479.0], [3225.25, 4756.0], [3226.25, 40308.0], [3226.5, 1189.0], [3226.75, 58488.0], [3228.25, 59027.0], [3231.5, 40000.0], [3235.0, 58310.0]]}}}
{"jsonrpc": "2.0", "method": "subscription", "params": {"channel": "book.ETH-23JAN26.none.20.100ms", "data": {"timestamp": 1768836677964, "change_id": 105375474830, "instrument_name": "ETH-23JAN26", "bids": [[3211.25, 4627.0], [3211.0, 9425.0], [3210.75, 6389.0], [3210.5, 9919.0], [3208.25, 2118.0], [3208.0, 7094.0], [3207.5, 6538.0], [3207.25, 21904.0], [3206.5, 6129.0], [3206.25, 20532.0], [3206.0, 544.0], [3204.5, 6030.0], [3204.25, 20202.0], [3202.75, 4757.0], [3202.25, 20217.0], [3202.0, 39764.0], [3200.5, 40000.0], [3196.5, 39754.0], [3194.25, 76113.0], [3194.0, 99924.0]], "asks": [[3211.75, 11976.0], [3212.0, 19936.0], [3212.25, 20536.0], [3213.25, 358.0], [3213.5, 1200.0], [3216.0, 2078.0], [3216.25, 7261.0], [3216.5, 1000.0], [3220.0, 19700.0], [3220.75, 79462.0], [3221.5, 1000.0], [3222.75, 17479.0], [3225.25, 4756.0], [3226.25, 40308.0], [3226.5, 1189.0], [3226.75, 58488.0], [3228.25, 59027.0], [3231.5, 40000.0], [3235.0, 58310.0], [3238.0, 100.0]]}}}
{"jsonrpc": "2.0", "method": "subscription", "params": {"channel": "book.ETH-23JAN26.none.20.100ms", "data": {"timestamp": 1768836678317, "change_id": 105375475249, "instrument_name": "ETH-23JAN26", "bids": [[3211.25, 8720.0], [3211.0, 3590.0], [3210.75, 6389.0], [3210.5, 9919.0], [3208.25, 2118.0], [3208.0, 7094.0], [3207.5, 6538.0], [3207.25, 21904.0], [3206.5, 6129.0], [3206.25, 20532.0], [3206.0, 544.0], [3204.5, 6030.0], [3204.25, 20202.0], [3202.75, 4757.0], [3202.25, 20217.0], [3202.0, 39764.0], [3200.5, 40000.0], [3196.5, 39754.0], [3194.25, 76113.0], [3194.0, 99924.0]], "asks": [[3211.75, 11976.0], [3212.0, 19936.0], [3212.25, 20536.0], [3213.25, 358.0], [3213.5, 1200.0], [3216.0, 2078.0], [3216.25, 7261.0], [3216.5, 1000.0], [3220.0, 19700.0], [3220.75, 79462.0], [3221.5, 1000.0], [3222.75, 17479.0], [3225.25, 4756.0], [3226.25, 40308.0], [3226.5, 1189.0], [3226.75, 58488.0], [3228.25, 59027.0], [3231.5, 40000.0], [3235.0, 58310.0], [3238.0, 100.0]]}}}
{"jsonrpc": "2.0", "method": "subscription", "params": {"channel": "book.ETH-23JAN26.none.20.100ms", "data": {"timestamp": 1768836678659, "change_id": 105375475713, "instrument_name": "ETH-23JAN26", "bids": [[3211.25, 9345.0], [3211.0, 2965.0], [3210.75, 6389.0], [3210.5, 9919.0], [3208.25, 2118.0], [3208.0, 7094.0], [3207.5, 6538.0], [3207.25, 21904.0], [3206.5, 6129.0], [3206.25, 20532.0], [3206.0, 544.0], [3204.5, 6030.0], [3204.25, 20202.0], [3202.75, 4757.0], [3202.25, 20217.0], [3202.0, 39764.0], [3200.5, 40000.0], [3196.5, 39754.0], [3194.25, 76113.0], [3194.0, 99924.0]], "asks": [[3211.75, 4388.0], [3212.0, 14065.0], [3212.25, 20536.0], [3212.5, 625.0], [3213.25, 358.0], [3213.5, 1200.0], [3216.0, 2078.0], [3216.25, 7261.0], [3216.5, 1000.0], [3220.0, 19700.0], [3220.75, 79462.0], [3221.5, 1000.0], [3222.75, 17479.0], [3225.25, 4756.0], [3226.25, 40308.0], [3226.5, 1189.0], [3226.75, 58488.0], [3228.25, 59027.0], [3231.5, 40000.0], [3235.0, 58310.0]]}}}
{"jsonrpc": "2.0", "method": "subscription", "params": {"channel": "book.ETH-23JAN26.none.20.100ms", "data": {"timestamp": 1768836678922, "change_id": 105375475798, "instrument_name": "ETH-23JAN26", "bids": [[3211.25, 9345.0], [3211.0, 2965.0], [3210.75, 6389.0], [3210.5, 9919.0], [3208.25, 2118.0], [3208.0, 7094.0], [3207.5, 6538.0], [3207.25, 21904.0], [3206.5, 6129.0], [3206.25, 20532.0], [3206.0, 544.0], [3204.5, 6030.0], [3204.25, 20202.0], [3202.75, 4757.0], [3202.25, 20217.0], [3202.0, 39764.0], [3200.5, 40000.0], [3196.5, 39754.0], [3194.25, 76113.0], [3194.0, 99924.0]], "asks": [[3211.75, 4388.0], [3212.0, 14065.0], [3212.25, 31617.0], [3212.5, 625.0], [3213.25, 358.0], [3213.5, 1200.0], [3216.0, 2078.0], [3216.25, 7261.0], [3216.5, 1000.0], [3220.0, 19700.0], [3220.75, 79462.0], [3221.5, 1000.0], [3222.75, 17479.0], [3225.25, 4756.0], [3226.25, 40308.0], [3226.5, 1189.0], [3226.75, 58488.0], [3228.25, 59027.0], [3231.5, 40000.0], [3235.0, 58310.0]]}}}
{"jsonrpc": "2.0", "method": "subscription", "params": {"channel": "book.ETH-23JAN26.none.20.100ms", "data": {"timestamp": 1768836679272, "change_id": 105375476111, "instrument_name": "ETH-23JAN26", "bids": [[3211.25, 9345.0], [3211.0, 2965.0], [3210.75, 6389.0], [3210.5, 9919.0], [3208.25, 2118.0], [3208.0, 7094.0], [3207.5, 6538.0], [3207.25, 21904.0], [3206.5, 6129.0], [3206.25, 20532.0], [3206.0, 544.0], [3204.5, 6030.0], [3204.25, 20202.0], [3202.75, 4757.0], [3202.25, 20217.0], [3202.0, 39764.0], [3200.5, 40000.0], [3196.5, 39754.0], [3194.25, 76113.0], [3194.0, 99924.0]], "asks": [[3211.75, 4388.0], [3212.0, 14065.0], [3212.25, 21161.0], [3213.25, 358.0], [3213.5, 1200.0], [3216.0, 2078.0], [3216.25, 7261.0], [3216.5, 1000.0], [3220.0, 19700.0], [3220.75, 79462.0], [3221.5, 1000.0], [3222.75, 17479.0], [3225.25, 4756.0], [3226.25, 40308.0], [3226.5, 1189.0], [3226.75, 58488.0], [3228.25, 59027.0], [3231.5, 40000.0], [3235.0, 58310.0], [3238.0, 100.0]]}}}
{"jsonrpc": "2.0", "method": "subscription", "params": {"channel": "book.ETH-23JAN26.none.20.100ms", "data": {"timestamp": 1768836679556, "change_id": 105375476541, "instrument_name": "ETH-23JAN26", "bids": [[3211.25, 9345.0], [3211.0, 2965.0], [3210.75, 6389.0], [3210.5, 9919.0], [3208.25, 2118.0], [3208.0, 7094.0], [3207.5, 6538.0], [3207.25, 21904.0], [3206.5, 6129.0], [3206.25, 20532.0], [3206.0, 544.0], [3204.5, 6030.0], [3204.25, 20202.0], [3202.75, 4757.0], [3202.25, 20217.0], [3202.0, 39764.0], [3200.5, 40000.0], [3196.5, 39754.0], [3194.25, 76113.0], [3194.0, 99924.0]], "asks": [[3211.75, 8562.0], [3212.0, 8230.0], [3212.25, 32242.0], [3213.25, 358.0], [3213.5, 1200.0], [3216.0, 2078.0], [3216.25, 7261.0], [3216.5, 1000.0], [3220.0, 19700.0], [3220.75, 79462.0], [3221.5, 1000.0], [3222.75, 17479.0], [3225.25, 4756.0], [3226.25, 40308.0], [3226.5, 1189.0], [3226.75, 58488.0], [3228.25, 59027.0], [3231.5, 40000.0], [3235.0, 58310.0], [3238.0, 100.0]]}}}
{"jsonrpc": "2.0", "method": "subscription", "params": {"channel": "book.ETH-23JAN26.none.20.100ms", "data": {"timestamp": 1768836680148, "change_id": 105375476680, "instrument_name": "ETH-23JAN26", "bids": [[3211.25, 3510.0], [3211.0, 2965.0], [3210.75, 6389.0], [3210.5, 9919.0], [3208.25, 2118.0], [3208.0, 7094.0], [3207.5, 6538.0], [3207.25, 21904.0], [3206.5, 6129.0], [3206.25, 20532.0], [3206.0, 544.0], [3204.5, 6030.0], [3204.25, 20202.0], [3202.75, 4757.0], [3202.25, 20217.0], [3202.0, 39764.0], [3200.5, 40000.0], [3196.5, 39754.0], [3194.25, 76113.0], [3194.0, 99924.0]], "asks": [[3211.75, 8562.0], [3212.0, 8230.0], [3212.25, 32242.0], [3213.25, 358.0], [3213.5, 1200.0], [3216.0, 2078.0], [3216.25, 7261.0], [3216.5, 1000.0], [3220.0, 19700.0], [3220.75, 79462.0], [3221.5, 1000.0], [3222.75, 17479.0], [3225.25, 4756.0], [3226.25, 40308.0], [3226.5, 1189.0], [3226.75, 58488.0], [3228.25, 59027.0], [3231.5, 40000.0], [3235.0, 58310.0], [3238.0, 100.0]]}}}
{"jsonrpc": "2.0", "method": "subscription", "params": {"channel": "book.ETH-23JAN26.none.20.100ms", "data": {"timestamp": 1768836680230, "change_id": 105375476761, "instrument_name": "ETH-23JAN26", "bids": [[3211.25, 9345.0], [3211.0, 2965.0], [3210.75, 6389.0], [3210.5, 9919.0], [3208.25, 2118.0], [3208.0, 7094.0], [3207.5, 6538.0], [3207.25, 21904.0], [3206.5, 6129.0], [3206.25, 20532.0], [3206.0, 544.0], [3204.5, 6030.0], [3204.25, 20202.0], [3202.75, 4757.0], [3202.25, 20217.0], [3202.0, 39764.0], [3200.5, 40000.0], [3196.5, 39754.0], [3194.25, 76113.0], [3194.0, 99924.0]], "asks": [[3211.75, 8562.0], [3212.0, 8230.0], [3212.25, 32242.0], [3213.25, 358.0], [3213.5, 1200.0], [3216.0, 2078.0], [3216.25, 7261.0], [3216.5, 1000.0], [3220.0, 19700.0], [3220.75, 79462.0], [3221.5, 1000.0], [3222.75, 17479.0], [3225.25, 4756.0], [3226.25, 40308.0], [3226.5, 1189.0], [3226.75, 58488.0], [3228.25, 59027.0], [3231.5, 40000.0], [3235.0, 58310.0], [3238.0, 100.0]]}}}
{"jsonrpc": "2.0", "method": "subscription", "params": {"channel": "book.ETH-23JAN26.none.20.100ms", "data": {"timestamp": 1768836682090, "change_id": 105375478359, "instrument_name": "ETH-23JAN26", "bids": [[3211.25, 4368.0], [3211.0, 8800.0], [3210.75, 7014.0], [3210.5, 9919.0], [3208.25, 2118.0], [3208.0, 7094.0], [3207.5, 6538.0], [3207.25, 21904.0], [3206.5, 6129.0], [3206.25, 20532.0], [3206.0, 544.0], [3204.5, 6030.0], [3204.25, 20202.0], [3202.75, 4757.0], [3202.25, 20217.0], [3202.0, 39764.0], [3200.5, 40000.0], [3196.5, 39754.0], [3194.25, 76113.0], [3194.0, 99924.0]], "asks": [[3211.75, 8562.0], [3212.0, 11267.0], [3212.25, 31617.0], [3213.25, 358.0], [3213.5, 1200.0], [3216.0, 2078.0], [3216.25, 7261.0], [3216.5, 1000.0], [3220.0, 19700.0], [3220.75, 79462.0], [3221.5, 1000.0], [3222.75, 17479.0], [3225.25, 4756.0], [3226.25, 40308.0], [3226.5, 1189.0], [3226.75, 58488.0], [3228.25, 59027.0], [3231.5, 40000.0], [3235.0, 58310.0], [3238.0, 100.0]]}}}
{"jsonrpc": "2.0", "method": "subscription", "params": {"channel": "book.ETH-23JAN26.none.20.100ms", "data": {"timestamp": 1768836682418, "change_id": 105375478989, "instrument_name": "ETH-23JAN26", "bids": [[3211.25, 2321.0], [3211.0, 8800.0], [3210.75, 7014.0], [3210.5, 9919.0], [3208.25, 2118.0], [3208.0, 7094.0], [3207.5, 6538.0], [3207.25, 21904.0], [3206.5, 6129.0], [3206.25, 20532.0], [3206.0, 544.0], [3204.5, 6030.0], [3204.25, 20202.0], [3202.75, 4757.0], [3202.25, 20217.0], [3202.0, 39764.0], [3200.5, 40000.0], [3196.5, 39754.0], [3194.25, 76113.0], [3194.0, 99924.0]], "asks": [[3211.5, 7935.0], [3211.75, 2727.0], [3212.0, 8855.0], [3212.25, 20536.0], [3213.25, 358.0], [3213.5, 1200.0], [3216.0, 2078.0], [3216.25, 7261.0], [3216.5, 1000.0], [3220.0, 19700.0], [3220.75, 79462.0], [3221.5, 1000.0], [3222.75, 17479.0], [3225.25, 4756.0], [3226.25, 40308.0], [3226.5, 1189.0], [3226.75, 58488.0], [3228.25, 59027.0], [3231.5, 40000.0], [3235.0, 58310.0]]}}}
{"jsonrpc": "2.0", "method": "subscription", "params": {"channel": "book.ETH-23JAN26.none.20.100ms", "data": {"timestamp": 1768836682769, "change_id": 105375479208, "instrument_name": "ETH-23JAN26", "bids": [[3211.25, 2321.0], [3211.0, 8800.0], [3210.75, 7014.0], [3210.5, 9919.0], [3208.25, 2118.0], [3208.0, 7094.0], [3207.5, 6538.0], [3207.25, 21904.0], [3206.5, 6129.0], [3206.25, 20532.0], [3206.0, 544.0], [3204.5, 6030.0], [3204.25, 20202.0], [3202.75, 4757.0], [3202.25, 20217.0], [3202.0, 39764.0], [3200.5, 40000.0], [3196.5, 39754.0], [3194.25, 76113.0], [3194.0, 99924.0]], "asks": [[3211.5, 7935.0], [3211.75, 6141.0], [3212.0, 19935.0], [3212.25, 20536.0], [3213.25, 358.0], [3213.5, 1200.0], [3216.0, 2078.0], [3216.25, 7261.0], [3216.5, 1000.0], [3220.0, 19700.0], [3220.75, 79462.0], [3221.5, 1000.0], [3222.75, 17479.0], [3225.25, 4756.0], [3226.25, 40308.0], [3226.5, 1189.0], [3226.75, 58488.0], [3228.25, 59027.0], [3231.5, 40000.0], [3235.0, 58310.0]]}}}
{"jsonrpc": "2.0", "method": "subscription", "params": {"channel": "book.ETH-23JAN26.none.20.100ms", "data": {"timestamp": 1768836684194, "change_id": 105375480262, "instrument_name": "ETH-23JAN26", "bids": [[3211.25, 2321.0], [3211.0, 4843.0], [3210.75, 12849.0], [3210.5, 9919.0], [3208.25, 2118.0], [3208.0, 7094.0], [3207.5, 6538.0], [3207.25, 21904.0], [3206.5, 6129.0], [3206.25, 20532.0], [3206.0, 544.0], [3204.5, 6030.0], [3204.25, 20202.0], [3202.75, 4757.0], [3202.25, 20217.0], [3202.0, 39764.0], [3200.5, 40000.0], [3196.5, 39754.0], [3194.25, 76113.0], [3194.0, 99924.0]], "asks": [[3211.5, 7935.0], [3211.75, 6141.0], [3212.0, 19935.0], [3212.25, 20536.0], [3213.25, 358.0], [3213.5, 1200.0], [3216.0, 2078.0], [3216.25, 7261.0], [3216.5, 1000.0], [3220.0, 19700.0], [3220.75, 79462.0], [3221.5, 1000.0], [3222.75, 17479.0], [3225.25, 4756.0], [3226.25, 40308.0], [3226.5, 1189.0], [3226.75, 58488.0], [3228.25, 59027.0], [3231.5, 40000.0], [3235.0, 58310.0]]}}}
{"jsonrpc": "2.0", "method": "subscription", "params": {"channel": "book.ETH-23JAN26.none.20.100ms", "data": {"timestamp": 1768836684775, "change_id": 105375480992, "instrument_name": "ETH-23JAN26", "bids": [[3211.25, 2321.0], [3211.0, 4843.0], [3210.75, 12849.0], [3210.5, 9919.0], [3208.25, 2118.0], [3208.0, 7094.0], [3207.5, 6538.0], [3207.25, 21904.0], [3206.5, 6129.0], [3206.25, 20532.0], [3206.0, 544.0], [3204.5, 6030.0], [3204.25, 20202.0], [3202.75, 4757.0], [3202.25, 20217.0], [3202.0, 39764.0], [3200.5, 40000.0], [3196.5, 39754.0], [3194.25, 76113.0], [3194.0, 99924.0]], "asks": [[3211.5, 2100.0], [3211.75, 6141.0], [3212.0, 19935.0], [3212.25, 20536.0], [3213.25, 358.0], [3213.5, 1200.0], [3216.0, 2078.0], [3216.25, 7261.0], [3216.5, 1000.0], [3220.0, 19700.0], [3220.75, 79462.0], [3221.5, 1000.0], [3222.75, 17479.0], [3225.25, 4756.0], [3226.25, 40308.0], [3226.5, 1189.0], [3226.75, 58488.0], [3228.25, 59027.0], [3231.5, 40000.0], [3235.0, 58310.0]]}}}
{"jsonrpc": "2.0", "method": "subscription", "params": {"channel": "book.ETH-23JAN26.none.20.100ms", "data": {"timestamp": 1768836684925, "change_id": 105375481054, "instrument_name": "ETH-23JAN26", "bids": [[3211.25, 2321.0], [3211.0, 4843.0], [3210.75, 12849.0], [3210.5, 9919.0], [3208.25, 2118.0], [3208.0, 7094.0], [3207.5, 6538.0], [3207.25, 21904.0], [3206.5, 6129.0], [3206.25, 20532.0], [3206.0, 544.0], [3204.5, 6030.0], [3204.25, 20202.0], [3202.75, 4757.0], [3202.25, 20217.0], [3202.0, 39764.0], [3200.5, 40000.0], [3196.5, 39754.0], [3194.25, 76113.0], [3194.0, 99924.0]], "asks": [[3211.5, 7935.0], [3211.75, 6141.0], [3212.0, 19935.0], [3212.25, 20536.0], [3213.25, 358.0], [3213.5, 1200.0], [3216.0, 2078.0], [3216.25, 7261.0], [3216.5, 1000.0], [3220.0, 19700.0], [3220.75, 79462.0], [3221.5, 1000.0], [3222.75, 17479.0], [3225.25, 4756.0], [3226.25, 40308.0], [3226.5, 1189.0], [3226.75, 58488.0], [3228.25, 59027.0], [3231.5, 40000.0], [3235.0, 58310.0]]}}}
{"jsonrpc": "2.0", "method": "subscription", "params": {"channel": "book.ETH-23JAN26.none.20.100ms", "data": {"timestamp": 1768836685515, "change_id": 105375481813, "instrument_name": "ETH-23JAN26", "bids": [[3211.25, 534.0], [3211.0, 4843.0], [3210.75, 12849.0], [3210.5, 9919.0], [3208.25, 2118.0], [3208.0, 7094.0], [3207.5, 6538.0], [3207.25, 21904.0], [3206.5, 6129.0], [3206.25, 20532.0], [3206.0, 544.0], [3204.5, 6030.0], [3204.25, 20202.0], [3202.75, 4757.0], [3202.25, 20217.0], [3202.0, 39764.0], [3200.5, 40000.0], [3196.5, 39754.0], [3194.25, 76113.0], [3194.0, 99924.0]], "asks": [[3211.5, 7935.0], [3211.75, 6766.0], [3212.0, 19310.0], [3212.25, 20536.0], [3213.25, 358.0], [3213.5, 1200.0], [3216.0, 2078.0], [3216.25, 7261.0], [3216.5, 1000.0], [3220.0, 19700.0], [3220.75, 79462.0], [3221.5, 1000.0], [3222.75, 17479.0], [3225.25, 4756.0], [3226.25, 40308.0], [3226.5, 1189.0], [3226.75, 58488.0], [3228.25, 59027.0], [3231.5, 40000.0], [3235.0, 58310.0]]}}}
{"jsonrpc": "2.0", "method": "subscription", "params": {"channel": "book.ETH-23JAN26.none.20.100ms", "data": {"timestamp": 1768836685784, "change_id": 105375481996, "instrument_name": "ETH-23JAN26", "bids": [[3211.25, 2634.0], [3211.0, 4843.0], [3210.75, 12849.0], [3210.5, 9919.0], [3208.25, 2118.0], [3208.0, 7094.0], [3207.5, 6538.0], [3207.25, 21904.0], [3206.5, 6129.0], [3206.25, 20532.0], [3206.0, 544.0], [3204.5, 6030.0], [3204.25, 20202.0], [3202.75, 4757.0], [3202.25, 20217.0], [3202.0, 39764.0], [3200.5, 40000.0], [3196.5, 39754.0], [3194.25, 76113.0], [3194.0, 99924.0]], "asks": [[3211.5, 7935.0], [3211.75, 3352.0], [3212.0, 8230.0], [3212.25, 20536.0], [3213.25, 358.0], [3213.5, 1200.0], [3216.0, 2078.0], [3216.25, 7261.0], [3216.5, 1000.0], [3220.0, 19700.0], [3220.75, 79462.0], [3221.5, 1000.0], [3222.75, 17479.0], [3225.25, 4756.0], [3226.25, 40308.0], [3226.5, 1189.0], [3226.75, 58488.0], [3228.25, 59027.0], [3231.5, 40000.0], [3235.0, 58310.0]]}}}
{"jsonrpc": "2.0", "method": "subscription", "params": {"channel": "book.ETH-23JAN26.none.20.100ms", "data": {"timestamp": 1768836686138, "change_id": 105375482060, "instrument_name": "ETH-23JAN26", "bids": [[3211.25, 2634.0], [3211.0, 4843.0], [3210.75, 12849.0], [3210.5, 9919.0], [3208.25, 2118.0], [3208.0, 7094.0], [3207.5, 6538.0], [3207.25, 21904.0], [3206.5, 6129.0], [3206.25, 20532.0], [3206.0, 544.0], [3204.5, 6030.0], [3204.25, 20202.0], [3202.75, 4757.0], [3202.25, 20217.0], [3202.0, 39764.0], [3200.5, 40000.0], [3196.5, 39754.0], [3194.25, 76113.0], [3194.0, 99924.0]], "asks": [[3211.5, 7935.0], [3211.75, 14432.0], [3212.0, 8230.0], [3212.25, 20536.0], [3213.25, 358.0], [3213.5, 1200.0], [3216.0, 2078.0], [3216.25, 7261.0], [3216.5, 1000.0], [3220.0, 19700.0], [3220.75, 79462.0], [3221.5, 1000.0], [3222.75, 17479.0], [3225.25, 4756.0], [3226.25, 40308.0], [3226.5, 1189.0], [3226.75, 58488.0], [3228.25, 59027.0], [3231.5, 40000.0], [3235.0, 58310.0]]}}}
{"jsonrpc": "2.0", "method": "subscription", "params": {"channel": "book.ETH-23JAN26.none.20.100ms", "data": {"timestamp": 1768836687332, "change_id": 105375483249, "instrument_name": "ETH-23JAN26", "bids": [[3211.25, 2634.0], [3211.0, 2965.0], [3210.75, 7014.0], [3210.5, 9919.0], [3208.25, 2118.0], [3208.0, 7094.0], [3207.5, 6538.0], [3207.25, 21904.0], [3206.5, 6129.0], [3206.25, 20532.0], [3206.0, 544.0], [3204.5, 6030.0], [3204.25, 20202.0], [3202.75, 4757.0], [3202.25, 20217.0], [3202.0, 39764.0], [3200.5, 40000.0], [3196.5, 39754.0], [3194.25, 76113.0], [3194.0, 99924.0]], "asks": [[3211.5, 8142.0], [3211.75, 14432.0], [3212.0, 8230.0], [3212.25, 20536.0], [3213.25, 358.0], [3213.5, 1200.0], [3216.0, 2078.0], [3216.25, 7261.0], [3216.5, 1000.0], [3220.0, 19700.0], [3220.75, 79462.0], [3221.5, 1000.0], [3222.75, 17479.0], [3225.25, 4756.0], [3226.25, 40308.0], [3226.5, 1189.0], [3226.75, 58488.0], [3228.25, 59027.0], [3231.5, 40000.0], [3235.0, 58310.0]]}}}
{"jsonrpc": "2.0", "method": "subscription", "params": {"channel": "book.ETH-23JAN26.none.20.100ms", "data": {"timestamp": 1768836687455, "change_id": 105375483566, "instrument_name": "ETH-23JAN26", "bids": [[3211.25, 2634.0], [3211.0, 4843.0], [3210.75, 12849.0], [3210.5, 9919.0], [3208.25, 2118.0], [3208.0, 7094.0], [3207.5, 6538.0], [3207.25, 21904.0], [3206.5, 6129.0], [3206.25, 20532.0], [3206.0, 544.0], [3204.5, 6030.0], [3204.25, 20202.0], [3202.75, 4757.0], [3202.25, 20217.0], [3202.0, 39764.0], [3200.5, 40000.0], [3196.5, 39754.0], [3194.25, 76113.0], [3194.0, 99924.0]], "asks": [[3211.5, 8142.0], [3211.75, 3352.0], [3212.0, 8230.0], [3212.25, 20536.0], [3213.25, 358.0], [3213.5, 1200.0], [3216.0, 2078.0], [3216.25, 7261.0], [3216.5, 1000.0], [3220.0, 19700.0], [3220.75, 79462.0], [3221.5, 1000.0], [3222.75, 17479.0], [3225.25, 4756.0], [3226.25, 40308.0], [3226.5, 1189.0], [3226.75, 58488.0], [3228.25, 59027.0], [3231.5, 40000.0], [3235.0, 58310.0]]}}}
{"jsonrpc": "2.0", "method": "subscription", "params": {"channel": "book.ETH-23JAN26.none.20.100ms", "data": {"timestamp": 1768836687824, "change_id": 105375483767, "instrument_name": "ETH-23JAN26", "bids": [[3211.25, 2634.0], [3211.0, 4843.0], [3210.75, 12849.0], [3210.5, 9919.0], [3208.25, 2118.0], [3208.0, 7094.0], [3207.5, 6538.0], [3207.25, 21904.0], [3206.5, 6129.0], [3206.25, 20532.0], [3206.0, 544.0], [3204.5, 6030.0], [3204.25, 20202.0], [3202.75, 4757.0], [3202.25, 20217.0], [3202.0, 39764.0], [3200.5, 40000.0], [3196.5, 39754.0], [3194.25, 76113.0], [3194.0, 99924.0]], "asks": [[3211.5, 8142.0], [3211.75, 6579.0], [3212.0, 19310.0], [3212.25, 20536.0], [3213.25, 358.0], [3213.5, 1200.0], [3216.0, 2078.0], [3216.25, 7261.0], [3216.5, 1000.0], [3220.0, 19700.0], [3220.75, 79462.0], [3221.5, 1000.0], [3222.75, 17479.0], [3225.25, 4756.0], [3226.25, 40308.0], [3226.5, 1189.0], [3226.75, 58488.0], [3228.25, 59027.0], [3231.5, 40000.0], [3235.0, 58310.0]]}}}
{"jsonrpc": "2.0", "method": "subscription", "params": {"channel": "book.ETH-23JAN26.none.20.100ms", "data": {"timestamp": 1768836689566, "change_id": 105375485311, "instrument_name": "ETH-23JAN26", "bids": [[3211.25, 2634.0], [3211.0, 4843.0], [3210.75, 12849.0], [3210.5, 9919.0], [3208.25, 2118.0], [3208.0, 7094.0], [3207.5, 6538.0], [3207.25, 21904.0], [3206.5, 6129.0], [3206.25, 20532.0], [3206.0, 544.0], [3204.5, 6030.0], [3204.25, 20202.0], [3202.75, 4757.0], [3202.25, 20217.0], [3202.0, 39764.0], [3200.5, 40000.0], [3196.5, 39754.0], [3194.25, 76113.0], [3194.0, 99924.0]], "asks": [[3211.5, 8142.0], [3211.75, 3352.0], [3212.0, 8230.0], [3212.25, 20536.0], [3213.25, 358.0], [3213.5, 1200.0], [3216.0, 2078.0], [3216.25, 7261.0], [3216.5, 1000.0], [3220.0, 19700.0], [3220.75, 79462.0], [3221.5, 1000.0], [3222.75, 17479.0], [3225.25, 4756.0], [3226.25, 40308.0], [3226.5, 1189.0], [3226.75, 58488.0], [3228.25, 59027.0], [3231.5, 40000.0], [3235.0, 58310.0]]}}}
{"jsonrpc": "2.0", "method": "subscription", "params": {"channel": "book.ETH-23JAN26.none.20.100ms", "data": {"timestamp": 1768836689928, "change_id": 105375485407, "instrument_name": "ETH-23JAN26", "bids": [[3211.25, 2634.0], [3211.0, 4843.0], [3210.75, 12849.0], [3210.5, 9919.0], [3208.25, 2118.0], [3208.0, 7094.0], [3207.5, 6538.0], [3207.25, 21904.0], [3206.5, 6129.0], [3206.25, 20532.0], [3206.0, 544.0], [3204.5, 6030.0], [3204.25, 20202.0], [3202.75, 4757.0], [3202.25, 20217.0], [3202.0, 39764.0], [3200.5, 40000.0], [3196.5, 39754.0], [3194.25, 76113.0], [3194.0, 99924.0]], "asks": [[3211.5, 8142.0], [3211.75, 14432.0], [3212.0, 8230.0], [3212.25, 20536.0], [3213.25, 358.0], [3213.5, 1200.0], [3216.0, 2078.0], [3216.25, 7261.0], [3216.5, 1000.0], [3220.0, 19700.0], [3220.75, 79462.0], [3221.5, 1000.0], [3222.75, 17479.0], [3225.25, 4756.0], [3226.25, 40308.0], [3226.5, 1189.0], [3226.75, 58488.0], [3228.25, 59027.0], [3231.5, 40000.0], [3235.0, 58310.0]]}}}
{"jsonrpc": "2.0", "method": "subscription", "params": {"channel": "book.ETH-23JAN26.none.20.100ms", "data": {"timestamp": 1768836691378, "change_id": 105375487556, "instrument_name": "ETH-23JAN26", "bids": [[3210.5, 757.0], [3210.25, 299.0], [3210.0, 3739.0], [3209.75, 9175.0], [3209.5, 5835.0], [3207.5, 6538.0], [3207.25, 21904.0], [3206.0, 544.0], [3205.5, 2125.0], [3205.25, 7120.0], [3205.0, 6129.0], [3204.5, 6030.0], [3204.25, 20202.0], [3203.0, 1420.0], [3202.75, 4757.0], [3202.25, 20217.0], [3202.0, 39764.0], [3200.5, 40000.0], [3196.5, 39754.0], [3194.25, 76113.0]], "asks": [[3210.75, 7935.0], [3211.0, 2516.0], [3211.25, 2727.0], [3211.5, 6194.0], [3211.75, 14432.0], [3212.0, 8230.0], [3212.25, 20536.0], [3213.25, 358.0], [3213.5, 1200.0], [3214.25, 2082.0], [3214.5, 6976.0], [3216.25, 299.0], [3216.5, 1000.0], [3220.0, 19700.0], [3220.75, 79462.0], [3221.5, 1000.0], [3222.75, 17479.0], [3225.25, 4756.0], [3226.25, 40308.0], [3226.5, 1189.0]]}}}
{"jsonrpc": "2.0", "method": "subscription", "params": {"channel": "book.ETH-23JAN26.none.20.100ms", "data": {"timestamp": 1768836691717, "change_id": 105375488375, "instrument_name": "ETH-23JAN26", "bids": [[3210.25, 2631.0], [3210.0, 7417.0], [3209.75, 15635.0], [3207.5, 6538.0], [3207.25, 28964.0], [3206.0, 544.0], [3203.5, 6129.0], [3203.25, 20532.0], [3203.0, 1420.0], [3202.75, 4757.0], [3202.25, 20217.0], [3202.0, 39764.0], [3201.25, 20202.0], [3200.5, 40000.0], [3196.5, 39754.0], [3194.25, 76113.0], [3194.0, 99924.0], [3190.75, 40000.0], [3189.0, 39608.0], [3187.5, 59012.0]], "asks": [[3210.5, 7935.0], [3210.75, 2727.0], [3211.0, 3352.0], [3211.25, 2727.0], [3211.5, 2913.0], [3211.75, 2727.0], [3212.0, 8230.0], [3212.25, 20536.0], [3213.25, 358.0], [3213.5, 1200.0], [3214.25, 2082.0], [3214.5, 6976.0], [3216.25, 299.0], [3216.5, 1000.0], [3220.0, 19700.0], [3220.75, 79462.0], [3221.5, 1000.0], [3222.75, 17479.0], [3225.25, 4756.0], [3226.25, 40308.0]]}}}
{"jsonrpc": "2.0", "method": "subscription", "params": {"channel": "book.ETH-23JAN26.none.20.100ms", "data": {"timestamp": 1768836692378, "change_id": 105375489332, "instrument_name": "ETH-23JAN26", "bids": [[3210.25, 755.0], [3210.0, 7417.0], [3209.75, 9800.0], [3207.5, 6538.0], [3207.25, 21904.0], [3206.25, 6969.0], [3206.0, 544.0], [3203.5, 6129.0], [3203.25, 20532.0], [3203.0, 1420.0], [3202.75, 4757.0], [3202.25, 20217.0], [3202.0, 39764.0], [3201.25, 20202.0], [3200.5, 40000.0], [3196.5, 39754.0], [3194.25, 76113.0], [3194.0, 99924.0], [3190.75, 40000.0], [3189.0, 39608.0]], "asks": [[3210.5, 7935.0], [3210.75, 2727.0], [3211.0, 3352.0], [3211.25, 2727.0], [3211.5, 2913.0], [3211.75, 2727.0], [3212.0, 8230.0], [3212.25, 20536.0], [3213.25, 358.0], [3213.5, 1200.0], [3214.25, 2082.0], [3214.5, 6976.0], [3216.25, 299.0], [3216.5, 1000.0], [3220.0, 19700.0], [3220.75, 79462.0], [3221.5, 1000.0], [3222.75, 17479.0], [3225.25, 4756.0], [3226.25, 40308.0]]}}}
{"jsonrpc": "2.0", "method": "subscription", "params": {"channel": "book.ETH-23JAN26.none.20.100ms", "data": {"timestamp": 1768836692707, "change_id": 105375489869, "instrument_name": "ETH-23JAN26", "bids": [[3210.25, 2855.0], [3210.0, 5028.0], [3209.75, 6460.0], [3209.5, 2516.0], [3209.25, 9175.0], [3208.5, 627.0], [3208.25, 2100.0], [3208.0, 2130.0], [3207.75, 7136.0], [3207.5, 6538.0], [3207.25, 21904.0], [3206.0, 544.0], [3203.5, 6129.0], [3203.25, 20532.0], [3202.0, 39764.0], [3201.25, 20202.0], [3200.5, 40000.0], [3196.75, 19028.0], [3196.5, 39754.0], [3194.0, 99924.0]], "asks": [[3210.5, 7935.0], [3210.75, 6765.0], [3211.0, 13804.0], [3211.25, 2727.0], [3211.5, 2913.0], [3211.75, 2727.0], [3212.0, 8230.0], [3212.25, 20536.0], [3213.25, 358.0], [3213.5, 1200.0], [3214.25, 2082.0], [3214.5, 6976.0], [3216.25, 299.0], [3216.5, 1000.0], [3220.0, 19700.0], [3220.75, 79462.0], [3221.5, 1000.0], [3222.75, 17479.0], [3225.25, 4756.0], [3226.25, 40308.0]]}}}
{"jsonrpc": "2.0", "method": "subscription", "params": {"channel": "book.ETH-23JAN26.none.20.100ms", "data": {"timestamp": 1768836693316, "change_id": 105375490399, "instrument_name": "ETH-23JAN26", "bids": [[3210.25, 532.0], [3210.0, 5028.0], [3209.75, 6460.0], [3209.5, 2516.0], [3209.25, 9175.0], [3208.5, 627.0], [3208.25, 2100.0], [3208.0, 2130.0], [3207.75, 7136.0], [3207.5, 6538.0], [3207.25, 21904.0], [3206.0, 544.0], [3203.5, 6129.0], [3203.25, 20532.0], [3202.0, 39764.0], [3201.25, 20202.0], [3200.5, 40000.0], [3196.75, 19028.0], [3196.5, 39754.0], [3194.0, 99924.0]], "asks": [[3210.5, 7935.0], [3210.75, 6765.0], [3211.0, 13804.0], [3211.25, 2727.0], [3211.5, 2913.0], [3211.75, 2727.0], [3212.0, 8230.0], [3212.25, 20536.0], [3213.25, 358.0], [3213.5, 1200.0], [3214.25, 2082.0], [3214.5, 6976.0], [3216.25, 299.0], [3216.5, 1000.0], [3220.0, 19700.0], [3220.75, 79462.0], [3221.5, 1000.0], [3222.75, 17479.0], [3225.25, 4756.0], [3226.25, 40308.0]]}}}
{"jsonrpc": "2.0", "method": "subscription", "params": {"channel": "book.ETH-23JAN26.none.20.100ms", "data": {"timestamp": 1768836693697, "change_id": 105375491180, "instrument_name": "ETH-23JAN26", "bids": [[3210.25, 2632.0], [3210.0, 5028.0], [3209.75, 7087.0], [3209.5, 4616.0], [3209.25, 9175.0], [3208.5, 627.0], [3208.25, 2100.0], [3208.0, 2130.0], [3207.75, 7136.0], [3207.5, 6538.0], [3207.25, 21904.0], [3206.0, 544.0], [3203.5, 6129.0], [3203.25, 20532.0], [3202.25, 4757.0], [3202.0, 39764.0], [3201.25, 20202.0], [3200.5, 40000.0], [3196.75, 19028.0], [3196.5, 39754.0]], "asks": [[3210.5, 7935.0], [3210.75, 6765.0], [3211.0, 13804.0], [3211.25, 2727.0], [3211.5, 2913.0], [3211.75, 2727.0], [3212.0, 8230.0], [3212.25, 20536.0], [3213.25, 358.0], [3213.5, 1200.0], [3214.25, 2082.0], [3214.5, 6976.0], [3216.25, 299.0], [3216.5, 1000.0], [3220.0, 19700.0], [3220.75, 79462.0], [3221.5, 1000.0], [3222.75, 17479.0], [3225.25, 4756.0], [3226.25, 40308.0]]}}}
{"jsonrpc": "2.0", "method": "subscription", "params": {"channel": "book.ETH-23JAN26.none.20.100ms", "data": {"timestamp": 1768836693780, "change_id": 105375491250, "instrument_name": "ETH-23JAN26", "bids": [[3210.25, 2100.0], [3210.0, 5028.0], [3209.75, 7087.0], [3209.5, 4616.0], [3209.25, 9175.0], [3208.5, 627.0], [3208.25, 2100.0], [3207.5, 6538.0], [3207.25, 21904.0], [3207.0, 2178.0], [3206.75, 7298.0], [3206.0, 544.0], [3203.5, 6129.0], [3203.25, 20532.0], [3202.25, 4757.0], [3202.0, 39764.0], [3201.25, 20202.0], [3200.5, 40000.0], [3196.75, 19028.0], [3196.5, 39754.0]], "asks": [[3210.5, 7935.0], [3210.75, 6765.0], [3211.0, 13804.0], [3211.25, 2727.0], [3211.5, 2913.0], [3211.75, 2727.0], [3212.0, 8230.0], [3212.25, 20536.0], [3213.25, 358.0], [3213.5, 1200.0], [3214.25, 2082.0], [3214.5, 6976.0], [3216.25, 299.0], [3216.5, 1000.0], [3220.0, 19700.0], [3220.75, 79462.0], [3221.5, 1000.0], [3222.75, 17479.0], [3225.25, 4756.0], [3226.25, 40308.0]]}}}
{"jsonrpc": "2.0", "method": "subscription", "params": {"channel": "book.ETH-23JAN26.none.20.100ms", "data": {"timestamp": 1768836694259, "change_id": 105375491625, "instrument_name": "ETH-23JAN26", "bids": [[3210.25, 2100.0], [3210.0, 9560.0], [3209.75, 627.0], [3209.5, 4616.0], [3209.25, 9175.0], [3208.5, 627.0], [3208.25, 2100.0], [3207.5, 6538.0], [3207.25, 21904.0], [3207.0, 2178.0], [3206.75, 7298.0], [3206.0, 544.0], [3203.5, 6129.0], [3203.25, 20532.0], [3202.25, 4757.0], [3202.0, 39764.0], [3201.25, 20202.0], [3200.5, 40000.0], [3196.75, 19028.0], [3196.5, 39754.0]], "asks": [[3210.5, 2100.0], [3210.75, 11975.0], [3211.0, 13804.0], [3211.25, 3352.0], [3211.5, 2913.0], [3211.75, 2727.0], [3212.0, 8230.0], [3212.25, 20536.0], [3213.25, 358.0], [3213.5, 1200.0], [3214.25, 2082.0], [3214.5, 6976.0], [3216.25, 299.0], [3216.5, 1000.0], [3220.0, 19700.0], [3220.75, 79462.0], [3221.5, 1000.0], [3222.75, 17479.0], [3225.25, 4756.0], [3226.25, 40308.0]]}}}
{"jsonrpc": "2.0", "method": "subscription", "params": {"channel": "book.ETH-23JAN26.none.20.100ms", "data": {"timestamp": 1768836694686, "change_id": 105375492410, "instrument_name": "ETH-23JAN26", "bids": [[3210.25, 2100.0], [3210.0, 10187.0], [3209.75, 2727.0], [3209.5, 4616.0], [3209.25, 9175.0], [3207.5, 6538.0], [3207.25, 21904.0], [3207.0, 2178.0], [3206.75, 7298.0], [3206.0, 544.0], [3203.5, 6129.0], [3203.25, 20532.0], [3202.25, 4757.0], [3202.0, 39764.0], [3201.25, 20202.0], [3200.5, 40000.0], [3196.75, 19028.0], [3196.5, 39754.0], [3194.0, 99924.0], [3190.75, 40000.0]], "asks": [[3210.5, 2100.0], [3210.75, 11975.0], [3211.0, 13804.0], [3211.25, 3352.0], [3211.5, 2913.0], [3211.75, 2727.0], [3212.0, 8230.0], [3212.25, 20536.0], [3213.25, 358.0], [3213.5, 1200.0], [3214.25, 2082.0], [3214.5, 6976.0], [3216.25, 299.0], [3216.5, 1000.0], [3220.0, 19700.0], [3220.75, 79462.0], [3221.5, 1000.0], [3222.75, 17479.0], [3225.25, 4756.0], [3226.25, 40308.0]]}}}
{"jsonrpc": "2.0", "method": "subscription", "params": {"channel": "book.ETH-23JAN26.none.20.100ms", "data": {"timestamp": 1768836694992, "change_id": 105375492544, "instrument_name": "ETH-23JAN26", "bids": [[3210.25, 2400.0], [3210.0, 19362.0], [3209.75, 2727.0], [3209.5, 2100.0], [3207.5, 6538.0], [3207.25, 21904.0], [3207.0, 2178.0], [3206.75, 7298.0], [3206.0, 544.0], [3203.5, 6129.0], [3203.25, 20532.0], [3202.25, 5946.0], [3202.0, 39764.0], [3201.25, 20202.0], [3200.5, 40000.0], [3196.75, 19028.0], [3196.5, 39754.0], [3194.25, 76114.0], [3194.0, 99924.0], [3190.75, 40000.0]], "asks": [[3210.5, 7935.0], [3210.75, 6140.0], [3211.0, 13804.0], [3211.25, 3352.0], [3211.5, 2913.0], [3211.75, 2727.0], [3212.0, 8230.0], [3212.25, 20536.0], [3213.25, 358.0], [3213.5, 1200.0], [3214.25, 2082.0], [3214.5, 6976.0], [3216.25, 299.0], [3216.5, 1000.0], [3220.0, 19700.0], [3220.75, 79462.0], [3221.5, 1000.0], [3222.75, 17479.0], [3225.25, 4756.0], [3226.25, 40308.0]]}}}
{"jsonrpc": "2.0", "method": "subscription", "params": {"channel": "book.ETH-23JAN26.none.20.100ms", "data": {"timestamp": 1768836695164, "change_id": 105375492577, "instrument_name": "ETH-23JAN26", "bids": [[3210.25, 2100.0], [3210.0, 19362.0], [3209.75, 2727.0], [3209.5, 2100.0], [3207.5, 6538.0], [3207.25, 21904.0], [3207.0, 2178.0], [3206.75, 7298.0], [3206.0, 544.0], [3203.5, 6129.0], [3203.25, 20532.0], [3202.25, 5946.0], [3202.0, 39764.0], [3201.25, 20202.0], [3200.5, 40000.0], [3196.75, 19028.0], [3196.5, 39754.0], [3194.25, 76114.0], [3194.0, 99924.0], [3190.75, 40000.0]], "asks": [[3210.5, 7935.0], [3210.75, 6140.0], [3211.0, 14429.0], [3211.25, 2727.0], [3211.5, 2913.0], [3211.75, 2727.0], [3212.0, 8230.0], [3212.25, 20536.0], [3213.25, 358.0], [3213.5, 1200.0], [3214.25, 2082.0], [3214.5, 6976.0], [3216.25, 299.0], [3216.5, 1000.0], [3220.0, 19700.0], [3220.75, 79462.0], [3221.5, 1000.0], [3222.75, 17479.0], [3225.25, 4756.0], [3226.25, 40308.0]]}}}
{"jsonrpc": "2.0", "method": "subscription", "params": {"channel": "book.ETH-23JAN26.none.20.100ms", "data": {"timestamp": 1768836695673, "change_id": 105375493372, "instrument_name": "ETH-23JAN26", "bids": [[3210.25, 2100.0], [3210.0, 14563.0], [3209.75, 8562.0], [3209.5, 625.0], [3207.5, 6538.0], [3207.25, 21904.0], [3207.0, 2178.0], [3206.75, 7298.0], [3206.0, 544.0], [3203.5, 6129.0], [3203.25, 20532.0], [3202.25, 5946.0], [3202.0, 39764.0], [3201.25, 20202.0], [3200.5, 40000.0], [3196.75, 19028.0], [3196.5, 39754.0], [3194.25, 76114.0], [3194.0, 99924.0], [3190.75, 40000.0]], "asks": [[3210.5, 7935.0], [3210.75, 6140.0], [3211.0, 14429.0], [3211.25, 2727.0], [3211.5, 2913.0], [3211.75, 2727.0], [3212.0, 8230.0], [3212.25, 20536.0], [3213.25, 358.0], [3213.5, 1200.0], [3214.25, 2082.0], [3214.5, 6976.0], [3216.25, 299.0], [3216.5, 1000.0], [3220.0, 19700.0], [3220.75, 79462.0], [3221.5, 1000.0], [3222.75, 17479.0], [3225.25, 4756.0], [3226.25, 40308.0]]}}}
{"jsonrpc": "2.0", "method": "subscription", "params": {"channel": "book.ETH-23JAN26.none.20.100ms", "data": {"timestamp": 1768836695990, "change_id": 105375493559, "instrument_name": "ETH-23JAN26", "bids": [[3210.25, 2100.0], [3210.0, 12902.0], [3209.75, 2725.0], [3207.5, 6538.0], [3207.25, 21904.0], [3207.0, 2178.0], [3206.75, 7298.0], [3206.0, 544.0], [3203.5, 6129.0], [3203.25, 20532.0], [3202.25, 5946.0], [3202.0, 39764.0], [3201.25, 20202.0], [3200.5, 40000.0], [3196.75, 19028.0], [3196.5, 39754.0], [3194.25, 76114.0], [3194.0, 99924.0], [3190.75, 40000.0], [3189.0, 39608.0]], "asks": [[3210.5, 7935.0], [3210.75, 6765.0], [3211.0, 13804.0], [3211.25, 2727.0], [3211.5, 2913.0], [3211.75, 2727.0], [3212.0, 8230.0], [3212.25, 20536.0], [3213.25, 358.0], [3213.5, 1200.0], [3214.25, 2082.0], [3214.5, 6976.0], [3216.25, 299.0], [3216.5, 1000.0], [3220.0, 19700.0], [3220.75, 79462.0], [3221.5, 1000.0], [3222.75, 17479.0], [3225.25, 4756.0], [3226.25, 40308.0]]}}}
{"jsonrpc": "2.0", "method": "subscription", "params": {"channel": "book.ETH-23JAN26.none.20.100ms", "data": {"timestamp": 1768836696140, "change_id": 105375493786, "instrument_name": "ETH-23JAN26", "bids": [[3210.0, 12902.0], [3209.75, 3842.0], [3209.5, 5835.0], [3209.25, 625.0], [3207.5, 6538.0], [3207.25, 21904.0], [3207.0, 2178.0], [3206.75, 7298.0], [3206.0, 544.0], [3203.5, 6129.0], [3203.25, 20532.0], [3202.5, 1775.0], [3202.25, 17816.0], [3202.0, 39764.0], [3201.25, 20202.0], [3200.5, 40000.0], [3196.75, 19028.0], [3196.5, 39754.0], [3194.25, 76114.0], [3194.0, 99924.0]], "asks": [[3210.25, 7935.0], [3210.5, 3538.0], [3210.75, 6140.0], [3211.0, 13804.0], [3211.25, 2727.0], [3211.5, 2913.0], [3211.75, 2727.0], [3212.0, 8230.0], [3212.25, 20536.0], [3213.25, 358.0], [3213.5, 1200.0], [3214.25, 2082.0], [3214.5, 6976.0], [3216.25, 299.0], [3216.5, 1000.0], [3220.0, 19700.0], [3220.75, 79462.0], [3221.5, 1000.0], [3222.75, 17479.0], [3225.25, 4756.0]]}}}
{"jsonrpc": "2.0", "method": "subscription", "params": {"channel": "book.ETH-23JAN26.none.20.100ms", "data": {"timestamp": 1768836696667, "change_id": 105375494585, "instrument_name": "ETH-23JAN26", "bids": [[3210.0, 12902.0], [3209.75, 3842.0], [3209.5, 5835.0], [3209.25, 625.0], [3208.0, 627.0], [3207.75, 2100.0], [3207.5, 6538.0], [3207.25, 21904.0], [3207.0, 2178.0], [3206.75, 7298.0], [3206.0, 544.0], [3203.5, 6129.0], [3203.25, 20532.0], [3202.5, 1775.0], [3202.25, 36844.0], [3202.0, 39764.0], [3201.25, 20202.0], [3200.5, 40000.0], [3196.5, 39754.0], [3194.25, 76114.0]], "asks": [[3210.25, 7935.0], [3210.5, 3538.0], [3210.75, 6140.0], [3211.0, 13804.0], [3211.25, 2727.0], [3211.5, 2913.0], [3211.75, 2727.0], [3212.0, 8230.0], [3212.25, 20536.0], [3213.25, 358.0], [3213.5, 1200.0], [3214.25, 2082.0], [3214.5, 6976.0], [3216.25, 299.0], [3216.5, 1000.0], [3220.0, 19700.0], [3220.75, 79462.0], [3221.5, 1000.0], [3222.75, 17479.0], [3225.25, 4756.0]]}}}
{"jsonrpc": "2.0", "method": "subscription", "params": {"channel": "book.ETH-23JAN26.none.20.100ms", "data": {"timestamp": 1768836697003, "change_id": 105375494740, "instrument_name": "ETH-23JAN26", "bids": [[3210.0, 3100.0], [3209.75, 3842.0], [3209.5, 8760.0], [3209.25, 9798.0], [3208.0, 627.0], [3207.75, 2100.0], [3207.5, 6538.0], [3207.25, 21904.0], [3207.0, 2178.0], [3206.75, 7298.0], [3206.0, 544.0], [3203.0, 6129.0], [3202.75, 20532.0], [3202.5, 7228.0], [3202.25, 36844.0], [3202.0, 39764.0], [3201.25, 20202.0], [3200.5, 40000.0], [3196.5, 39754.0], [3194.25, 76114.0]], "asks": [[3210.25, 7935.0], [3210.5, 3538.0], [3210.75, 6140.0], [3211.0, 13804.0], [3211.25, 2727.0], [3211.5, 2913.0], [3211.75, 2727.0], [3212.0, 8230.0], [3212.25, 20536.0], [3213.25, 358.0], [3213.5, 1200.0], [3214.25, 2082.0], [3214.5, 6976.0], [3216.25, 299.0], [3216.5, 1000.0], [3220.0, 19700.0], [3220.75, 79462.0], [3221.5, 1000.0], [3222.75, 17479.0], [3225.25, 4756.0]]}}}
{"jsonrpc": "2.0", "method": "subscription", "params": {"channel": "book.ETH-23JAN26.none.20.100ms", "data": {"timestamp": 1768836697251, "change_id": 105375494944, "instrument_name": "ETH-23JAN26", "bids": [[3210.0, 3100.0], [3209.75, 8560.0], [3209.5, 2925.0], [3209.25, 9173.0], [3208.0, 627.0], [3207.75, 2100.0], [3207.5, 6538.0], [3207.25, 21904.0], [3207.0, 2178.0], [3206.75, 7298.0], [3206.0, 544.0], [3203.0, 6129.0], [3202.75, 20532.0], [3202.5, 7228.0], [3202.25, 36844.0], [3202.0, 39764.0], [3201.25, 20202.0], [3200.5, 40000.0], [3196.5, 39754.0], [3194.25, 76114.0]], "asks": [[3210.25, 7935.0], [3210.5, 2913.0], [3210.75, 6140.0], [3211.0, 14429.0], [3211.25, 2727.0], [3211.5, 2913.0], [3211.75, 2727.0], [3212.0, 8230.0], [3212.25, 20536.0], [3213.25, 358.0], [3213.5, 1200.0], [3214.25, 2082.0], [3214.5, 6976.0], [3216.25, 299.0], [3216.5, 1000.0], [3220.0, 19700.0], [3220.75, 79462.0], [3221.5, 1000.0], [3222.75, 17479.0], [3225.25, 4756.0]]}}}
{"jsonrpc": "2.0", "method": "subscription", "params": {"channel": "book.ETH-23JAN26.none.20.100ms", "data": {"timestamp": 1768836697652, "change_id": 105375495682, "instrument_name": "ETH-23JAN26", "bids": [[3210.0, 3100.0], [3209.75, 9187.0], [3209.5, 5025.0], [3209.25, 9173.0], [3208.0, 627.0], [3207.75, 2100.0], [3207.5, 6538.0], [3207.25, 21904.0], [3207.0, 2178.0], [3206.75, 7298.0], [3206.0, 544.0], [3203.0, 6129.0], [3202.75, 20532.0], [3202.5, 7228.0], [3202.25, 36844.0], [3202.0, 39764.0], [3201.25, 20202.0], [3200.5, 40000.0], [3196.5, 39754.0], [3194.25, 76114.0]], "asks": [[3210.25, 7935.0], [3210.5, 2913.0], [3210.75, 6140.0], [3211.0, 14429.0], [3211.25, 2727.0], [3211.5, 2913.0], [3211.75, 2727.0], [3212.0, 8230.0], [3212.25, 20536.0], [3213.25, 358.0], [3213.5, 1200.0], [3214.25, 2082.0], [3214.5, 6976.0], [3216.25, 299.0], [3216.5, 1000.0], [3220.0, 19700.0], [3220.75, 79462.0], [3221.5, 1000.0], [3222.75, 17479.0], [3225.25, 4756.0]]}}}
{"jsonrpc": "2.0", "method": "subscription", "params": {"channel": "book.ETH-23JAN26.none.20.100ms", "data": {"timestamp": 1768836698257, "change_id": 105375495890, "instrument_name": "ETH-23JAN26", "bids": [[3210.0, 6094.0], [3209.75, 8562.0], [3209.5, 5025.0], [3209.25, 9173.0], [3208.0, 627.0], [3207.75, 2100.0], [3207.5, 6538.0], [3207.25, 21904.0], [3207.0, 2178.0], [3206.75, 7298.0], [3206.0, 544.0], [3203.0, 6129.0], [3202.75, 20532.0], [3202.5, 7228.0], [3202.25, 36844.0], [3202.0, 39764.0], [3201.25, 20202.0], [3200.5, 40000.0], [3196.5, 39754.0], [3194.25, 76114.0]], "asks": [[3210.5, 8748.0], [3210.75, 6140.0], [3211.0, 14429.0], [3211.25, 2727.0], [3211.5, 2913.0], [3211.75, 2727.0], [3212.0, 8230.0], [3212.25, 20536.0], [3213.25, 358.0], [3213.5, 1200.0], [3214.25, 2082.0], [3214.5, 6976.0], [3216.25, 299.0], [3216.5, 1000.0], [3220.0, 19700.0], [3220.75, 79462.0], [3221.5, 1000.0], [3222.75, 17479.0], [3225.25, 4756.0], [3226.25, 40308.0]]}}}
{"jsonrpc": "2.0", "method": "subscription", "params": {"channel": "book.ETH-23JAN26.none.20.100ms", "data": {"timestamp": 1768836699272, "change_id": 105375497229, "instrument_name": "ETH-23JAN26", "bids": [[3210.25, 2725.0], [3210.0, 3727.0], [3209.75, 2727.0], [3209.5, 5025.0], [3209.25, 9173.0], [3208.0, 627.0], [3207.75, 2100.0], [3207.5, 6538.0], [3207.25, 21904.0], [3207.0, 2178.0], [3206.75, 7298.0], [3206.0, 544.0], [3203.0, 6129.0], [3202.75, 20532.0], [3202.5, 7228.0], [3202.25, 36844.0], [3202.0, 39764.0], [3201.25, 20202.0], [3200.5, 40000.0], [3196.5, 39754.0]], "asks": [[3210.5, 569.0], [3210.75, 4388.0], [3211.0, 8562.0], [3211.25, 2727.0], [3211.5, 3538.0], [3211.75, 2727.0], [3212.0, 8230.0], [3212.25, 20536.0], [3213.25, 358.0], [3213.5, 1200.0], [3215.75, 2146.0], [3216.0, 7189.0], [3216.25, 299.0], [3216.5, 1000.0], [3220.0, 19700.0], [3220.75, 79462.0], [3221.5, 1000.0], [3222.75, 17479.0], [3225.25, 4756.0], [3226.25, 40308.0]]}}}
{"jsonrpc": "2.0", "method": "subscription", "params": {"channel": "book.ETH-23JAN26.none.20.100ms", "data": {"timestamp": 1768836699636, "change_id": 105375497967, "instrument_name": "ETH-23JAN26", "bids": [[3210.25, 8560.0], [3210.0, 3727.0], [3209.75, 2727.0], [3209.5, 5025.0], [3209.25, 9173.0], [3208.0, 627.0], [3207.75, 2100.0], [3207.5, 6538.0], [3207.25, 21904.0], [3207.0, 2178.0], [3206.75, 7298.0], [3206.0, 544.0], [3203.0, 6129.0], [3202.75, 20532.0], [3202.5, 7228.0], [3202.25, 36844.0], [3202.0, 39764.0], [3201.25, 20202.0], [3200.5, 40000.0], [3196.5, 39754.0]], "asks": [[3210.5, 857.0], [3210.75, 8562.0], [3211.0, 2727.0], [3211.25, 3352.0], [3211.5, 2913.0], [3211.75, 2727.0], [3212.0, 8230.0], [3212.25, 20536.0], [3213.25, 358.0], [3213.5, 1200.0], [3215.75, 2146.0], [3216.0, 7189.0], [3216.25, 299.0], [3216.5, 1000.0], [3220.0, 19700.0], [3220.75, 79462.0], [3221.5, 1000.0], [3222.75, 17479.0], [3225.25, 4756.0], [3226.25, 40308.0]]}}}
{"jsonrpc": "2.0", "method": "subscription", "params": {"channel": "book.ETH-23JAN26.none.20.100ms", "data": {"timestamp": 1768836700293, "change_id": 105375498437, "instrument_name": "ETH-23JAN26", "bids": [[3210.25, 2100.0], [3210.0, 9562.0], [3209.75, 3352.0], [3209.5, 5025.0], [3209.25, 9173.0], [3208.0, 627.0], [3207.75, 2100.0], [3207.5, 6538.0], [3207.25, 21904.0], [3207.0, 2178.0], [3206.75, 7298.0], [3206.0, 544.0], [3203.25, 20532.0], [3202.5, 7228.0], [3202.25, 36844.0], [3202.0, 39764.0], [3201.25, 20202.0], [3200.5, 40000.0], [3196.5, 39754.0], [3194.25, 76114.0]], "asks": [[3210.5, 6636.0], [3210.75, 2727.0], [3211.0, 3352.0], [3211.25, 2727.0], [3211.5, 2913.0], [3211.75, 2727.0], [3212.0, 8230.0], [3212.25, 20536.0], [3213.25, 358.0], [3213.5, 1200.0], [3215.75, 2146.0], [3216.0, 7189.0], [3216.25, 299.0], [3216.5, 1000.0], [3220.0, 19700.0], [3220.75, 79462.0], [3221.5, 1000.0], [3222.75, 17479.0], [3225.25, 4756.0], [3226.25, 40308.0]]}}}
{"jsonrpc": "2.0", "method": "subscription", "params": {"channel": "book.ETH-23JAN26.none.20.100ms", "data": {"timestamp": 1768836700619, "change_id": 105375499052, "instrument_name": "ETH-23JAN26", "bids": [[3210.25, 2373.0], [3210.0, 5575.0], [3209.75, 9187.0], [3209.5, 5025.0], [3209.25, 9173.0], [3208.0, 627.0], [3207.75, 2100.0], [3207.5, 6538.0], [3207.25, 21904.0], [3207.0, 2178.0], [3206.75, 7298.0], [3206.0, 544.0], [3203.25, 20532.0], [3202.5, 7228.0], [3202.25, 36844.0], [3202.0, 39764.0], [3201.25, 20202.0], [3200.5, 40000.0], [3196.5, 39754.0], [3194.25, 76114.0]], "asks": [[3210.5, 8736.0], [3210.75, 2727.0], [3211.0, 3352.0], [3211.25, 2727.0], [3211.5, 2913.0], [3211.75, 2727.0], [3212.0, 8230.0], [3212.25, 20536.0], [3213.25, 358.0], [3213.5, 1200.0], [3215.75, 2146.0], [3216.0, 7189.0], [3216.25, 299.0], [3216.5, 1000.0], [3220.0, 19700.0], [3220.75, 79462.0], [3221.5, 1000.0], [3222.75, 17479.0], [3225.25, 4756.0], [3226.25, 40308.0]]}}}
{"jsonrpc": "2.0", "method": "subscription", "params": {"channel": "book.ETH-23JAN26.none.20.100ms", "data": {"timestamp": 1768836700943, "change_id": 105375499222, "instrument_name": "ETH-23JAN26", "bids": [[3210.25, 2373.0], [3210.0, 6200.0], [3209.75, 8562.0], [3209.5, 5025.0], [3209.25, 9173.0], [3208.0, 627.0], [3207.75, 2100.0], [3207.5, 6538.0], [3207.25, 21904.0], [3207.0, 2178.0], [3206.75, 7298.0], [3206.0, 544.0], [3203.25, 20532.0], [3202.5, 7228.0], [3202.25, 36844.0], [3202.0, 39764.0], [3201.25, 20202.0], [3200.5, 40000.0], [3196.5, 39754.0], [3194.25, 76114.0]], "asks": [[3210.5, 8736.0], [3210.75, 2727.0], [3211.0, 3352.0], [3211.25, 2727.0], [3211.5, 2913.0], [3211.75, 2727.0], [3212.0, 8230.0], [3212.25, 20536.0], [3213.25, 358.0], [3213.5, 1200.0], [3215.75, 2146.0], [3216.0, 7189.0], [3216.25, 299.0], [3216.5, 1000.0], [3220.0, 19700.0], [3220.75, 79462.0], [3221.5, 1000.0], [3222.75, 17479.0], [3225.25, 4756.0], [3226.25, 40308.0]]}}}
{"jsonrpc": "2.0", "method": "subscription", "params": {"channel": "book.ETH-23JAN26.none.20.100ms", "data": {"timestamp": 1768836701351, "change_id": 105375499632, "instrument_name": "ETH-23JAN26", "bids": [[3210.25, 2596.0], [3210.0, 6200.0], [3209.75, 8562.0], [3209.5, 5025.0], [3209.25, 9173.0], [3208.0, 627.0], [3207.75, 2100.0], [3207.5, 6538.0], [3207.25, 21904.0], [3207.0, 2178.0], [3206.75, 7298.0], [3206.0, 544.0], [3203.25, 20532.0], [3202.5, 7228.0], [3202.25, 36844.0], [3202.0, 39764.0], [3201.25, 20202.0], [3200.5, 40000.0], [3196.5, 39754.0], [3194.25, 76114.0]], "asks": [[3210.5, 8736.0], [3210.75, 2727.0], [3211.0, 3352.0], [3211.25, 2727.0], [3211.5, 2913.0], [3211.75, 2727.0], [3212.0, 8230.0], [3212.25, 20536.0], [3213.25, 358.0], [3213.5, 1200.0], [3215.75, 2146.0], [3216.0, 7189.0], [3216.25, 299.0], [3216.5, 1000.0], [3220.0, 19700.0], [3220.75, 79462.0], [3221.5, 1000.0], [3222.75, 17479.0], [3225.25, 4756.0], [3226.25, 40308.0]]}}}
{"jsonrpc": "2.0", "method": "subscription", "params": {"channel": "book.ETH-23JAN26.none.20.100ms", "data": {"timestamp": 1768836701948, "change_id": 105375500274, "instrument_name": "ETH-23JAN26", "bids": [[3210.25, 2310.0], [3210.0, 5388.0], [3209.75, 8562.0], [3209.5, 5025.0], [3209.25, 9173.0], [3208.0, 627.0], [3207.75, 2100.0], [3207.5, 6538.0], [3207.25, 21904.0], [3207.0, 2178.0], [3206.75, 7298.0], [3206.0, 544.0], [3203.25, 20532.0], [3202.5, 7228.0], [3202.25, 36844.0], [3202.0, 39764.0], [3201.25, 20202.0], [3200.5, 40000.0], [3196.5, 39754.0], [3194.25, 76114.0]], "asks": [[3210.5, 9936.0], [3210.75, 2727.0], [3211.0, 3352.0], [3211.25, 2727.0], [3211.5, 2913.0], [3211.75, 2727.0], [3212.0, 8230.0], [3212.25, 20536.0], [3213.25, 358.0], [3213.5, 1200.0], [3215.75, 2146.0], [3216.0, 7189.0], [3216.25, 299.0], [3216.5, 1000.0], [3220.0, 19700.0], [3220.75, 79462.0], [3221.5, 1000.0], [3222.75, 17479.0], [3225.25, 4756.0], [3226.25, 40308.0]]}}}
{"jsonrpc": "2.0", "method": "subscription", "params": {"channel": "book.ETH-23JAN26.none.20.100ms", "data": {"timestamp": 1768836702088, "change_id": 105375500335, "instrument_name": "ETH-23JAN26", "bids": [[3210.25, 2100.0], [3210.0, 5388.0], [3209.75, 9187.0], [3209.5, 5025.0], [3209.25, 9173.0], [3208.0, 627.0], [3207.75, 2100.0], [3207.5, 6538.0], [3207.25, 21904.0], [3207.0, 2178.0], [3206.75, 7298.0], [3206.0, 544.0], [3203.25, 20532.0], [3202.5, 7228.0], [3202.25, 36844.0], [3202.0, 39764.0], [3201.25, 20202.0], [3200.5, 40000.0], [3196.5, 39754.0], [3194.25, 76114.0]], "asks": [[3210.5, 9936.0], [3210.75, 3352.0], [3211.0, 2727.0], [3211.25, 2727.0], [3211.5, 2913.0], [3211.75, 2727.0], [3212.0, 8230.0], [3212.25, 20536.0], [3213.25, 358.0], [3213.5, 1200.0], [3215.75, 2146.0], [3216.0, 7189.0], [3216.25, 299.0], [3216.5, 1000.0], [3220.0, 19700.0], [3220.75, 79462.0], [3221.5, 1000.0], [3222.75, 17479.0], [3225.25, 4756.0], [3226.25, 40308.0]]}}}
{"jsonrpc": "2.0", "method": "subscription", "params": {"channel": "book.ETH-23JAN26.none.20.100ms", "data": {"timestamp": 1768836702475, "change_id": 105375501029, "instrument_name": "ETH-23JAN26", "bids": [[3210.25, 2100.0], [3210.0, 5388.0], [3209.75, 9187.0], [3209.5, 5025.0], [3209.25, 9173.0], [3208.0, 627.0], [3207.75, 2100.0], [3207.5, 6538.0], [3207.25, 21904.0], [3207.0, 2178.0], [3206.75, 7298.0], [3206.0, 544.0], [3203.5, 20532.0], [3202.5, 7228.0], [3202.25, 36844.0], [3202.0, 39764.0], [3201.25, 20202.0], [3200.5, 40000.0], [3196.5, 39754.0], [3194.25, 76114.0]], "asks": [[3210.5, 9936.0], [3210.75, 3352.0], [3211.0, 2727.0], [3211.25, 2727.0], [3211.5, 2913.0], [3211.75, 2727.0], [3212.0, 8230.0], [3212.25, 20536.0], [3213.25, 358.0], [3213.5, 1200.0], [3215.75, 2146.0], [3216.0, 7189.0], [3216.25, 299.0], [3216.5, 1000.0], [3220.0, 19700.0], [3220.75, 79462.0], [3221.5, 1000.0], [3222.75, 17479.0], [3225.25, 4756.0], [3226.25, 40308.0]]}}}
{"jsonrpc": "2.0", "method": "subscription", "params": {"channel": "book.ETH-23JAN26.none.20.100ms", "data": {"timestamp": 1768836702911, "change_id": 105375501397, "instrument_name": "ETH-23JAN26", "bids": [[3210.25, 2100.0], [3210.0, 3727.0], [3209.75, 3352.0], [3209.5, 5025.0], [3209.25, 9173.0], [3208.0, 627.0], [3207.75, 2100.0], [3207.0, 2178.0], [3206.75, 7298.0], [3206.0, 544.0], [3203.75, 6129.0], [3203.5, 20532.0], [3202.5, 7228.0], [3202.25, 36844.0], [3202.0, 39764.0], [3201.25, 20202.0], [3200.5, 40000.0], [3199.0, 11754.0], [3196.5, 39754.0], [3194.25, 76114.0]], "asks": [[3210.5, 9936.0], [3210.75, 3352.0], [3211.0, 2727.0], [3211.25, 2727.0], [3211.5, 2913.0], [3211.75, 2727.0], [3212.0, 14016.0], [3212.25, 42544.0], [3213.25, 358.0], [3213.5, 1200.0], [3215.75, 2146.0], [3216.0, 7189.0], [3216.25, 299.0], [3216.5, 1000.0], [3220.0, 19700.0], [3220.75, 79462.0], [3221.5, 1000.0], [3225.25, 4756.0], [3226.25, 40308.0], [3226.5, 1189.0]]}}}
{"jsonrpc": "2.0", "method": "subscription", "params": {"channel": "book.ETH-23JAN26.none.20.100ms", "data": {"timestamp": 1768836703047, "change_id": 105375501465, "instrument_name": "ETH-23JAN26", "bids": [[3210.25, 2100.0], [3210.0, 3727.0], [3209.75, 5013.0], [3209.5, 10860.0], [3209.25, 9173.0], [3208.0, 627.0], [3207.75, 2100.0], [3207.0, 2178.0], [3206.75, 7298.0], [3206.0, 544.0], [3203.75, 6129.0], [3203.5, 20532.0], [3202.5, 7228.0], [3202.25, 36844.0], [3202.0, 39764.0], [3201.25, 20202.0], [3200.5, 40000.0], [3199.0, 11754.0], [3196.5, 39754.0], [3194.25, 76114.0]], "asks": [[3210.5, 9936.0], [3210.75, 3352.0], [3211.0, 2727.0], [3211.25, 2727.0], [3211.5, 2913.0], [3211.75, 2727.0], [3212.0, 14016.0], [3212.25, 42544.0], [3213.25, 358.0], [3213.5, 1200.0], [3215.75, 2146.0], [3216.0, 7189.0], [3216.25, 299.0], [3216.5, 1000.0], [3220.0, 19700.0], [3220.75, 79462.0], [3221.5, 1000.0], [3225.25, 4756.0], [3226.25, 40308.0], [3226.5, 1189.0]]}}}
{"jsonrpc": "2.0", "method": "subscription", "params": {"channel": "book.ETH-23JAN26.none.20.100ms", "data": {"timestamp": 1768836703584, "change_id": 105375502401, "instrument_name": "ETH-23JAN26", "bids": [[3210.25, 2623.0], [3210.0, 10187.0], [3209.75, 2727.0], [3209.5, 5025.0], [3209.25, 9173.0], [3207.0, 2178.0], [3206.75, 7298.0], [3206.0, 544.0], [3203.75, 6129.0], [3203.5, 20532.0], [3202.5, 7228.0], [3202.25, 36844.0], [3202.0, 39764.0], [3201.25, 20202.0], [3200.5, 40000.0], [3199.0, 11754.0], [3196.5, 39754.0], [3194.25, 76114.0], [3194.0, 99924.0], [3190.75, 40000.0]], "asks": [[3210.5, 9936.0], [3210.75, 2727.0], [3211.0, 2727.0], [3211.25, 3352.0], [3211.5, 2913.0], [3211.75, 2727.0], [3212.0, 14016.0], [3212.25, 42544.0], [3213.25, 358.0], [3213.5, 1200.0], [3215.75, 2146.0], [3216.0, 7189.0], [3216.25, 299.0], [3216.5, 1000.0], [3220.0, 19700.0], [3220.75, 79462.0], [3221.5, 1000.0], [3225.25, 4756.0], [3226.25, 40308.0], [3226.5, 1189.0]]}}}
{"jsonrpc": "2.0", "method": "subscription", "params": {"channel": "book.ETH-23JAN26.none.20.100ms", "data": {"timestamp": 1768836704231, "change_id": 105375502652, "instrument_name": "ETH-23JAN26", "bids": [[3210.25, 2347.0], [3210.0, 10187.0], [3209.75, 2727.0], [3209.5, 5025.0], [3209.25, 9173.0], [3207.0, 2178.0], [3206.75, 7298.0], [3206.0, 544.0], [3203.75, 6129.0], [3203.5, 20532.0], [3202.5, 7228.0], [3202.25, 36844.0], [3202.0, 39764.0], [3201.25, 20202.0], [3200.5, 40000.0], [3199.0, 11754.0], [3196.5, 39754.0], [3194.25, 76114.0], [3194.0, 99924.0], [3190.75, 40000.0]], "asks": [[3210.5, 4101.0], [3210.75, 8562.0], [3211.0, 2727.0], [3211.25, 3352.0], [3211.5, 2913.0], [3211.75, 2727.0], [3212.0, 14016.0], [3212.25, 42544.0], [3213.25, 358.0], [3213.5, 1200.0], [3215.75, 2146.0], [3216.0, 7189.0], [3216.25, 299.0], [3216.5, 1000.0], [3220.0, 19700.0], [3220.75, 79462.0], [3221.5, 1000.0], [3225.25, 4756.0], [3226.25, 40308.0], [3226.5, 1189.0]]}}}
{"jsonrpc": "2.0", "method": "subscription", "params": {"channel": "book.ETH-23JAN26.none.20.100ms", "data": {"timestamp": 1768836704555, "change_id": 105375503329, "instrument_name": "ETH-23JAN26", "bids": [[3210.25, 2327.0], [3210.0, 6013.0], [3209.75, 8562.0], [3209.5, 5025.0], [3209.25, 9173.0], [3207.0, 2178.0], [3206.75, 7298.0], [3206.0, 544.0], [3203.75, 6129.0], [3203.5, 20532.0], [3202.5, 7228.0], [3202.25, 36844.0], [3202.0, 39764.0], [3201.25, 20202.0], [3200.5, 40000.0], [3199.0, 11754.0], [3196.5, 39754.0], [3194.25, 76114.0], [3194.0, 99924.0], [3190.75, 40000.0]], "asks": [[3210.5, 9936.0], [3210.75, 2727.0], [3211.0, 2727.0], [3211.25, 3352.0], [3211.5, 2913.0], [3211.75, 2727.0], [3212.0, 14016.0], [3212.25, 42544.0], [3213.25, 358.0], [3213.5, 1200.0], [3215.75, 2146.0], [3216.0, 7189.0], [3216.25, 299.0], [3216.5, 1000.0], [3220.0, 19700.0], [3220.75, 79462.0], [3221.5, 1000.0], [3225.25, 4756.0], [3226.25, 40308.0], [3226.5, 1189.0]]}}}
{"jsonrpc": "2.0", "method": "subscription", "params": {"channel": "book.ETH-23JAN26.none.20.100ms", "data": {"timestamp": 1768836704922, "change_id": 105375503512, "instrument_name": "ETH-23JAN26", "bids": [[3210.25, 2336.0], [3210.0, 6013.0], [3209.75, 8562.0], [3209.5, 5025.0], [3209.25, 9173.0], [3207.0, 2178.0], [3206.75, 7298.0], [3206.0, 544.0], [3203.75, 6129.0], [3203.5, 20532.0], [3202.5, 7228.0], [3202.25, 36844.0], [3202.0, 39764.0], [3201.25, 20202.0], [3200.5, 40000.0], [3199.0, 11754.0], [3196.5, 39754.0], [3194.25, 76114.0], [3194.0, 99924.0], [3190.75, 40000.0]], "asks": [[3210.5, 1432.0], [3210.75, 2727.0], [3211.0, 3352.0], [3211.25, 2727.0], [3211.5, 2913.0], [3211.75, 2727.0], [3212.0, 14016.0], [3212.25, 42544.0], [3213.25, 358.0], [3213.5, 1200.0], [3215.75, 2146.0], [3216.0, 7189.0], [3216.25, 299.0], [3216.5, 1000.0], [3220.0, 19700.0], [3220.75, 79462.0], [3221.5, 1000.0], [3225.25, 4756.0], [3226.25, 40308.0], [3226.5, 1189.0]]}}}
{"jsonrpc": "2.0", "method": "subscription", "params": {"channel": "book.ETH-23JAN26.none.20.100ms", "data": {"timestamp": 1768836705114, "change_id": 105375503621, "instrument_name": "ETH-23JAN26", "bids": [[3210.25, 2725.0], [3210.0, 9562.0], [3209.75, 2727.0], [3209.5, 5025.0], [3209.25, 9173.0], [3207.0, 2178.0], [3206.75, 7298.0], [3206.0, 544.0], [3203.75, 6129.0], [3203.5, 20532.0], [3202.5, 7228.0], [3202.25, 36844.0], [3202.0, 39764.0], [3201.25, 20202.0], [3200.5, 40000.0], [3199.0, 11754.0], [3196.5, 39754.0], [3194.25, 76114.0], [3194.0, 99924.0], [3190.75, 40000.0]], "asks": [[3210.5, 1432.0], [3210.75, 8562.0], [3211.0, 3352.0], [3211.25, 2727.0], [3211.5, 2913.0], [3211.75, 2727.0], [3212.0, 14016.0], [3212.25, 42544.0], [3213.25, 358.0], [3213.5, 1200.0], [3215.75, 2146.0], [3216.0, 7189.0], [3216.25, 299.0], [3216.5, 1000.0], [3220.0, 19700.0], [3220.75, 79462.0], [3221.5, 1000.0], [3225.25, 4756.0], [3226.25, 40308.0], [3226.5, 1189.0]]}}}
{"jsonrpc": "2.0", "method": "subscription", "params": {"channel": "book.ETH-23JAN26.none.20.100ms", "data": {"timestamp": 1768836705506, "change_id": 105375504350, "instrument_name": "ETH-23JAN26", "bids": [[3210.25, 8560.0], [3210.0, 3727.0], [3209.75, 2727.0], [3209.5, 5025.0], [3209.25, 9173.0], [3207.0, 2178.0], [3206.75, 7298.0], [3206.0, 544.0], [3203.75, 6129.0], [3203.5, 20532.0], [3202.5, 7228.0], [3202.25, 36844.0], [3202.0, 39764.0], [3201.25, 20202.0], [3200.5, 40000.0], [3199.0, 11754.0], [3196.5, 39754.0], [3194.25, 76114.0], [3194.0, 99924.0], [3190.75, 40000.0]], "asks": [[3210.5, 1828.0], [3210.75, 8562.0], [3211.0, 2727.0], [3211.25, 2727.0], [3211.5, 3538.0], [3211.75, 2727.0], [3212.0, 14016.0], [3212.25, 42544.0], [3213.25, 358.0], [3213.5, 1200.0], [3215.75, 2146.0], [3216.0, 7189.0], [3216.25, 299.0], [3216.5, 1000.0], [3220.0, 19700.0], [3220.75, 79462.0], [3221.5, 1000.0], [3225.25, 4756.0], [3226.25, 40308.0], [3226.5, 1189.0]]}}}
{"jsonrpc": "2.0", "method": "subscription", "params": {"channel": "book.ETH-23JAN26.none.20.100ms", "data": {"timestamp": 1768836706102, "change_id": 105375504599, "instrument_name": "ETH-23JAN26", "bids": [[3210.25, 2725.0], [3210.0, 9562.0], [3209.75, 2727.0], [3209.5, 5025.0], [3209.25, 9173.0], [3207.0, 2178.0], [3206.75, 7298.0], [3206.0, 544.0], [3204.25, 6129.0], [3204.0, 20532.0], [3202.5, 7228.0], [3202.25, 36844.0], [3202.0, 39764.0], [3201.25, 20202.0], [3200.5, 40000.0], [3199.0, 11754.0], [3196.5, 39754.0], [3194.25, 76114.0], [3194.0, 99924.0], [3190.75, 40000.0]], "asks": [[3210.5, 1432.0], [3210.75, 8562.0], [3211.0, 2727.0], [3211.25, 3352.0], [3211.5, 2913.0], [3211.75, 2727.0], [3212.0, 14016.0], [3212.25, 42544.0], [3213.25, 358.0], [3213.5, 1200.0], [3215.75, 2146.0], [3216.0, 7189.0], [3216.25, 299.0], [3216.5, 1000.0], [3220.0, 19700.0], [3220.75, 79462.0], [3221.5, 1000.0], [3225.25, 4756.0], [3226.25, 40308.0], [3226.5, 1189.0]]}}}
{"jsonrpc": "2.0", "method": "subscription", "params": {"channel": "book.ETH-23JAN26.none.20.100ms", "data": {"timestamp": 1768836706437, "change_id": 105375505233, "instrument_name": "ETH-23JAN26", "bids": [[3210.25, 2725.0], [3210.0, 9562.0], [3209.75, 2727.0], [3209.5, 5025.0], [3209.25, 9173.0], [3207.0, 2178.0], [3206.75, 7298.0], [3206.0, 544.0], [3204.25, 6129.0], [3204.0, 20532.0], [3202.5, 7228.0], [3202.25, 36844.0], [3202.0, 39764.0], [3201.25, 20202.0], [3200.5, 40000.0], [3199.0, 11754.0], [3196.5, 39754.0], [3194.25, 76114.0], [3194.0, 99924.0], [3190.75, 40000.0]], "asks": [[3210.5, 1432.0], [3210.75, 8562.0], [3211.0, 2727.0], [3211.25, 3352.0], [3211.5, 2913.0], [3211.75, 2727.0], [3212.0, 14016.0], [3212.25, 42544.0], [3213.25, 358.0], [3213.5, 1200.0], [3215.75, 2146.0], [3216.0, 7189.0], [3216.25, 299.0], [3216.5, 1000.0], [3220.0, 19700.0], [3220.75, 79462.0], [3221.5, 1000.0], [3225.25, 4756.0], [3226.25, 40308.0], [3226.5, 1189.0]]}}}
{"jsonrpc": "2.0", "method": "subscription", "params": {"channel": "book.ETH-23JAN26.none.20.100ms", "data": {"timestamp": 1768836707128, "change_id": 105375505595, "instrument_name": "ETH-23JAN26", "bids": [[3210.25, 2725.0], [3210.0, 9562.0], [3209.75, 2727.0], [3209.5, 5025.0], [3209.25, 9173.0], [3207.0, 2178.0], [3206.75, 7298.0], [3206.0, 544.0], [3204.25, 6129.0], [3204.0, 20532.0], [3202.5, 7228.0], [3202.25, 36844.0], [3202.0, 39764.0], [3201.25, 20202.0], [3200.5, 40000.0], [3199.0, 11754.0], [3196.5, 39754.0], [3194.25, 76114.0], [3194.0, 99924.0], [3190.75, 40000.0]], "asks": [[3210.5, 1200.0], [3210.75, 8562.0], [3211.0, 2727.0], [3211.25, 3352.0], [3211.5, 2913.0], [3211.75, 2727.0], [3212.0, 14016.0], [3212.25, 42544.0], [3213.25, 358.0], [3213.5, 1200.0], [3216.25, 299.0], [3216.5, 1000.0], [3218.0, 7011.0], [3220.0, 19700.0], [3220.75, 79462.0], [3221.5, 1000.0], [3225.25, 4756.0], [3226.25, 40308.0], [3226.5, 1189.0], [3226.75, 58488.0]]}}}
{"jsonrpc": "2.0", "method": "subscription", "params": {"channel": "book.ETH-23JAN26.none.20.100ms", "data": {"timestamp": 1768836707540, "change_id": 105375506331, "instrument_name": "ETH-23JAN26", "bids": [[3210.25, 2935.0], [3210.0, 9562.0], [3209.75, 2727.0], [3209.5, 5025.0], [3209.25, 9173.0], [3207.0, 2178.0], [3206.75, 7298.0], [3206.0, 544.0], [3204.5, 20532.0], [3202.5, 7228.0], [3202.25, 36844.0], [3202.0, 39764.0], [3201.25, 20202.0], [3200.5, 40000.0], [3199.0, 11754.0], [3196.5, 39754.0], [3194.25, 76114.0], [3194.0, 99924.0], [3190.75, 40000.0], [3189.0, 39608.0]], "asks": [[3210.5, 3300.0], [3210.75, 8562.0], [3211.0, 2727.0], [3211.25, 3352.0], [3211.5, 2913.0], [3211.75, 2727.0], [3212.0, 14016.0], [3212.25, 42544.0], [3213.25, 358.0], [3213.5, 1200.0], [3214.75, 7297.0], [3216.25, 299.0], [3216.5, 1000.0], [3220.0, 19700.0], [3220.75, 79462.0], [3221.5, 1000.0], [3225.25, 4756.0], [3226.25, 40308.0], [3226.5, 1189.0], [3226.75, 58488.0]]}}}
{"jsonrpc": "2.0", "method": "subscription", "params": {"channel": "book.ETH-23JAN26.none.20.100ms", "data": {"timestamp": 1768836707591, "change_id": 105375506340, "instrument_name": "ETH-23JAN26", "bids": [[3210.25, 2725.0], [3210.0, 9562.0], [3209.75, 2727.0], [3209.5, 5025.0], [3209.25, 9173.0], [3207.0, 2178.0], [3206.75, 7298.0], [3206.0, 544.0], [3204.5, 20532.0], [3202.5, 7228.0], [3202.25, 36844.0], [3202.0, 39764.0], [3201.25, 20202.0], [3200.5, 40000.0], [3199.0, 11754.0], [3196.5, 39754.0], [3194.25, 76114.0], [3194.0, 99924.0], [3190.75, 40000.0], [3189.0, 39608.0]], "asks": [[3210.5, 1200.0], [3210.75, 8562.0], [3211.0, 2727.0], [3211.25, 3352.0], [3211.5, 2913.0], [3211.75, 2727.0], [3212.0, 14016.0], [3212.25, 42544.0], [3213.25, 358.0], [3213.5, 1200.0], [3214.75, 7297.0], [3216.25, 299.0], [3216.5, 1000.0], [3220.0, 19700.0], [3220.75, 79462.0], [3221.5, 1000.0], [3225.25, 4756.0], [3226.25, 40308.0], [3226.5, 1189.0], [3226.75, 58488.0]]}}}
{"jsonrpc": "2.0", "method": "subscription", "params": {"channel": "book.ETH-23JAN26.none.20.100ms", "data": {"timestamp": 1768836708054, "change_id": 105375506539, "instrument_name": "ETH-23JAN26", "bids": [[3210.25, 8560.0], [3210.0, 3727.0], [3209.75, 2727.0], [3209.5, 5025.0], [3209.25, 9173.0], [3207.0, 2178.0], [3206.75, 7298.0], [3206.0, 544.0], [3204.75, 6129.0], [3204.5, 20532.0], [3202.5, 7228.0], [3202.25, 36844.0], [3202.0, 39764.0], [3201.25, 20202.0], [3200.5, 40000.0], [3199.0, 11754.0], [3196.5, 39754.0], [3194.25, 76114.0], [3194.0, 99924.0], [3190.75, 40000.0]], "asks": [[3210.5, 1432.0], [3210.75, 2288.0], [3211.0, 8562.0], [3211.25, 3352.0], [3211.5, 2913.0], [3211.75, 2727.0], [3212.0, 14016.0], [3212.25, 42544.0], [3213.25, 358.0], [3213.5, 1200.0], [3214.75, 7297.0], [3216.25, 299.0], [3216.5, 1000.0], [3220.0, 19700.0], [3220.75, 79462.0], [3221.5, 1000.0], [3225.25, 4756.0], [3226.25, 40308.0], [3226.5, 1189.0], [3226.75, 58488.0]]}}}
{"jsonrpc": "2.0", "method": "subscription", "params": {"channel": "book.ETH-23JAN26.none.20.100ms", "data": {"timestamp": 1768836708320, "change_id": 105375506829, "instrument_name": "ETH-23JAN26", "bids": [[3210.25, 8560.0], [3210.0, 3727.0], [3209.75, 2727.0], [3209.5, 5025.0], [3209.25, 9173.0], [3207.0, 2178.0], [3206.75, 7298.0], [3206.0, 544.0], [3204.75, 6129.0], [3204.5, 20532.0], [3202.5, 7228.0], [3202.25, 36844.0], [3202.0, 39764.0], [3201.25, 20202.0], [3200.5, 40000.0], [3199.0, 11754.0], [3196.5, 39754.0], [3194.25, 76114.0], [3194.0, 99924.0], [3190.75, 40000.0]], "asks": [[3210.5, 1432.0], [3210.75, 6462.0], [3211.0, 2727.0], [3211.25, 3352.0], [3211.5, 2913.0], [3211.75, 2727.0], [3212.0, 14016.0], [3212.25, 42544.0], [3213.25, 358.0], [3213.5, 1200.0], [3214.75, 7297.0], [3216.25, 299.0], [3216.5, 1000.0], [3220.0, 19700.0], [3220.75, 79462.0], [3221.5, 1000.0], [3225.25, 4756.0], [3226.25, 40308.0], [3226.5, 1189.0], [3226.75, 58488.0]]}}}
{"jsonrpc": "2.0", "method": "subscription", "params": {"channel": "book.ETH-23JAN26.none.20.100ms", "data": {"timestamp": 1768836708589, "change_id": 105375507273, "instrument_name": "ETH-23JAN26", "bids": [[3210.25, 2725.0], [3210.0, 9562.0], [3209.75, 2727.0], [3209.5, 5025.0], [3209.25, 9173.0], [3207.0, 2178.0], [3206.75, 7298.0], [3206.0, 544.0], [3204.75, 6129.0], [3204.5, 20532.0], [3202.5, 7228.0], [3202.25, 36844.0], [3202.0, 39764.0], [3201.25, 20202.0], [3200.5, 40000.0], [3199.0, 11754.0], [3196.5, 39754.0], [3194.25, 76114.0], [3194.0, 99924.0], [3190.75, 40000.0]], "asks": [[3210.5, 1200.0], [3210.75, 6462.0], [3211.0, 2727.0], [3211.25, 3352.0], [3211.5, 2913.0], [3211.75, 2727.0], [3212.0, 14016.0], [3212.25, 42544.0], [3213.25, 358.0], [3213.5, 1200.0], [3214.75, 7297.0], [3216.25, 299.0], [3216.5, 1000.0], [3220.0, 19700.0], [3220.75, 79462.0], [3221.5, 1000.0], [3225.25, 4756.0], [3226.25, 40308.0], [3226.5, 1189.0], [3226.75, 58488.0]]}}}
{"jsonrpc": "2.0", "method": "subscription", "params": {"channel": "book.ETH-23JAN26.none.20.100ms", "data": {"timestamp": 1768836709518, "change_id": 105375508145, "instrument_name": "ETH-23JAN26", "bids": [[3210.25, 2952.0], [3210.0, 9562.0], [3209.75, 2727.0], [3209.5, 5025.0], [3209.25, 9173.0], [3207.0, 2178.0], [3206.75, 7298.0], [3206.0, 544.0], [3204.75, 6129.0], [3204.5, 20532.0], [3202.5, 7228.0], [3202.25, 36844.0], [3202.0, 39764.0], [3201.25, 20202.0], [3200.5, 40000.0], [3199.0, 11754.0], [3196.5, 39754.0], [3194.25, 76114.0], [3194.0, 99924.0], [3190.75, 40000.0]], "asks": [[3210.5, 3300.0], [3210.75, 6462.0], [3211.0, 2727.0], [3211.25, 3352.0], [3211.5, 2913.0], [3211.75, 2727.0], [3212.0, 14016.0], [3212.25, 42544.0], [3214.5, 2178.0], [3214.75, 7297.0], [3216.25, 299.0], [3216.5, 1000.0], [3220.0, 19700.0], [3220.75, 79462.0], [3221.5, 1000.0], [3225.25, 4756.0], [3226.25, 40308.0], [3226.5, 1189.0], [3226.75, 58488.0], [3228.25, 59027.0]]}}}
{"jsonrpc": "2.0", "method": "subscription", "params": {"channel": "book.ETH-23JAN26.none.20.100ms", "data": {"timestamp": 1768836710242, "change_id": 105375508356, "instrument_name": "ETH-23JAN26", "bids": [[3210.25, 2725.0], [3210.0, 9562.0], [3209.75, 2727.0], [3209.5, 5025.0], [3209.25, 9173.0], [3207.0, 2178.0], [3206.75, 7298.0], [3206.0, 544.0], [3204.75, 6129.0], [3204.5, 20532.0], [3202.5, 7228.0], [3202.25, 36844.0], [3202.0, 39764.0], [3201.25, 20202.0], [3200.5, 40000.0], [3199.0, 11754.0], [3196.5, 39754.0], [3194.25, 76114.0], [3194.0, 99924.0], [3190.75, 40000.0]], "asks": [[3210.5, 1200.0], [3210.75, 6462.0], [3211.0, 2727.0], [3211.25, 3352.0], [3211.5, 2913.0], [3211.75, 2727.0], [3212.0, 14016.0], [3212.25, 42544.0], [3214.5, 2178.0], [3214.75, 7297.0], [3216.25, 299.0], [3216.5, 1000.0], [3220.0, 19700.0], [3220.75, 79462.0], [3221.5, 1000.0], [3225.25, 4756.0], [3226.25, 40308.0], [3226.5, 1189.0], [3226.75, 58488.0], [3228.25, 59027.0]]}}}
{"jsonrpc": "2.0", "method": "subscription", "params": {"channel": "book.ETH-23JAN26.none.20.100ms", "data": {"timestamp": 1768836712094, "change_id": 105375509929, "instrument_name": "ETH-23JAN26", "bids": [[3210.25, 2725.0], [3210.0, 9562.0], [3209.75, 2727.0], [3209.5, 5025.0], [3209.25, 9173.0], [3207.0, 2178.0], [3206.75, 7298.0], [3206.0, 544.0], [3203.0, 6129.0], [3202.75, 20532.0], [3202.5, 7228.0], [3202.25, 36844.0], [3202.0, 39764.0], [3201.25, 20202.0], [3200.5, 40000.0], [3199.0, 11754.0], [3196.5, 39754.0], [3194.25, 76114.0], [3194.0, 99924.0], [3190.75, 40000.0]], "asks": [[3210.5, 1200.0], [3210.75, 6462.0], [3211.0, 2727.0], [3211.25, 3352.0], [3211.5, 2913.0], [3211.75, 2727.0], [3212.0, 14016.0], [3212.25, 42544.0], [3214.5, 2178.0], [3214.75, 7297.0], [3216.25, 299.0], [3216.5, 1000.0], [3220.0, 19700.0], [3220.75, 79462.0], [3221.5, 1000.0], [3225.25, 4756.0], [3226.25, 40308.0], [3226.5, 1189.0], [3226.75, 58488.0], [3228.25, 59027.0]]}}}
{"jsonrpc": "2.0", "method": "subscription", "params": {"channel": "book.ETH-23JAN26.none.20.100ms", "data": {"timestamp": 1768836712457, "change_id": 105375511056, "instrument_name": "ETH-23JAN26", "bids": [[3210.25, 8560.0], [3210.0, 3727.0], [3209.75, 2727.0], [3209.5, 5025.0], [3209.25, 9173.0], [3208.75, 2160.0], [3208.5, 7237.0], [3206.0, 544.0], [3203.0, 6129.0], [3202.75, 20532.0], [3202.5, 7228.0], [3202.25, 36844.0], [3202.0, 39764.0], [3201.25, 20202.0], [3200.5, 40000.0], [3199.0, 11754.0], [3196.5, 39754.0], [3194.25, 76114.0], [3194.0, 99924.0], [3190.75, 40000.0]], "asks": [[3210.5, 1200.0], [3211.0, 4225.0], [3211.25, 8562.0], [3211.5, 2913.0], [3211.75, 2727.0], [3212.0, 14016.0], [3212.25, 42544.0], [3215.25, 2081.0], [3215.5, 6970.0], [3216.25, 299.0], [3216.5, 1000.0], [3220.0, 19700.0], [3220.75, 79462.0], [3221.5, 1000.0], [3225.25, 4756.0], [3226.25, 40308.0], [3226.5, 1189.0], [3226.75, 58488.0], [3228.25, 59027.0], [3231.5, 40000.0]]}}}
{"jsonrpc": "2.0", "method": "subscription", "params": {"channel": "book.ETH-23JAN26.none.20.100ms", "data": {"timestamp": 1768836712698, "change_id": 105375511449, "instrument_name": "ETH-23JAN26", "bids": [[3210.25, 8560.0], [3210.0, 3727.0], [3209.75, 2727.0], [3209.5, 5025.0], [3209.25, 9173.0], [3208.75, 2160.0], [3208.5, 7237.0], [3206.0, 544.0], [3203.25, 20532.0], [3202.5, 7228.0], [3202.25, 36844.0], [3202.0, 39764.0], [3201.25, 20202.0], [3200.5, 40000.0], [3199.0, 11754.0], [3196.5, 39754.0], [3194.25, 76114.0], [3194.0, 99924.0], [3190.75, 40000.0], [3189.0, 39608.0]], "asks": [[3210.5, 1200.0], [3210.75, 627.0], [3211.0, 8562.0], [3211.25, 2727.0], [3211.5, 2913.0], [3211.75, 3352.0], [3212.0, 14016.0], [3212.25, 42544.0], [3215.25, 2081.0], [3215.5, 6970.0], [3216.25, 299.0], [3216.5, 1000.0], [3220.0, 19700.0], [3220.75, 79462.0], [3221.5, 1000.0], [3225.25, 4756.0], [3226.25, 40308.0], [3226.5, 1189.0], [3226.75, 58488.0], [3228.25, 59027.0]]}}}
{"jsonrpc": "2.0", "method": "subscription", "params": {"channel": "book.ETH-23JAN26.none.20.100ms", "data": {"timestamp": 1768836712925, "change_id": 105375511499, "instrument_name": "ETH-23JAN26", "bids": [[3210.25, 8560.0], [3210.0, 3727.0], [3209.75, 2727.0], [3209.5, 5025.0], [3209.25, 9173.0], [3208.75, 2160.0], [3208.5, 7237.0], [3206.0, 544.0], [3203.25, 20532.0], [3202.5, 7228.0], [3202.25, 36844.0], [3202.0, 39764.0], [3201.25, 20202.0], [3200.5, 40000.0], [3199.0, 11754.0], [3196.5, 39754.0], [3194.25, 76114.0], [3194.0, 99924.0], [3190.75, 40000.0], [3189.0, 39608.0]], "asks": [[3210.5, 1200.0], [3210.75, 627.0], [3211.0, 8562.0], [3211.25, 2727.0], [3211.5, 3538.0], [3211.75, 2727.0], [3212.0, 14016.0], [3212.25, 42544.0], [3215.25, 2081.0], [3215.5, 6970.0], [3216.25, 299.0], [3216.5, 1000.0], [3220.0, 19700.0], [3220.75, 79462.0], [3221.5, 1000.0], [3225.25, 4756.0], [3226.25, 40308.0], [3226.5, 1189.0], [3226.75, 58488.0], [3228.25, 59027.0]]}}}
{"jsonrpc": "2.0", "method": "subscription", "params": {"channel": "book.ETH-23JAN26.none.20.100ms", "data": {"timestamp": 1768836713527, "change_id": 105375512441, "instrument_name": "ETH-23JAN26", "bids": [[3210.25, 2941.0], [3210.0, 9562.0], [3209.75, 2727.0], [3209.5, 5025.0], [3209.25, 9173.0], [3208.75, 2160.0], [3208.5, 7237.0], [3206.0, 544.0], [3203.5, 6129.0], [3203.25, 20532.0], [3202.5, 7228.0], [3202.25, 36844.0], [3202.0, 39764.0], [3201.25, 20202.0], [3200.5, 40000.0], [3199.0, 11754.0], [3196.5, 39754.0], [3194.25, 76114.0], [3194.0, 99924.0], [3190.75, 40000.0]], "asks": [[3210.5, 3300.0], [3210.75, 6462.0], [3211.0, 2727.0], [3211.25, 2727.0], [3211.5, 3538.0], [3211.75, 2727.0], [3212.0, 14016.0], [3212.25, 42544.0], [3215.25, 2081.0], [3215.5, 6970.0], [3216.25, 299.0], [3216.5, 1000.0], [3220.0, 19700.0], [3220.75, 79462.0], [3221.5, 1000.0], [3225.25, 4756.0], [3226.25, 40308.0], [3226.5, 1189.0], [3226.75, 58488.0], [3228.25, 59027.0]]}}}
{"jsonrpc": "2.0", "method": "subscription", "params": {"channel": "book.ETH-23JAN26.none.20.100ms", "data": {"timestamp": 1768836713564, "change_id": 105375512506, "instrument_name": "ETH-23JAN26", "bids": [[3210.25, 2725.0], [3210.0, 9562.0], [3209.75, 2727.0], [3209.5, 5025.0], [3209.25, 9173.0], [3208.75, 2160.0], [3208.5, 7237.0], [3206.0, 544.0], [3203.5, 6129.0], [3203.25, 20532.0], [3202.5, 7228.0], [3202.25, 36844.0], [3202.0, 39764.0], [3201.25, 20202.0], [3200.5, 40000.0], [3199.0, 11754.0], [3196.5, 39754.0], [3194.25, 76114.0], [3194.0, 99924.0], [3190.75, 40000.0]], "asks": [[3210.5, 1200.0], [3210.75, 6462.0], [3211.0, 2727.0], [3211.25, 3352.0], [3211.5, 2913.0], [3211.75, 2727.0], [3212.0, 14016.0], [3212.25, 42544.0], [3215.25, 2081.0], [3215.5, 6970.0], [3216.25, 299.0], [3216.5, 1000.0], [3220.0, 19700.0], [3220.75, 79462.0], [3221.5, 1000.0], [3225.25, 4756.0], [3226.25, 40308.0], [3226.5, 1189.0], [3226.75, 58488.0], [3228.25, 59027.0]]}}}
{"jsonrpc": "2.0", "method": "subscription", "params": {"channel": "book.ETH-23JAN26.none.20.100ms", "data": {"timestamp": 1768836714199, "change_id": 105375512806, "instrument_name": "ETH-23JAN26", "bids": [[3210.25, 2725.0], [3210.0, 9562.0], [3209.75, 2727.0], [3209.5, 5025.0], [3209.25, 9173.0], [3207.5, 2055.0], [3207.25, 6883.0], [3206.0, 544.0], [3203.5, 6129.0], [3203.25, 20532.0], [3202.5, 7228.0], [3202.25, 36844.0], [3202.0, 39764.0], [3201.25, 20202.0], [3200.5, 40000.0], [3199.0, 11754.0], [3196.5, 39754.0], [3194.25, 76114.0], [3194.0, 99924.0], [3190.75, 40000.0]], "asks": [[3210.5, 1200.0], [3210.75, 6462.0], [3211.0, 2727.0], [3211.25, 3352.0], [3211.5, 2913.0], [3211.75, 2727.0], [3212.0, 14016.0], [3212.25, 42544.0], [3215.25, 2081.0], [3215.5, 6970.0], [3216.25, 299.0], [3216.5, 1000.0], [3220.0, 19700.0], [3220.75, 79462.0], [3221.5, 1000.0], [3225.25, 4756.0], [3226.25, 40308.0], [3226.5, 1189.0], [3226.75, 58488.0], [3228.25, 59027.0]]}}}
{"jsonrpc": "2.0", "method": "subscription", "params": {"channel": "book.ETH-23JAN26.none.20.100ms", "data": {"timestamp": 1768836714461, "change_id": 105375513403, "instrument_name": "ETH-23JAN26", "bids": [[3210.25, 2725.0], [3210.0, 9562.0], [3209.75, 2727.0], [3209.5, 5025.0], [3209.25, 9173.0], [3207.5, 2055.0], [3207.25, 6883.0], [3206.0, 544.0], [3205.0, 355.0], [3204.75, 1189.0], [3203.5, 6129.0], [3203.25, 20532.0], [3202.5, 7228.0], [3202.25, 35655.0], [3202.0, 39764.0], [3201.25, 20202.0], [3200.5, 40000.0], [3199.0, 11754.0], [3196.5, 39754.0], [3194.25, 76114.0]], "asks": [[3210.5, 3300.0], [3210.75, 6462.0], [3211.0, 2727.0], [3211.25, 3352.0], [3211.5, 2913.0], [3211.75, 2727.0], [3212.0, 14016.0], [3212.25, 42544.0], [3215.25, 2081.0], [3215.5, 6970.0], [3216.25, 299.0], [3216.5, 1000.0], [3220.0, 19700.0], [3220.75, 79462.0], [3221.5, 1000.0], [3225.25, 4756.0], [3226.25, 40308.0], [3226.5, 1189.0], [3226.75, 58488.0], [3228.25, 59027.0]]}}}
{"jsonrpc": "2.0", "method": "subscription", "params": {"channel": "book.ETH-23JAN26.none.20.100ms", "data": {"timestamp": 1768836715690, "change_id": 105375514436, "instrument_name": "ETH-23JAN26", "bids": [[3210.25, 2725.0], [3210.0, 9562.0], [3209.75, 2727.0], [3209.5, 5025.0], [3209.25, 9173.0], [3207.5, 2055.0], [3207.25, 6883.0], [3206.0, 544.0], [3205.0, 1729.0], [3204.75, 5946.0], [3203.5, 6129.0], [3203.25, 20532.0], [3202.5, 7228.0], [3202.25, 30898.0], [3202.0, 39764.0], [3201.25, 20202.0], [3200.5, 40000.0], [3199.0, 11754.0], [3196.5, 39754.0], [3194.25, 76114.0]], "asks": [[3210.5, 3300.0], [3210.75, 6462.0], [3211.0, 2727.0], [3211.25, 3352.0], [3211.5, 2913.0], [3211.75, 2727.0], [3212.0, 14016.0], [3212.25, 42544.0], [3215.25, 2081.0], [3215.5, 6970.0], [3216.25, 299.0], [3216.5, 1000.0], [3220.0, 19700.0], [3220.75, 79462.0], [3221.5, 1000.0], [3225.25, 4756.0], [3226.25, 40308.0], [3226.5, 1189.0], [3226.75, 58488.0], [3228.25, 59027.0]]}}}
{"jsonrpc": "2.0", "method": "subscription", "params": {"channel": "book.ETH-23JAN26.none.20.100ms", "data": {"timestamp": 1768836718098, "change_id": 105375516147, "instrument_name": "ETH-23JAN26", "bids": [[3210.25, 2725.0], [3210.0, 9562.0], [3209.75, 2727.0], [3209.5, 5025.0], [3209.25, 9173.0], [3207.5, 2055.0], [3207.25, 6883.0], [3206.0, 544.0], [3205.5, 6129.0], [3205.25, 20532.0], [3205.0, 1729.0], [3204.75, 5946.0], [3202.5, 7228.0], [3202.25, 30898.0], [3202.0, 39764.0], [3201.25, 20202.0], [3200.5, 40000.0], [3199.0, 11754.0], [3196.5, 39754.0], [3194.25, 76114.0]], "asks": [[3210.5, 3300.0], [3210.75, 6462.0], [3211.0, 2727.0], [3211.25, 3352.0], [3211.5, 2913.0], [3211.75, 2727.0], [3212.0, 14016.0], [3212.25, 42544.0], [3215.25, 2081.0], [3215.5, 6970.0], [3216.25, 299.0], [3216.5, 1000.0], [3217.25, 19700.0], [3220.75, 79462.0], [3221.5, 1000.0], [3225.25, 4756.0], [3226.25, 40308.0], [3226.5, 1189.0], [3226.75, 58488.0], [3228.25, 59027.0]]}}}
{"jsonrpc": "2.0", "method": "subscription", "params": {"channel": "book.ETH-23JAN26.none.20.100ms", "data": {"timestamp": 1768836718829, "change_id": 105375516947, "instrument_name": "ETH-23JAN26", "bids": [[3210.25, 2959.0], [3210.0, 3727.0], [3209.75, 2727.0], [3209.5, 5025.0], [3209.25, 9173.0], [3207.5, 2055.0], [3207.25, 6883.0], [3206.0, 544.0], [3205.5, 6129.0], [3205.25, 20532.0], [3205.0, 1729.0], [3204.75, 5946.0], [3202.5, 7228.0], [3202.25, 30898.0], [3202.0, 39764.0], [3201.25, 20202.0], [3200.5, 40000.0], [3199.0, 11754.0], [3196.5, 39754.0], [3194.25, 76114.0]], "asks": [[3210.5, 9135.0], [3210.75, 627.0], [3211.0, 2727.0], [3211.25, 3352.0], [3211.5, 2913.0], [3211.75, 2727.0], [3212.0, 14016.0], [3212.25, 42544.0], [3215.25, 2081.0], [3215.5, 6970.0], [3216.25, 299.0], [3216.5, 1000.0], [3217.25, 19700.0], [3220.75, 79462.0], [3221.5, 1000.0], [3225.25, 4756.0], [3226.25, 40308.0], [3226.5, 1189.0], [3226.75, 58488.0], [3228.25, 59027.0]]}}}
{"jsonrpc": "2.0", "method": "subscription", "params": {"channel": "book.ETH-23JAN26.none.20.100ms", "data": {"timestamp": 1768836719113, "change_id": 105375517243, "instrument_name": "ETH-23JAN26", "bids": [[3210.25, 2306.0], [3210.0, 5575.0], [3209.75, 9187.0], [3209.5, 5025.0], [3209.25, 9173.0], [3207.5, 2055.0], [3207.25, 6883.0], [3206.0, 544.0], [3205.5, 6129.0], [3205.25, 20532.0], [3205.0, 1729.0], [3204.75, 5946.0], [3202.5, 7228.0], [3202.25, 30898.0], [3202.0, 39764.0], [3201.25, 20202.0], [3200.5, 40000.0], [3199.0, 11754.0], [3196.5, 39754.0], [3194.25, 76114.0]], "asks": [[3210.5, 9135.0], [3210.75, 4040.0], [3211.0, 14429.0], [3211.25, 2727.0], [3211.5, 2913.0], [3211.75, 2727.0], [3212.0, 14016.0], [3212.25, 42544.0], [3215.25, 2081.0], [3215.5, 6970.0], [3216.25, 299.0], [3216.5, 1000.0], [3217.25, 19700.0], [3220.75, 79462.0], [3221.5, 1000.0], [3225.25, 4756.0], [3226.25, 40308.0], [3226.5, 1189.0], [3226.75, 58488.0], [3228.25, 59027.0]]}}}
