{"jsonrpc": "2.0", "method": "subscription", "params": {"channel": "book.ETH-12DEC25.none.20.100ms", "data": {"timestamp": 1765399104400, "change_id": 100912820143, "instrument_name": "ETH-12DEC25", "bids": [[3402.25, 1250.0], [3402.0, 3766.0], [3401.75, 6478.0], [3401.5, 9675.0], [3400.5, 866.0], [3400.25, 2900.0], [3400.0, 13805.0], [3399.75, 50000.0], [3398.25, 2114.0], [3398.0, 7082.0], [3397.75, 2104.0], [3397.5, 7048.0], [3392.75, 11940.0], [3392.5, 40000.0], [3391.5, 12612.0], [3391.25, 90000.0], [3386.75, 25010.0], [3386.5, 1130.0], [3385.75, 4522.0], [3383.75, 18091.0]], "asks": [[3403.0, 7891.0], [3403.25, 3129.0], [3403.5, 229.0], [3403.75, 3630.0], [3404.0, 7974.0], [3404.75, 229.0], [3405.0, 1000.0], [3407.25, 7073.0], [3412.0, 40000.0], [3413.5, 24755.0], [3413.75, 180000.0], [3414.5, 500.0], [3416.5, 50292.0], [3418.0, 40000.0], [3419.25, 60.0], [3420.0, 20787.0], [3420.5, 60.0], [3421.25, 24920.0], [3421.5, 74162.0], [3421.75, 77127.0]]}}}
{"jsonrpc": "2.0", "method": "subscription", "params": {"channel": "book.ETH-12DEC25.none.20.100ms", "data": {"timestamp": 1765399104800, "change_id": 100912820467, "instrument_name": "ETH-12DEC25", "bids": [[3402.25, 1250.0], [3402.0, 3766.0], [3401.75, 6478.0], [3401.5, 9675.0], [3400.5, 866.0], [3400.25, 2900.0], [3400.0, 13805.0], [3399.75, 50000.0], [3398.25, 2114.0], [3398.0, 7082.0], [3397.75, 2104.0], [3397.5, 7048.0], [3392.75, 11940.0], [3392.5, 40000.0], [3391.5, 12612.0], [3391.25, 90000.0], [3386.5, 26140.0], [3385.75, 4522.0], [3383.75, 18091.0], [3383.5, 40000.0]], "asks": [[3403.0, 4991.0], [3403.5, 229.0], [3403.75, 3630.0], [3404.0, 7974.0], [3404.75, 229.0], [3405.0, 1000.0], [3407.0, 2111.0], [3407.25, 7073.0], [3409.25, 90000.0], [3412.0, 40000.0], [3413.5, 24755.0], [3413.75, 180000.0], [3414.5, 500.0], [3418.0, 40000.0], [3419.25, 60.0], [3420.0, 20787.0], [3420.5, 60.0], [3421.25, 24920.0], [3421.5, 74162.0], [3421.75, 77127.0]]}}}
{"jsonrpc": "2.0", "method": "subscription", "params": {"channel": "book.ETH-19DEC25.none.20.100ms", "data": {"timestamp": 1765399104850, "change_id": 100912820712, "instrument_name": "ETH-19DEC25", "bids": [[3404.0, 1250.0], [3403.75, 3460.0], [3403.5, 10944.0], [3403.25, 746.0], [3403.0, 3247.0], [3402.75, 3246.0], [3402.5, 3246.0], [3402.25, 3246.0], [3402.0, 3246.0], [3401.75, 5485.0], [3401.5, 10000.0], [3400.25, 7144.0], [3394.25, 40000.0], [3392.75, 1130.0], [3389.25, 6361.0], [3388.0, 6086.0], [3387.75, 4522.0], [3387.25, 36737.0], [3387.0, 16.0], [3386.75, 20967.0]], "asks": [[3404.5, 2500.0], [3404.75, 3247.0], [3405.0, 2873.0], [3405.25, 373.0], [3405.5, 3659.0], [3405.75, 8370.0], [3406.0, 1000.0], [3409.25, 7291.0], [3413.5, 40000.0], [3419.5, 6417.0], [3419.75, 40000.0], [3420.0, 18536.0], [3420.5, 20812.0], [3421.0, 38531.0], [3424.5, 100.0], [3425.5, 37287.0], [3426.0, 37830.0], [3426.25, 40000.0], [3435.5, 38262.0], [3435.75, 24375.0]]}}}
{"jsonrpc": "2.0", "method": "subscription", "params": {"channel": "book.ETH-12DEC25.none.20.100ms", "data": {"timestamp": 1765399104979, "change_id": 100912821408, "instrument_name": "ETH-12DEC25", "bids": [[3402.25, 4150.0], [3402.0, 3766.0], [3401.75, 6478.0], [3401.5, 9675.0], [3401.0, 866.0], [3400.75, 2900.0], [3400.5, 866.0], [3400.25, 2900.0], [3400.0, 13805.0], [3399.75, 50000.0], [3398.25, 2114.0], [3398.0, 7082.0], [3397.75, 2104.0], [3397.5, 7048.0], [3393.0, 1130.0], [3392.75, 11940.0], [3392.5, 40000.0], [3391.5, 12612.0], [3391.25, 90000.0], [3386.5, 25010.0]], "asks": [[3403.0, 7891.0], [3403.5, 229.0], [3403.75, 3630.0], [3404.0, 7974.0], [3404.75, 229.0], [3405.0, 1000.0], [3407.0, 2111.0], [3407.25, 7073.0], [3409.25, 90000.0], [3412.0, 40000.0], [3413.5, 24755.0], [3413.75, 180000.0], [3414.5, 500.0], [3418.0, 40000.0], [3419.25, 60.0], [3420.0, 20787.0], [3420.5, 60.0], [3421.25, 24920.0], [3421.5, 74162.0], [3421.75, 77127.0]]}}}
{"jsonrpc": "2.0", "method": "subscription", "params": {"channel": "book.ETH-19DEC25.none.20.100ms", "data": {"timestamp": 1765399104956, "change_id": 100912821278, "instrument_name": "ETH-19DEC25", "bids": [[3404.0, 1250.0], [3403.75, 3460.0], [3403.5, 10944.0], [3403.25, 746.0], [3403.0, 3247.0], [3402.75, 3246.0], [3402.5, 3246.0], [3402.25, 3246.0], [3402.0, 3246.0], [3401.75, 5485.0], [3401.5, 10000.0], [3400.25, 7144.0], [3394.25, 40000.0], [3392.75, 1130.0], [3389.25, 6361.0], [3388.0, 6086.0], [3387.75, 4522.0], [3387.25, 36737.0], [3387.0, 16.0], [3386.75, 20967.0]], "asks": [[3404.5, 3246.0], [3404.75, 3247.0], [3405.0, 2873.0], [3405.25, 373.0], [3405.5, 3659.0], [3405.75, 8370.0], [3406.0, 1000.0], [3409.25, 7291.0], [3413.5, 40000.0], [3419.5, 6417.0], [3419.75, 40000.0], [3420.0, 18536.0], [3420.5, 20812.0], [3421.0, 38531.0], [3424.5, 100.0], [3425.5, 37287.0], [3426.0, 37830.0], [3426.25, 40000.0], [3435.5, 38262.0], [3435.75, 24375.0]]}}}
{"jsonrpc": "2.0", "method": "subscription", "params": {"channel": "book.ETH-19DEC25.none.20.100ms", "data": {"timestamp": 1765399105445, "change_id": 100912822234, "instrument_name": "ETH-19DEC25", "bids": [[3404.0, 1250.0], [3403.75, 3460.0], [3403.5, 10944.0], [3403.25, 746.0], [3403.0, 3247.0], [3402.75, 3246.0], [3402.5, 3246.0], [3402.25, 3246.0], [3402.0, 3246.0], [3401.75, 5485.0], [3401.5, 10000.0], [3400.25, 7144.0], [3394.25, 40000.0], [3392.75, 1130.0], [3389.25, 6361.0], [3388.0, 6086.0], [3387.75, 4522.0], [3387.25, 36737.0], [3387.0, 16.0], [3386.75, 20967.0]], "asks": [[3404.5, 2500.0], [3404.75, 3247.0], [3405.0, 2873.0], [3405.25, 373.0], [3405.5, 3659.0], [3405.75, 8370.0], [3406.0, 1000.0], [3409.25, 7291.0], [3413.5, 40000.0], [3419.5, 6417.0], [3419.75, 40000.0], [3420.0, 18536.0], [3420.5, 20812.0], [3421.0, 38531.0], [3424.5, 100.0], [3425.5, 37287.0], [3426.0, 37830.0], [3426.25, 40000.0], [3435.5, 38262.0], [3435.75, 24375.0]]}}}
{"jsonrpc": "2.0", "method": "subscription", "params": {"channel": "book.ETH-12DEC25.none.20.100ms", "data": {"timestamp": 1765399105837, "change_id": 100912822713, "instrument_name": "ETH-12DEC25", "bids": [[3401.5, 1701.0], [3401.25, 7974.0], [3401.0, 866.0], [3400.75, 2900.0], [3400.5, 866.0], [3400.25, 2900.0], [3400.0, 13805.0], [3399.75, 50000.0], [3398.25, 2114.0], [3398.0, 7082.0], [3397.75, 2104.0], [3397.5, 7048.0], [3393.0, 1130.0], [3392.75, 11940.0], [3392.5, 40000.0], [3391.5, 12612.0], [3391.25, 90000.0], [3386.5, 25010.0], [3385.75, 4522.0], [3383.75, 18091.0]], "asks": [[3402.75, 5255.0], [3403.0, 7891.0], [3403.25, 2380.0], [3403.5, 8203.0], [3403.75, 1479.0], [3404.75, 229.0], [3405.0, 1000.0], [3407.0, 2111.0], [3407.25, 7073.0], [3409.25, 90000.0], [3412.0, 40000.0], [3413.5, 24755.0], [3413.75, 180000.0], [3414.5, 500.0], [3418.0, 40000.0], [3419.25, 60.0], [3420.0, 20787.0], [3420.5, 60.0], [3421.25, 24920.0], [3421.5, 74162.0]]}}}
{"jsonrpc": "2.0", "method": "subscription", "params": {"channel": "book.ETH-19DEC25.none.20.100ms", "data": {"timestamp": 1765399105841, "change_id": 100912822731, "instrument_name": "ETH-19DEC25", "bids": [[3403.25, 3060.0], [3403.0, 3247.0], [3402.75, 3246.0], [3402.5, 3246.0], [3402.25, 3246.0], [3402.0, 3246.0], [3401.75, 5485.0], [3401.5, 10000.0], [3400.25, 7144.0], [3394.25, 40000.0], [3392.75, 1130.0], [3389.25, 6361.0], [3388.0, 6086.0], [3387.75, 4522.0], [3387.25, 36737.0], [3387.0, 16.0], [3386.75, 20967.0], [3386.0, 16.0], [3385.5, 18091.0], [3385.25, 59096.0]], "asks": [[3404.25, 3246.0], [3404.5, 3246.0], [3404.75, 3247.0], [3405.0, 2873.0], [3405.25, 373.0], [3405.5, 3659.0], [3405.75, 8370.0], [3406.0, 1000.0], [3409.25, 7291.0], [3413.5, 40000.0], [3419.5, 6417.0], [3419.75, 40000.0], [3420.0, 18536.0], [3420.5, 20812.0], [3421.0, 38531.0], [3424.25, 100.0], [3425.5, 37287.0], [3426.0, 37830.0], [3426.25, 40000.0], [3435.5, 38262.0]]}}}
{"jsonrpc": "2.0", "method": "subscription", "params": {"channel": "book.ETH-19DEC25.none.20.100ms", "data": {"timestamp": 1765399106172, "change_id": 100912824404, "instrument_name": "ETH-19DEC25", "bids": [[3403.75, 2500.0], [3403.5, 2500.0], [3403.25, 2500.0], [3403.0, 3750.0], [3402.75, 10571.0], [3402.5, 2500.0], [3401.75, 2500.0], [3401.5, 10000.0], [3396.75, 7287.0], [3394.5, 1130.0], [3394.25, 40000.0], [3389.5, 6361.0], [3388.0, 16.0], [3387.75, 4522.0], [3387.25, 42807.0], [3387.0, 16.0], [3386.75, 20967.0], [3386.0, 16.0], [3385.5, 18091.0], [3385.25, 59096.0]], "asks": [[3404.25, 2500.0], [3404.5, 2500.0], [3404.75, 2500.0], [3405.0, 3750.0], [3405.5, 8071.0], [3406.0, 1000.0], [3409.25, 7291.0], [3413.5, 40000.0], [3419.5, 6417.0], [3419.75, 40000.0], [3420.0, 18536.0], [3420.5, 20812.0], [3421.0, 38531.0], [3424.25, 100.0], [3425.5, 37287.0], [3426.0, 37830.0], [3426.25, 40000.0], [3435.5, 38262.0], [3435.75, 24375.0], [3436.0, 1130.0]]}}}
{"jsonrpc": "2.0", "method": "subscription", "params": {"channel": "book.ETH-12DEC25.none.20.100ms", "data": {"timestamp": 1765399106177, "change_id": 100912824420, "instrument_name": "ETH-12DEC25", "bids": [[3402.0, 3129.0], [3401.75, 2900.0], [3401.5, 4601.0], [3401.25, 9224.0], [3400.25, 2900.0], [3400.0, 2900.0], [3399.75, 50000.0], [3397.75, 2104.0], [3397.5, 7048.0], [3394.75, 7059.0], [3393.0, 1130.0], [3392.75, 11940.0], [3392.5, 40000.0], [3391.25, 90000.0], [3390.75, 12612.0], [3385.75, 4522.0], [3383.75, 18091.0], [3383.5, 40000.0], [3382.75, 180000.0], [3382.5, 20967.0]], "asks": [[3402.75, 2900.0], [3403.5, 8771.0], [3403.75, 3129.0], [3404.0, 1000.0], [3407.25, 7073.0], [3409.25, 90000.0], [3412.0, 40000.0], [3413.5, 24755.0], [3413.75, 180000.0], [3414.5, 500.0], [3418.0, 40000.0], [3419.25, 60.0], [3420.0, 20787.0], [3420.5, 60.0], [3421.25, 24920.0], [3421.5, 74162.0], [3421.75, 77127.0], [3422.0, 60.0], [3422.25, 50292.0], [3422.75, 51070.0]]}}}
{"jsonrpc": "2.0", "method": "subscription", "params": {"channel": "book.ETH-12DEC25.none.20.100ms", "data": {"timestamp": 1765399106481, "change_id": 100912825407, "instrument_name": "ETH-12DEC25", "bids": [[3402.0, 5016.0], [3401.75, 4273.0], [3401.5, 7354.0], [3401.25, 7974.0], [3400.5, 866.0], [3400.25, 3766.0], [3400.0, 17825.0], [3399.75, 50000.0], [3399.0, 2120.0], [3398.75, 7101.0], [3397.5, 7048.0], [3393.0, 1130.0], [3392.5, 40000.0], [3391.25, 90000.0], [3391.0, 12612.0], [3385.75, 4522.0], [3383.75, 18091.0], [3383.5, 40000.0], [3382.75, 180000.0], [3382.5, 20967.0]], "asks": [[3403.25, 2900.0], [3403.5, 6708.0], [3403.75, 25120.0], [3404.0, 8974.0], [3407.0, 2111.0], [3407.25, 7073.0], [3409.25, 90000.0], [3412.0, 40000.0], [3413.5, 24755.0], [3413.75, 180000.0], [3414.5, 500.0], [3418.0, 40000.0], [3419.25, 60.0], [3420.0, 20787.0], [3420.5, 60.0], [3421.25, 24920.0], [3421.75, 77127.0], [3422.0, 60.0], [3422.25, 50292.0], [3422.75, 51070.0]]}}}
{"jsonrpc": "2.0", "method": "subscription", "params": {"channel": "book.ETH-19DEC25.none.20.100ms", "data": {"timestamp": 1765399106488, "change_id": 100912825422, "instrument_name": "ETH-19DEC25", "bids": [[3404.0, 1146.0], [3403.75, 3246.0], [3403.5, 5560.0], [3403.25, 11690.0], [3403.0, 3750.0], [3402.0, 746.0], [3401.75, 5485.0], [3401.5, 10000.0], [3400.75, 7265.0], [3394.5, 1130.0], [3394.25, 40000.0], [3389.75, 6361.0], [3388.0, 16.0], [3387.75, 4522.0], [3387.5, 6070.0], [3387.25, 36737.0], [3387.0, 16.0], [3386.75, 20967.0], [3386.0, 16.0], [3385.5, 18091.0]], "asks": [[3404.5, 3246.0], [3404.75, 3246.0], [3405.0, 2500.0], [3405.25, 2409.0], [3405.5, 8071.0], [3405.75, 299.0], [3406.0, 1000.0], [3409.25, 7291.0], [3413.5, 40000.0], [3419.5, 6417.0], [3419.75, 40000.0], [3420.0, 18536.0], [3420.5, 20812.0], [3421.0, 38531.0], [3424.25, 100.0], [3425.5, 37287.0], [3426.0, 37830.0], [3426.25, 40000.0], [3435.5, 38262.0], [3435.75, 24375.0]]}}}
{"jsonrpc": "2.0", "method": "subscription", "params": {"channel": "book.ETH-19DEC25.none.20.100ms", "data": {"timestamp": 1765399106840, "change_id": 100912826448, "instrument_name": "ETH-19DEC25", "bids": [[3403.0, 4627.0], [3402.75, 8071.0], [3402.0, 746.0], [3401.75, 5485.0], [3401.5, 10000.0], [3401.0, 2169.0], [3400.75, 7265.0], [3394.5, 1130.0], [3394.25, 40000.0], [3390.0, 6361.0], [3388.0, 16.0], [3387.75, 4522.0], [3387.25, 42807.0], [3387.0, 16.0], [3386.75, 20967.0], [3386.0, 16.0], [3385.5, 18091.0], [3385.25, 59096.0], [3385.0, 116.0], [3384.0, 100.0]], "asks": [[3403.75, 746.0], [3404.0, 2500.0], [3404.25, 746.0], [3404.5, 2500.0], [3404.75, 3155.0], [3405.0, 10571.0], [3405.25, 373.0], [3405.5, 1250.0], [3405.75, 299.0], [3406.0, 1000.0], [3409.25, 7291.0], [3413.5, 40000.0], [3419.5, 6417.0], [3419.75, 40000.0], [3420.0, 18536.0], [3420.5, 20812.0], [3421.0, 38531.0], [3424.5, 100.0], [3425.5, 37287.0], [3426.0, 37830.0]]}}}
{"jsonrpc": "2.0", "method": "subscription", "params": {"channel": "book.ETH-12DEC25.none.20.100ms", "data": {"timestamp": 1765399106829, "change_id": 100912826408, "instrument_name": "ETH-12DEC25", "bids": [[3401.5, 1701.0], [3400.5, 866.0], [3400.25, 3766.0], [3400.0, 17825.0], [3399.75, 50000.0], [3399.0, 2120.0], [3398.75, 7101.0], [3397.75, 2104.0], [3397.5, 7048.0], [3393.0, 1130.0], [3392.5, 40000.0], [3391.25, 90000.0], [3391.0, 12612.0], [3385.75, 4522.0], [3383.75, 18091.0], [3383.5, 40000.0], [3382.75, 180000.0], [3382.5, 20967.0], [3382.25, 50740.0], [3381.75, 24610.0]], "asks": [[3403.0, 3641.0], [3403.25, 15263.0], [3403.5, 9183.0], [3403.75, 4379.0], [3404.0, 1000.0], [3407.0, 2111.0], [3407.25, 7073.0], [3409.25, 90000.0], [3412.0, 40000.0], [3413.5, 24755.0], [3413.75, 180000.0], [3414.5, 500.0], [3418.0, 40000.0], [3419.25, 60.0], [3420.0, 20787.0], [3420.5, 60.0], [3421.25, 24920.0], [3421.75, 77127.0], [3422.0, 60.0], [3422.25, 50292.0]]}}}
{"jsonrpc": "2.0", "method": "subscription", "params": {"channel": "book.ETH-12DEC25.none.20.100ms", "data": {"timestamp": 1765399107150, "change_id": 100912827395, "instrument_name": "ETH-12DEC25", "bids": [[3401.5, 1701.0], [3401.25, 1250.0], [3401.0, 2380.0], [3400.75, 7974.0], [3400.5, 794.0], [3400.25, 3766.0], [3400.0, 17825.0], [3399.75, 50000.0], [3399.0, 2120.0], [3398.75, 7101.0], [3397.75, 2104.0], [3397.5, 7048.0], [3393.0, 1130.0], [3392.5, 40000.0], [3391.25, 90000.0], [3390.75, 12612.0], [3385.75, 29532.0], [3383.75, 18091.0], [3383.5, 40000.0], [3382.75, 180000.0]], "asks": [[3402.25, 2900.0], [3402.5, 3543.0], [3402.75, 5281.0], [3403.0, 8810.0], [3403.25, 5016.0], [3403.5, 9855.0], [3403.75, 22700.0], [3404.0, 1000.0], [3407.25, 7073.0], [3409.25, 90000.0], [3412.0, 40000.0], [3413.5, 24755.0], [3413.75, 180000.0], [3414.5, 500.0], [3418.0, 40000.0], [3419.25, 60.0], [3420.0, 20787.0], [3420.5, 60.0], [3421.25, 24920.0], [3421.75, 77127.0]]}}}
{"jsonrpc": "2.0", "method": "subscription", "params": {"channel": "book.ETH-19DEC25.none.20.100ms", "data": {"timestamp": 1765399107147, "change_id": 100912827389, "instrument_name": "ETH-19DEC25", "bids": [[3403.25, 746.0], [3403.0, 2500.0], [3402.5, 2409.0], [3402.25, 8817.0], [3402.0, 3246.0], [3401.75, 5485.0], [3401.5, 10000.0], [3401.0, 2169.0], [3400.75, 7265.0], [3394.5, 1130.0], [3394.25, 40000.0], [3390.0, 6361.0], [3388.0, 16.0], [3387.75, 4522.0], [3387.25, 42807.0], [3387.0, 16.0], [3386.75, 20967.0], [3386.0, 16.0], [3385.5, 18091.0], [3385.25, 59096.0]], "asks": [[3403.75, 3246.0], [3404.0, 2500.0], [3404.25, 746.0], [3404.5, 2500.0], [3404.75, 3155.0], [3405.0, 16415.0], [3405.25, 19952.0], [3405.5, 1996.0], [3405.75, 2799.0], [3406.0, 1000.0], [3409.25, 7291.0], [3413.5, 40000.0], [3419.5, 6417.0], [3419.75, 40000.0], [3420.0, 18536.0], [3420.5, 20812.0], [3421.0, 38531.0], [3423.75, 100.0], [3425.5, 37287.0], [3426.0, 37830.0]]}}}
{"jsonrpc": "2.0", "method": "subscription", "params": {"channel": "book.ETH-12DEC25.none.20.100ms", "data": {"timestamp": 1765399107500, "change_id": 100912828164, "instrument_name": "ETH-12DEC25", "bids": [[3401.5, 1701.0], [3401.25, 1250.0], [3401.0, 2380.0], [3400.75, 7974.0], [3400.5, 794.0], [3400.25, 3766.0], [3400.0, 17825.0], [3399.75, 50000.0], [3397.75, 1445.0], [3397.5, 7048.0], [3393.0, 1130.0], [3392.5, 40000.0], [3391.25, 90000.0], [3390.75, 12612.0], [3385.75, 29532.0], [3383.75, 18091.0], [3383.5, 40000.0], [3382.75, 180000.0], [3382.5, 20967.0], [3382.25, 50740.0]], "asks": [[3402.25, 3766.0], [3402.5, 3543.0], [3402.75, 5281.0], [3403.0, 10060.0], [3403.25, 3766.0], [3403.5, 9855.0], [3403.75, 22700.0], [3404.0, 1000.0], [3407.25, 7073.0], [3409.25, 90000.0], [3412.0, 40000.0], [3413.5, 24755.0], [3413.75, 180000.0], [3414.5, 500.0], [3418.0, 40000.0], [3419.25, 60.0], [3420.0, 20787.0], [3420.5, 60.0], [3421.25, 24920.0], [3421.75, 77127.0]]}}}
{"jsonrpc": "2.0", "method": "subscription", "params": {"channel": "book.ETH-19DEC25.none.20.100ms", "data": {"timestamp": 1765399107499, "change_id": 100912828162, "instrument_name": "ETH-19DEC25", "bids": [[3403.25, 3619.0], [3403.0, 3750.0], [3402.5, 2409.0], [3402.25, 8817.0], [3402.0, 3246.0], [3401.75, 5485.0], [3401.5, 10000.0], [3399.25, 7115.0], [3394.5, 1130.0], [3394.25, 40000.0], [3390.0, 6361.0], [3388.0, 16.0], [3387.75, 4522.0], [3387.25, 42807.0], [3387.0, 16.0], [3386.75, 20967.0], [3386.0, 16.0], [3385.5, 18091.0], [3385.25, 59096.0], [3385.0, 116.0]], "asks": [[3403.75, 3246.0], [3404.0, 2500.0], [3404.25, 746.0], [3404.5, 2873.0], [3404.75, 4405.0], [3405.0, 16415.0], [3405.25, 19952.0], [3405.5, 746.0], [3405.75, 2799.0], [3406.0, 1000.0], [3409.25, 7291.0], [3413.5, 40000.0], [3419.5, 6417.0], [3419.75, 40000.0], [3420.0, 18536.0], [3420.5, 20812.0], [3421.0, 38531.0], [3423.75, 100.0], [3425.5, 37287.0], [3426.0, 37830.0]]}}}
{"jsonrpc": "2.0", "method": "subscription", "params": {"channel": "book.ETH-12DEC25.none.20.100ms", "data": {"timestamp": 1765399107695, "change_id": 100912828311, "instrument_name": "ETH-12DEC25", "bids": [[3401.5, 1701.0], [3401.25, 1250.0], [3401.0, 2380.0], [3400.75, 7974.0], [3400.5, 794.0], [3400.25, 3766.0], [3400.0, 17825.0], [3399.75, 50000.0], [3397.75, 1445.0], [3397.5, 7048.0], [3397.25, 7110.0], [3392.5, 40000.0], [3391.5, 1130.0], [3391.25, 90000.0], [3390.75, 12612.0], [3385.75, 29532.0], [3383.75, 18091.0], [3383.5, 40000.0], [3382.75, 180000.0], [3382.5, 20967.0]], "asks": [[3402.25, 2900.0], [3402.5, 3543.0], [3402.75, 5281.0], [3403.0, 10060.0], [3403.25, 3766.0], [3403.5, 9855.0], [3403.75, 22700.0], [3404.0, 1000.0], [3407.25, 7073.0], [3409.25, 90000.0], [3412.0, 40000.0], [3413.5, 24755.0], [3413.75, 180000.0], [3414.5, 500.0], [3418.0, 40000.0], [3419.25, 60.0], [3420.0, 20787.0], [3420.5, 60.0], [3421.25, 24920.0], [3421.75, 77127.0]]}}}
{"jsonrpc": "2.0", "method": "subscription", "params": {"channel": "book.ETH-19DEC25.none.20.100ms", "data": {"timestamp": 1765399107733, "change_id": 100912828325, "instrument_name": "ETH-19DEC25", "bids": [[3403.25, 1119.0], [3403.0, 3750.0], [3402.5, 2409.0], [3402.25, 8817.0], [3402.0, 3246.0], [3401.75, 5485.0], [3401.5, 10000.0], [3399.25, 7060.0], [3394.5, 1130.0], [3394.25, 40000.0], [3390.0, 6361.0], [3388.0, 16.0], [3387.75, 4522.0], [3387.25, 42807.0], [3387.0, 16.0], [3386.75, 20967.0], [3386.0, 16.0], [3385.5, 18091.0], [3385.25, 59096.0], [3385.0, 116.0]], "asks": [[3403.75, 3246.0], [3404.0, 2500.0], [3404.25, 746.0], [3404.5, 2873.0], [3404.75, 4405.0], [3405.0, 16415.0], [3405.25, 19952.0], [3405.5, 746.0], [3405.75, 2799.0], [3406.0, 1000.0], [3409.25, 7291.0], [3413.5, 40000.0], [3419.5, 6417.0], [3419.75, 40000.0], [3420.0, 18536.0], [3420.5, 20812.0], [3421.0, 38531.0], [3423.75, 100.0], [3425.5, 37287.0], [3426.0, 37830.0]]}}}
{"jsonrpc": "2.0", "method": "subscription", "params": {"channel": "book.ETH-12DEC25.none.20.100ms", "data": {"timestamp": 1765399108090, "change_id": 100912829080, "instrument_name": "ETH-12DEC25", "bids": [[3401.5, 1701.0], [3401.0, 9224.0], [3400.5, 794.0], [3400.25, 3766.0], [3400.0, 17825.0], [3399.75, 50000.0], [3397.75, 1445.0], [3397.5, 7048.0], [3397.25, 7110.0], [3392.5, 40000.0], [3391.5, 1130.0], [3391.25, 90000.0], [3390.75, 12612.0], [3385.75, 29532.0], [3383.75, 18091.0], [3383.5, 40000.0], [3382.75, 180000.0], [3382.5, 20967.0], [3382.25, 50740.0], [3381.75, 24610.0]], "asks": [[3402.25, 2900.0], [3402.5, 3543.0], [3402.75, 5281.0], [3403.0, 10060.0], [3403.25, 3766.0], [3403.5, 9855.0], [3403.75, 22700.0], [3404.0, 1000.0], [3405.5, 7180.0], [3409.25, 90000.0], [3412.0, 40000.0], [3413.5, 24755.0], [3413.75, 180000.0], [3414.5, 500.0], [3418.0, 40000.0], [3419.25, 60.0], [3420.0, 20787.0], [3420.5, 60.0], [3421.25, 24920.0], [3421.75, 77127.0]]}}}
{"jsonrpc": "2.0", "method": "subscription", "params": {"channel": "book.ETH-19DEC25.none.20.100ms", "data": {"timestamp": 1765399108152, "change_id": 100912829254, "instrument_name": "ETH-19DEC25", "bids": [[3402.75, 3750.0], [3402.5, 2500.0], [3402.25, 8817.0], [3402.0, 3246.0], [3401.75, 5485.0], [3401.5, 10000.0], [3399.25, 7060.0], [3394.5, 1130.0], [3394.25, 40000.0], [3390.25, 6361.0], [3388.0, 16.0], [3387.75, 4522.0], [3387.25, 36737.0], [3387.0, 6086.0], [3386.75, 20967.0], [3386.0, 16.0], [3385.5, 18091.0], [3385.25, 59096.0], [3385.0, 116.0], [3383.0, 37491.0]], "asks": [[3403.5, 2500.0], [3404.0, 2500.0], [3404.25, 746.0], [3404.5, 3572.0], [3404.75, 6810.0], [3405.0, 16415.0], [3405.25, 19952.0], [3405.5, 746.0], [3405.75, 2799.0], [3406.0, 1000.0], [3407.5, 6995.0], [3413.5, 40000.0], [3419.5, 6417.0], [3419.75, 40000.0], [3420.0, 18536.0], [3420.5, 20812.0], [3421.0, 38531.0], [3423.5, 100.0], [3425.5, 37287.0], [3426.0, 37830.0]]}}}
{"jsonrpc": "2.0", "method": "subscription", "params": {"channel": "book.ETH-19DEC25.none.20.100ms", "data": {"timestamp": 1765399108254, "change_id": 100912829569, "instrument_name": "ETH-19DEC25", "bids": [[3402.75, 3750.0], [3402.5, 2500.0], [3402.25, 8817.0], [3402.0, 3246.0], [3401.75, 5485.0], [3401.5, 10000.0], [3399.25, 7060.0], [3394.5, 1130.0], [3394.25, 40000.0], [3390.5, 6361.0], [3388.0, 16.0], [3387.75, 4522.0], [3387.25, 36737.0], [3387.0, 6086.0], [3386.75, 20967.0], [3386.0, 16.0], [3385.5, 18091.0], [3385.25, 59096.0], [3385.0, 116.0], [3383.0, 37491.0]], "asks": [[3403.5, 2500.0], [3403.75, 746.0], [3404.0, 2500.0], [3404.25, 746.0], [3404.5, 3572.0], [3404.75, 6810.0], [3405.0, 16415.0], [3405.25, 19952.0], [3405.5, 746.0], [3405.75, 2799.0], [3406.0, 1000.0], [3407.5, 6995.0], [3413.5, 40000.0], [3419.5, 6417.0], [3419.75, 40000.0], [3420.0, 18536.0], [3420.5, 20812.0], [3421.0, 38531.0], [3423.5, 100.0], [3425.5, 37287.0]]}}}
{"jsonrpc": "2.0", "method": "subscription", "params": {"channel": "book.ETH-12DEC25.none.20.100ms", "data": {"timestamp": 1765399108374, "change_id": 100912829836, "instrument_name": "ETH-12DEC25", "bids": [[3401.5, 1701.0], [3401.25, 1250.0], [3400.5, 8768.0], [3400.25, 3766.0], [3400.0, 17825.0], [3399.75, 50000.0], [3397.75, 1445.0], [3397.5, 7048.0], [3397.25, 7110.0], [3392.5, 40000.0], [3391.5, 1130.0], [3391.25, 90000.0], [3390.75, 12612.0], [3385.75, 29532.0], [3383.75, 18091.0], [3383.5, 40000.0], [3382.75, 180000.0], [3382.5, 20967.0], [3382.25, 50740.0], [3381.75, 24610.0]], "asks": [[3402.25, 3766.0], [3402.5, 3543.0], [3402.75, 5281.0], [3403.0, 10060.0], [3403.25, 3766.0], [3403.5, 9855.0], [3403.75, 22700.0], [3404.0, 1000.0], [3405.5, 7180.0], [3409.25, 90000.0], [3412.0, 40000.0], [3413.5, 24755.0], [3413.75, 180000.0], [3414.5, 500.0], [3418.0, 40000.0], [3419.25, 60.0], [3420.0, 20787.0], [3420.5, 60.0], [3421.25, 24920.0], [3421.75, 77127.0]]}}}
{"jsonrpc": "2.0", "method": "subscription", "params": {"channel": "book.ETH-12DEC25.none.20.100ms", "data": {"timestamp": 1765399108696, "change_id": 100912830062, "instrument_name": "ETH-12DEC25", "bids": [[3401.5, 1701.0], [3401.25, 1250.0], [3400.75, 2380.0], [3400.5, 8768.0], [3400.25, 3766.0], [3400.0, 17825.0], [3399.75, 50000.0], [3397.75, 1445.0], [3397.5, 9170.0], [3397.25, 7110.0], [3392.5, 40000.0], [3391.5, 1130.0], [3391.25, 90000.0], [3390.75, 12612.0], [3385.75, 29532.0], [3383.75, 18091.0], [3383.5, 40000.0], [3382.75, 180000.0], [3382.5, 20967.0], [3382.25, 50740.0]], "asks": [[3402.25, 2900.0], [3402.5, 3543.0], [3402.75, 5281.0], [3403.0, 10060.0], [3403.25, 3766.0], [3403.5, 9855.0], [3403.75, 22700.0], [3404.0, 1000.0], [3405.5, 7180.0], [3409.25, 90000.0], [3412.0, 40000.0], [3413.5, 24755.0], [3413.75, 180000.0], [3414.5, 500.0], [3418.0, 40000.0], [3419.25, 60.0], [3420.0, 20787.0], [3420.5, 60.0], [3421.25, 24920.0], [3421.75, 77127.0]]}}}
{"jsonrpc": "2.0", "method": "subscription", "params": {"channel": "book.ETH-19DEC25.none.20.100ms", "data": {"timestamp": 1765399108756, "change_id": 100912830115, "instrument_name": "ETH-19DEC25", "bids": [[3403.0, 4496.0], [3402.75, 3246.0], [3402.5, 4909.0], [3402.25, 8817.0], [3402.0, 3246.0], [3401.75, 5485.0], [3401.5, 10000.0], [3399.5, 2107.0], [3399.25, 7060.0], [3394.5, 1130.0], [3394.25, 40000.0], [3390.75, 6361.0], [3388.0, 16.0], [3387.75, 4522.0], [3387.25, 36737.0], [3387.0, 6086.0], [3386.75, 20967.0], [3386.0, 16.0], [3385.5, 18091.0], [3385.25, 59096.0]], "asks": [[3403.5, 2500.0], [3403.75, 746.0], [3404.0, 2500.0], [3404.25, 746.0], [3404.5, 3572.0], [3404.75, 6810.0], [3405.0, 16415.0], [3405.25, 19952.0], [3405.5, 746.0], [3405.75, 2799.0], [3406.0, 1000.0], [3407.5, 6995.0], [3413.5, 40000.0], [3419.5, 6417.0], [3419.75, 40000.0], [3420.0, 18536.0], [3420.5, 20812.0], [3421.0, 38531.0], [3423.5, 100.0], [3425.5, 37287.0]]}}}
{"jsonrpc": "2.0", "method": "subscription", "params": {"channel": "book.ETH-12DEC25.none.20.100ms", "data": {"timestamp": 1765399109056, "change_id": 100912830562, "instrument_name": "ETH-12DEC25", "bids": [[3401.5, 5851.0], [3401.25, 866.0], [3401.0, 2900.0], [3400.75, 2380.0], [3400.5, 8768.0], [3400.25, 3766.0], [3400.0, 17825.0], [3399.75, 50000.0], [3397.75, 1445.0], [3397.5, 9170.0], [3397.25, 7110.0], [3392.5, 40000.0], [3391.5, 1130.0], [3391.25, 90000.0], [3390.75, 12612.0], [3385.75, 29532.0], [3383.75, 18091.0], [3383.5, 40000.0], [3382.75, 180000.0], [3382.5, 20967.0]], "asks": [[3402.25, 2900.0], [3402.5, 3543.0], [3402.75, 5281.0], [3403.0, 10060.0], [3403.25, 3766.0], [3403.5, 9855.0], [3403.75, 22700.0], [3404.0, 1000.0], [3405.5, 7180.0], [3409.25, 90000.0], [3412.0, 40000.0], [3413.5, 24755.0], [3413.75, 180000.0], [3414.5, 500.0], [3418.0, 40000.0], [3419.25, 60.0], [3420.0, 20787.0], [3420.5, 60.0], [3421.25, 24920.0], [3421.75, 77127.0]]}}}
{"jsonrpc": "2.0", "method": "subscription", "params": {"channel": "book.ETH-12DEC25.none.20.100ms", "data": {"timestamp": 1765399109382, "change_id": 100912831207, "instrument_name": "ETH-12DEC25", "bids": [[3401.5, 1701.0], [3401.25, 1250.0], [3401.0, 2900.0], [3400.75, 2380.0], [3400.5, 8768.0], [3400.25, 3766.0], [3400.0, 17825.0], [3399.75, 50000.0], [3397.75, 1445.0], [3397.5, 9170.0], [3397.25, 7110.0], [3392.5, 40000.0], [3391.5, 1130.0], [3391.25, 90000.0], [3390.75, 12612.0], [3385.75, 29532.0], [3383.75, 18091.0], [3383.5, 40000.0], [3382.75, 180000.0], [3382.5, 20967.0]], "asks": [[3402.25, 2900.0], [3402.5, 3543.0], [3402.75, 5281.0], [3403.0, 10060.0], [3403.25, 3766.0], [3403.5, 9855.0], [3403.75, 22700.0], [3404.0, 1000.0], [3405.5, 7180.0], [3409.25, 90000.0], [3412.0, 40000.0], [3413.5, 24755.0], [3413.75, 180000.0], [3414.5, 500.0], [3418.0, 40000.0], [3419.25, 60.0], [3420.0, 20787.0], [3420.5, 60.0], [3421.25, 24920.0], [3421.75, 77127.0]]}}}
{"jsonrpc": "2.0", "method": "subscription", "params": {"channel": "book.ETH-12DEC25.none.20.100ms", "data": {"timestamp": 1765399109819, "change_id": 100912832380, "instrument_name": "ETH-12DEC25", "bids": [[3401.5, 1701.0], [3401.0, 1250.0], [3400.5, 794.0], [3400.25, 6035.0], [3400.0, 25799.0], [3399.75, 50000.0], [3397.75, 1445.0], [3397.5, 7048.0], [3396.75, 3765.0], [3396.5, 12612.0], [3396.25, 2092.0], [3396.0, 7008.0], [3392.75, 25010.0], [3392.5, 88927.0], [3391.5, 1130.0], [3391.25, 90000.0], [3390.25, 50740.0], [3385.75, 4522.0], [3383.75, 18091.0], [3383.5, 40000.0]], "asks": [[3402.0, 3766.0], [3402.25, 6146.0], [3402.5, 12031.0], [3402.75, 4379.0], [3403.0, 836.0], [3403.25, 3766.0], [3403.5, 9855.0], [3403.75, 22700.0], [3404.0, 1000.0], [3405.25, 2143.0], [3405.5, 7180.0], [3409.0, 24755.0], [3409.25, 90000.0], [3412.0, 40000.0], [3413.75, 180000.0], [3414.5, 500.0], [3418.0, 40000.0], [3419.25, 60.0], [3420.0, 20787.0], [3420.5, 60.0]]}}}
{"jsonrpc": "2.0", "method": "subscription", "params": {"channel": "book.ETH-19DEC25.none.20.100ms", "data": {"timestamp": 1765399109809, "change_id": 100912832371, "instrument_name": "ETH-19DEC25", "bids": [[3402.5, 4123.0], [3402.25, 746.0], [3402.0, 5560.0], [3401.75, 13556.0], [3401.5, 10000.0], [3398.25, 2131.0], [3398.0, 7140.0], [3394.75, 337.0], [3394.5, 13070.0], [3394.25, 40000.0], [3393.75, 36737.0], [3388.0, 16.0], [3387.75, 4522.0], [3387.0, 16.0], [3386.75, 20967.0], [3386.0, 16.0], [3385.5, 18091.0], [3385.25, 40000.0], [3385.0, 116.0], [3383.0, 16.0]], "asks": [[3403.0, 400.0], [3403.25, 3246.0], [3403.5, 2500.0], [3403.75, 746.0], [3404.0, 2500.0], [3404.25, 3433.0], [3404.5, 12520.0], [3404.75, 3246.0], [3405.0, 8344.0], [3405.25, 20952.0], [3405.5, 746.0], [3405.75, 2799.0], [3407.5, 6995.0], [3411.75, 38531.0], [3413.5, 40000.0], [3419.75, 40000.0], [3420.5, 20812.0], [3423.0, 100.0], [3426.25, 40000.0], [3435.75, 24375.0]]}}}
{"jsonrpc": "2.0", "method": "subscription", "params": {"channel": "book.ETH-12DEC25.none.20.100ms", "data": {"timestamp": 1765399110151, "change_id": 100912833350, "instrument_name": "ETH-12DEC25", "bids": [[3401.5, 1701.0], [3400.25, 2900.0], [3400.0, 25799.0], [3399.75, 50000.0], [3397.75, 1445.0], [3397.5, 7048.0], [3396.75, 3765.0], [3396.5, 12612.0], [3393.5, 7346.0], [3393.25, 24610.0], [3392.75, 25010.0], [3392.5, 88927.0], [3391.5, 1130.0], [3391.25, 90000.0], [3390.25, 50740.0], [3385.75, 4522.0], [3383.75, 18091.0], [3383.5, 115780.0], [3382.75, 180000.0], [3382.5, 20967.0]], "asks": [[3401.75, 7891.0], [3402.0, 3766.0], [3402.25, 6146.0], [3402.5, 12031.0], [3402.75, 4379.0], [3403.0, 836.0], [3403.25, 3766.0], [3403.5, 3880.0], [3403.75, 3129.0], [3404.0, 1000.0], [3406.25, 2145.0], [3406.5, 7186.0], [3408.75, 7389.0], [3409.0, 26865.0], [3409.25, 90000.0], [3410.0, 24920.0], [3410.75, 50292.0], [3412.0, 40000.0], [3413.0, 51070.0], [3413.75, 180000.0]]}}}
{"jsonrpc": "2.0", "method": "subscription", "params": {"channel": "book.ETH-19DEC25.none.20.100ms", "data": {"timestamp": 1765399110149, "change_id": 100912833339, "instrument_name": "ETH-19DEC25", "bids": [[3402.0, 5560.0], [3401.75, 13556.0], [3401.5, 10000.0], [3398.0, 2098.0], [3397.75, 7027.0], [3395.0, 5700.0], [3394.75, 25503.0], [3394.5, 13070.0], [3394.25, 40000.0], [3393.75, 36737.0], [3392.5, 37475.0], [3388.0, 16.0], [3387.75, 4522.0], [3387.0, 16.0], [3386.75, 20967.0], [3386.0, 16.0], [3385.5, 18091.0], [3385.25, 78415.0], [3385.0, 116.0], [3383.0, 16.0]], "asks": [[3403.0, 400.0], [3403.25, 746.0], [3403.5, 2500.0], [3403.75, 746.0], [3404.0, 2873.0], [3404.25, 4683.0], [3404.5, 11270.0], [3404.75, 3246.0], [3405.0, 2799.0], [3405.25, 1000.0], [3408.75, 7147.0], [3410.75, 18536.0], [3411.75, 38531.0], [3413.0, 37287.0], [3413.25, 6417.0], [3413.5, 40000.0], [3419.25, 37830.0], [3419.75, 40000.0], [3420.5, 20812.0], [3423.0, 100.0]]}}}
{"jsonrpc": "2.0", "method": "subscription", "params": {"channel": "book.ETH-19DEC25.none.20.100ms", "data": {"timestamp": 1765399110457, "change_id": 100912834455, "instrument_name": "ETH-19DEC25", "bids": [[3402.25, 3552.0], [3402.0, 4496.0], [3401.75, 5485.0], [3401.5, 12409.0], [3401.25, 8071.0], [3399.5, 2097.0], [3399.25, 7026.0], [3395.5, 3711.0], [3395.25, 12431.0], [3395.0, 5700.0], [3394.75, 19433.0], [3394.5, 13070.0], [3394.25, 40000.0], [3393.75, 36737.0], [3392.5, 37475.0], [3388.0, 16.0], [3387.75, 4522.0], [3387.0, 16.0], [3386.75, 20967.0], [3386.0, 16.0]], "asks": [[3403.0, 400.0], [3403.25, 746.0], [3403.5, 2500.0], [3403.75, 3060.0], [3404.0, 11821.0], [3404.25, 746.0], [3404.5, 3199.0], [3404.75, 3246.0], [3405.0, 2799.0], [3405.25, 1000.0], [3406.5, 2165.0], [3406.75, 7253.0], [3408.25, 1915.0], [3408.5, 6417.0], [3410.75, 18536.0], [3411.75, 38531.0], [3413.0, 37287.0], [3413.5, 40000.0], [3419.25, 37830.0], [3419.75, 40000.0]]}}}
{"jsonrpc": "2.0", "method": "subscription", "params": {"channel": "book.ETH-12DEC25.none.20.100ms", "data": {"timestamp": 1765399110480, "change_id": 100912834464, "instrument_name": "ETH-12DEC25", "bids": [[3401.5, 1701.0], [3400.5, 1250.0], [3400.25, 3766.0], [3400.0, 17825.0], [3399.75, 57974.0], [3397.25, 7061.0], [3396.5, 12612.0], [3393.5, 7346.0], [3393.25, 24610.0], [3392.75, 25010.0], [3392.5, 88927.0], [3391.5, 1130.0], [3391.25, 90000.0], [3390.25, 50740.0], [3385.75, 4522.0], [3383.75, 18091.0], [3383.5, 115780.0], [3382.75, 180000.0], [3382.5, 20967.0], [3379.5, 40000.0]], "asks": [[3401.75, 7891.0], [3402.0, 11740.0], [3402.25, 4986.0], [3402.5, 9458.0], [3402.75, 22694.0], [3403.0, 836.0], [3403.25, 4766.0], [3403.5, 3880.0], [3403.75, 2900.0], [3404.75, 7178.0], [3408.75, 24755.0], [3409.0, 26865.0], [3409.25, 90000.0], [3410.0, 24920.0], [3410.75, 50292.0], [3412.0, 40000.0], [3413.0, 51070.0], [3413.75, 180000.0], [3414.5, 500.0], [3418.0, 40000.0]]}}}
{"jsonrpc": "2.0", "method": "subscription", "params": {"channel": "book.ETH-19DEC25.none.20.100ms", "data": {"timestamp": 1765399110804, "change_id": 100912836080, "instrument_name": "ETH-19DEC25", "bids": [[3401.5, 10000.0], [3400.75, 2409.0], [3400.5, 8071.0], [3396.5, 1899.0], [3396.25, 6361.0], [3395.5, 2151.0], [3395.25, 9017.0], [3395.0, 6070.0], [3394.75, 337.0], [3394.5, 1130.0], [3393.75, 19096.0], [3392.5, 37475.0], [3392.25, 40000.0], [3388.0, 16.0], [3387.75, 4522.0], [3387.0, 16.0], [3386.75, 20967.0], [3386.0, 16.0], [3385.5, 18091.0], [3385.25, 78415.0]], "asks": [[3402.75, 2529.0], [3403.0, 8471.0], [3403.25, 746.0], [3403.5, 2500.0], [3403.75, 1119.0], [3404.0, 3750.0], [3404.25, 1045.0], [3404.5, 4246.0], [3404.75, 3246.0], [3405.0, 2500.0], [3406.75, 7253.0], [3408.5, 6417.0], [3410.75, 18536.0], [3411.75, 38531.0], [3413.0, 37287.0], [3413.5, 40000.0], [3419.25, 37830.0], [3419.75, 40000.0], [3420.5, 20812.0], [3423.0, 100.0]]}}}
{"jsonrpc": "2.0", "method": "subscription", "params": {"channel": "book.ETH-12DEC25.none.20.100ms", "data": {"timestamp": 1765399110746, "change_id": 100912835927, "instrument_name": "ETH-12DEC25", "bids": [[3399.75, 50000.0], [3399.0, 7974.0], [3393.0, 6964.0], [3392.25, 24610.0], [3391.75, 48927.0], [3391.5, 1130.0], [3391.25, 90000.0], [3390.5, 40000.0], [3390.25, 50740.0], [3385.75, 4522.0], [3383.75, 18091.0], [3383.5, 115780.0], [3382.75, 180000.0], [3382.5, 20967.0], [3379.5, 40000.0], [3377.75, 76302.0], [3367.0, 48747.0], [3361.25, 72364.0], [3361.0, 270000.0], [3358.75, 50425.0]], "asks": [[3400.75, 2900.0], [3401.0, 2900.0], [3401.25, 10775.0], [3401.5, 2900.0], [3401.75, 7892.0], [3402.25, 1250.0], [3402.5, 2900.0], [3402.75, 19565.0], [3404.75, 7178.0], [3409.25, 90000.0], [3410.0, 24920.0], [3410.75, 50292.0], [3412.0, 40000.0], [3413.0, 51070.0], [3413.75, 180000.0], [3414.5, 500.0], [3417.0, 77127.0], [3418.0, 40000.0], [3419.25, 60.0], [3420.0, 20787.0]]}}}
{"jsonrpc": "2.0", "method": "subscription", "params": {"channel": "book.ETH-12DEC25.none.20.100ms", "data": {"timestamp": 1765399111024, "change_id": 100912836814, "instrument_name": "ETH-12DEC25", "bids": [[3400.0, 2900.0], [3399.75, 51250.0], [3399.0, 7974.0], [3395.75, 7156.0], [3393.25, 37622.0], [3391.75, 24610.0], [3391.5, 1130.0], [3391.25, 90000.0], [3391.0, 48927.0], [3390.5, 40000.0], [3390.25, 50740.0], [3385.75, 4522.0], [3383.75, 18091.0], [3383.5, 115780.0], [3382.75, 180000.0], [3382.5, 20967.0], [3379.5, 40000.0], [3377.75, 76302.0], [3367.0, 48747.0], [3361.25, 72364.0]], "asks": [[3400.75, 2900.0], [3401.0, 2900.0], [3401.25, 10774.0], [3401.5, 4150.0], [3404.75, 7178.0], [3409.0, 24755.0], [3409.25, 90000.0], [3410.0, 24920.0], [3410.75, 50292.0], [3412.0, 40000.0], [3413.0, 51070.0], [3413.75, 180000.0], [3414.5, 500.0], [3417.0, 77127.0], [3418.0, 40000.0], [3419.25, 60.0], [3420.0, 20787.0], [3420.5, 60.0], [3422.0, 60.0], [3422.25, 74162.0]]}}}
{"jsonrpc": "2.0", "method": "subscription", "params": {"channel": "book.ETH-19DEC25.none.20.100ms", "data": {"timestamp": 1765399111065, "change_id": 100912836924, "instrument_name": "ETH-19DEC25", "bids": [[3401.5, 12873.0], [3401.25, 1250.0], [3400.75, 2409.0], [3400.5, 8071.0], [3398.0, 2174.0], [3397.75, 7282.0], [3397.0, 1899.0], [3396.75, 6361.0], [3394.75, 337.0], [3394.5, 1130.0], [3394.0, 5700.0], [3393.75, 19096.0], [3392.75, 47923.0], [3392.5, 37475.0], [3392.25, 40000.0], [3388.0, 16.0], [3387.75, 4522.0], [3387.0, 16.0], [3386.75, 20967.0], [3386.0, 16.0]], "asks": [[3402.0, 3246.0], [3402.25, 3246.0], [3402.5, 2500.0], [3402.75, 2500.0], [3403.0, 8471.0], [3403.25, 1250.0], [3403.5, 19569.0], [3404.5, 1000.0], [3406.75, 7253.0], [3408.5, 6417.0], [3410.75, 18536.0], [3411.75, 38531.0], [3413.0, 37287.0], [3413.5, 40000.0], [3414.25, 37830.0], [3419.75, 40000.0], [3420.5, 20812.0], [3422.5, 100.0], [3423.25, 38262.0], [3426.25, 40000.0]]}}}
{"jsonrpc": "2.0", "method": "subscription", "params": {"channel": "book.ETH-12DEC25.none.20.100ms", "data": {"timestamp": 1765399111444, "change_id": 100912837789, "instrument_name": "ETH-12DEC25", "bids": [[3399.75, 51250.0], [3399.25, 2380.0], [3399.0, 7974.0], [3396.0, 2136.0], [3395.75, 7156.0], [3393.5, 11230.0], [3393.25, 37622.0], [3392.0, 7346.0], [3391.75, 24610.0], [3391.5, 26865.0], [3391.25, 104605.0], [3391.0, 48927.0], [3390.5, 40000.0], [3390.25, 50740.0], [3383.5, 115780.0], [3382.75, 180000.0], [3382.5, 20967.0], [3379.5, 40000.0], [3377.75, 76302.0], [3367.0, 48747.0]], "asks": [[3400.5, 2900.0], [3400.75, 3766.0], [3401.0, 6116.0], [3401.25, 12024.0], [3404.5, 2143.0], [3404.75, 7178.0], [3408.75, 7360.0], [3409.0, 51591.0], [3409.25, 90000.0], [3410.0, 24920.0], [3410.75, 50292.0], [3412.0, 40000.0], [3413.0, 51070.0], [3413.75, 180000.0], [3414.5, 500.0], [3417.0, 77127.0], [3418.0, 40000.0], [3419.25, 60.0], [3420.0, 20787.0], [3420.5, 60.0]]}}}
{"jsonrpc": "2.0", "method": "subscription", "params": {"channel": "book.ETH-19DEC25.none.20.100ms", "data": {"timestamp": 1765399111293, "change_id": 100912837528, "instrument_name": "ETH-19DEC25", "bids": [[3401.5, 10000.0], [3401.25, 1250.0], [3400.75, 2409.0], [3400.5, 8071.0], [3398.0, 2174.0], [3397.75, 7282.0], [3397.0, 1899.0], [3396.75, 6361.0], [3394.0, 5700.0], [3393.75, 19096.0], [3392.75, 47923.0], [3392.5, 37475.0], [3392.25, 40000.0], [3388.0, 16.0], [3387.0, 16.0], [3386.75, 20967.0], [3386.0, 16.0], [3385.25, 78415.0], [3385.0, 116.0], [3383.0, 16.0]], "asks": [[3402.0, 3246.0], [3402.25, 3246.0], [3402.5, 3246.0], [3402.75, 5402.0], [3403.0, 9721.0], [3403.25, 5841.0], [3403.5, 19569.0], [3404.25, 299.0], [3404.5, 1000.0], [3406.5, 2165.0], [3406.75, 7253.0], [3408.5, 6417.0], [3410.75, 18536.0], [3411.75, 38531.0], [3413.0, 37287.0], [3413.5, 40000.0], [3414.25, 37830.0], [3419.75, 40000.0], [3420.5, 20812.0], [3422.0, 100.0]]}}}
{"jsonrpc": "2.0", "method": "subscription", "params": {"channel": "book.ETH-12DEC25.none.20.100ms", "data": {"timestamp": 1765399111760, "change_id": 100912838226, "instrument_name": "ETH-12DEC25", "bids": [[3399.75, 51250.0], [3399.25, 2380.0], [3399.0, 7974.0], [3396.25, 3765.0], [3396.0, 14748.0], [3395.75, 7156.0], [3394.0, 7465.0], [3393.75, 25010.0], [3392.0, 7346.0], [3391.75, 24610.0], [3391.5, 26865.0], [3391.25, 104605.0], [3391.0, 48927.0], [3390.5, 40000.0], [3390.25, 50740.0], [3383.5, 115780.0], [3382.75, 180000.0], [3382.5, 20967.0], [3379.5, 40000.0], [3377.75, 76302.0]], "asks": [[3400.5, 2900.0], [3400.75, 3766.0], [3401.0, 6116.0], [3401.25, 12024.0], [3402.25, 229.0], [3402.5, 1000.0], [3404.5, 2143.0], [3404.75, 7178.0], [3408.75, 7360.0], [3409.0, 51591.0], [3409.25, 90000.0], [3410.0, 24920.0], [3410.75, 50292.0], [3412.0, 40000.0], [3413.0, 51070.0], [3413.75, 180000.0], [3414.5, 500.0], [3417.0, 77127.0], [3418.0, 40000.0], [3419.25, 60.0]]}}}
{"jsonrpc": "2.0", "method": "subscription", "params": {"channel": "book.ETH-19DEC25.none.20.100ms", "data": {"timestamp": 1765399111585, "change_id": 100912837990, "instrument_name": "ETH-19DEC25", "bids": [[3401.5, 11250.0], [3400.75, 2409.0], [3400.5, 8071.0], [3398.0, 2174.0], [3397.75, 7282.0], [3397.0, 1899.0], [3396.75, 6361.0], [3394.0, 5700.0], [3393.75, 19096.0], [3392.75, 47923.0], [3392.5, 37475.0], [3392.25, 40000.0], [3388.0, 16.0], [3387.0, 16.0], [3386.75, 20967.0], [3386.0, 16.0], [3385.25, 78415.0], [3385.0, 116.0], [3383.0, 16.0], [3382.0, 16.0]], "asks": [[3402.0, 3246.0], [3402.25, 3246.0], [3402.5, 3246.0], [3402.75, 5402.0], [3403.0, 9721.0], [3403.25, 5841.0], [3403.5, 19569.0], [3404.25, 299.0], [3404.5, 1000.0], [3406.5, 2165.0], [3406.75, 7253.0], [3408.5, 6417.0], [3410.75, 18536.0], [3411.75, 38531.0], [3413.0, 37287.0], [3413.5, 40000.0], [3414.25, 37830.0], [3419.75, 40000.0], [3420.5, 20812.0], [3422.0, 100.0]]}}}
{"jsonrpc": "2.0", "method": "subscription", "params": {"channel": "book.ETH-12DEC25.none.20.100ms", "data": {"timestamp": 1765399112082, "change_id": 100912838705, "instrument_name": "ETH-12DEC25", "bids": [[3399.75, 51250.0], [3399.25, 2380.0], [3399.0, 7974.0], [3396.25, 3765.0], [3396.0, 14748.0], [3395.75, 7156.0], [3394.0, 7465.0], [3393.75, 25010.0], [3392.0, 7346.0], [3391.75, 24610.0], [3391.5, 26865.0], [3391.25, 104605.0], [3391.0, 48927.0], [3390.5, 40000.0], [3390.25, 50740.0], [3383.5, 115780.0], [3382.75, 180000.0], [3382.5, 20967.0], [3379.5, 40000.0], [3377.75, 76302.0]], "asks": [[3400.75, 2900.0], [3401.0, 3129.0], [3401.25, 7974.0], [3401.5, 229.0], [3401.75, 1250.0], [3402.0, 866.0], [3402.25, 3129.0], [3402.5, 1000.0], [3404.5, 2143.0], [3404.75, 7178.0], [3408.75, 7360.0], [3409.0, 51591.0], [3409.25, 90000.0], [3410.0, 24920.0], [3410.75, 50292.0], [3412.0, 40000.0], [3413.0, 51070.0], [3413.75, 180000.0], [3414.5, 500.0], [3417.0, 77127.0]]}}}
{"jsonrpc": "2.0", "method": "subscription", "params": {"channel": "book.ETH-19DEC25.none.20.100ms", "data": {"timestamp": 1765399112035, "change_id": 100912838647, "instrument_name": "ETH-19DEC25", "bids": [[3401.5, 12850.0], [3400.75, 2409.0], [3400.5, 8071.0], [3398.0, 2174.0], [3397.75, 7282.0], [3397.0, 1899.0], [3396.75, 6361.0], [3394.0, 5700.0], [3393.75, 19096.0], [3392.75, 47923.0], [3392.5, 37475.0], [3392.25, 40000.0], [3388.0, 16.0], [3387.0, 16.0], [3386.75, 20967.0], [3386.0, 16.0], [3385.25, 78415.0], [3385.0, 116.0], [3383.0, 16.0], [3382.0, 16.0]], "asks": [[3402.0, 2500.0], [3402.25, 3246.0], [3402.5, 3246.0], [3402.75, 5402.0], [3403.0, 11821.0], [3403.25, 5841.0], [3403.5, 19569.0], [3404.25, 299.0], [3404.5, 1000.0], [3406.5, 2165.0], [3406.75, 7253.0], [3408.5, 6417.0], [3410.75, 18536.0], [3411.75, 38531.0], [3413.0, 37287.0], [3413.5, 40000.0], [3414.25, 37830.0], [3419.75, 40000.0], [3420.5, 20812.0], [3422.0, 100.0]]}}}
{"jsonrpc": "2.0", "method": "subscription", "params": {"channel": "book.ETH-12DEC25.none.20.100ms", "data": {"timestamp": 1765399112378, "change_id": 100912839920, "instrument_name": "ETH-12DEC25", "bids": [[3400.25, 4150.0], [3400.0, 8437.0], [3399.75, 52380.0], [3399.5, 7974.0], [3396.5, 3765.0], [3396.25, 12612.0], [3396.0, 2136.0], [3395.75, 7156.0], [3394.5, 7465.0], [3394.25, 25010.0], [3392.0, 7346.0], [3391.75, 24610.0], [3391.5, 26865.0], [3391.25, 104605.0], [3391.0, 48927.0], [3390.5, 40000.0], [3390.25, 50740.0], [3383.5, 115780.0], [3382.75, 180000.0], [3382.5, 20967.0]], "asks": [[3401.25, 12882.0], [3401.5, 2724.0], [3401.75, 9224.0], [3402.0, 866.0], [3402.25, 3129.0], [3402.5, 1000.0], [3404.5, 2143.0], [3404.75, 7178.0], [3408.25, 7389.0], [3408.5, 24755.0], [3409.0, 26836.0], [3409.25, 90000.0], [3410.0, 24920.0], [3410.75, 50292.0], [3412.0, 40000.0], [3413.0, 51070.0], [3413.75, 180000.0], [3414.5, 500.0], [3417.0, 77127.0], [3418.0, 40000.0]]}}}
{"jsonrpc": "2.0", "method": "subscription", "params": {"channel": "book.ETH-19DEC25.none.20.100ms", "data": {"timestamp": 1765399112421, "change_id": 100912839989, "instrument_name": "ETH-19DEC25", "bids": [[3402.0, 1996.0], [3401.75, 5621.0], [3401.5, 11600.0], [3401.25, 2409.0], [3401.0, 8071.0], [3398.0, 2174.0], [3397.75, 7282.0], [3397.0, 1899.0], [3396.75, 6361.0], [3394.0, 5700.0], [3393.75, 19096.0], [3392.75, 47923.0], [3392.5, 37475.0], [3392.25, 40000.0], [3388.0, 16.0], [3387.0, 16.0], [3386.75, 20967.0], [3386.0, 16.0], [3385.25, 78415.0], [3385.0, 116.0]], "asks": [[3402.5, 3246.0], [3402.75, 3246.0], [3403.0, 2500.0], [3403.25, 373.0], [3403.5, 3659.0], [3403.75, 8071.0], [3404.25, 299.0], [3404.5, 1000.0], [3406.5, 2165.0], [3406.75, 7253.0], [3408.5, 6417.0], [3410.75, 18536.0], [3411.75, 38531.0], [3413.0, 37287.0], [3413.5, 40000.0], [3414.25, 37830.0], [3419.75, 40000.0], [3420.5, 20812.0], [3422.5, 100.0], [3423.25, 38262.0]]}}}
{"jsonrpc": "2.0", "method": "subscription", "params": {"channel": "book.ETH-19DEC25.none.20.100ms", "data": {"timestamp": 1765399112778, "change_id": 100912840353, "instrument_name": "ETH-19DEC25", "bids": [[3401.75, 3121.0], [3401.5, 12850.0], [3401.25, 2409.0], [3401.0, 8071.0], [3398.0, 2174.0], [3397.75, 7282.0], [3397.0, 1899.0], [3396.75, 6361.0], [3394.0, 5700.0], [3393.75, 19096.0], [3392.75, 47923.0], [3392.5, 37475.0], [3392.25, 40000.0], [3388.0, 16.0], [3387.0, 16.0], [3386.75, 20967.0], [3386.0, 16.0], [3385.25, 78415.0], [3385.0, 116.0], [3383.0, 16.0]], "asks": [[3402.25, 3246.0], [3402.5, 3246.0], [3402.75, 3246.0], [3403.0, 2500.0], [3403.25, 373.0], [3403.5, 3659.0], [3403.75, 8071.0], [3404.25, 299.0], [3404.5, 1000.0], [3406.5, 2165.0], [3406.75, 7253.0], [3408.5, 6417.0], [3410.75, 18536.0], [3411.75, 38531.0], [3413.0, 37287.0], [3413.5, 40000.0], [3414.25, 37830.0], [3419.75, 40000.0], [3420.5, 20812.0], [3422.25, 100.0]]}}}
{"jsonrpc": "2.0", "method": "subscription", "params": {"channel": "book.ETH-12DEC25.none.20.100ms", "data": {"timestamp": 1765399112755, "change_id": 100912840297, "instrument_name": "ETH-12DEC25", "bids": [[3399.75, 53630.0], [3399.5, 7974.0], [3396.5, 3765.0], [3396.25, 12612.0], [3396.0, 2136.0], [3395.75, 7156.0], [3394.5, 7465.0], [3394.25, 25010.0], [3392.0, 7346.0], [3391.75, 24610.0], [3391.5, 26865.0], [3391.25, 104605.0], [3391.0, 48927.0], [3390.5, 40000.0], [3390.25, 50740.0], [3383.75, 18091.0], [3383.5, 115780.0], [3382.75, 180000.0], [3382.5, 20967.0], [3379.5, 40000.0]], "asks": [[3401.0, 4287.0], [3401.25, 12882.0], [3401.5, 2724.0], [3401.75, 9224.0], [3402.0, 866.0], [3402.25, 3129.0], [3402.5, 1000.0], [3404.5, 2143.0], [3404.75, 7178.0], [3408.25, 7389.0], [3408.5, 24755.0], [3409.0, 26836.0], [3409.25, 90000.0], [3410.0, 24920.0], [3410.75, 50292.0], [3412.0, 40000.0], [3413.0, 51070.0], [3413.75, 180000.0], [3414.5, 500.0], [3417.0, 77127.0]]}}}
{"jsonrpc": "2.0", "method": "subscription", "params": {"channel": "book.ETH-19DEC25.none.20.100ms", "data": {"timestamp": 1765399113091, "change_id": 100912841024, "instrument_name": "ETH-19DEC25", "bids": [[3401.75, 6671.0], [3401.5, 11600.0], [3401.25, 2409.0], [3401.0, 8071.0], [3398.0, 2174.0], [3397.75, 7282.0], [3397.0, 1899.0], [3396.75, 6361.0], [3394.0, 5700.0], [3393.75, 19096.0], [3392.75, 47923.0], [3392.5, 37475.0], [3392.25, 40000.0], [3388.0, 16.0], [3387.0, 16.0], [3386.75, 20967.0], [3386.0, 16.0], [3385.25, 78415.0], [3385.0, 116.0], [3383.0, 16.0]], "asks": [[3402.25, 3246.0], [3402.5, 3246.0], [3402.75, 3246.0], [3403.0, 2500.0], [3403.25, 373.0], [3403.5, 3659.0], [3403.75, 8071.0], [3404.25, 299.0], [3404.5, 1000.0], [3406.5, 2165.0], [3406.75, 7253.0], [3408.5, 6417.0], [3410.75, 18536.0], [3411.75, 38531.0], [3413.0, 37287.0], [3413.5, 40000.0], [3414.25, 37830.0], [3419.75, 40000.0], [3420.5, 20812.0], [3422.25, 100.0]]}}}
{"jsonrpc": "2.0", "method": "subscription", "params": {"channel": "book.ETH-12DEC25.none.20.100ms", "data": {"timestamp": 1765399113038, "change_id": 100912840990, "instrument_name": "ETH-12DEC25", "bids": [[3400.0, 4150.0], [3399.75, 52380.0], [3399.5, 7974.0], [3396.5, 3765.0], [3396.25, 12612.0], [3396.0, 2136.0], [3395.75, 7156.0], [3394.5, 7465.0], [3394.25, 25010.0], [3392.0, 7346.0], [3391.75, 24610.0], [3391.5, 26865.0], [3391.25, 104605.0], [3391.0, 48927.0], [3390.5, 40000.0], [3390.25, 50740.0], [3383.75, 18091.0], [3383.5, 115780.0], [3382.75, 180000.0], [3382.5, 20967.0]], "asks": [[3401.0, 3736.0], [3401.25, 3527.0], [3401.5, 4824.0], [3401.75, 9224.0], [3402.0, 866.0], [3402.25, 3129.0], [3402.5, 1000.0], [3404.5, 2143.0], [3404.75, 7178.0], [3408.25, 7389.0], [3408.5, 24755.0], [3409.0, 26836.0], [3409.25, 90000.0], [3410.0, 24920.0], [3410.75, 50292.0], [3412.0, 40000.0], [3413.0, 51070.0], [3413.75, 180000.0], [3414.5, 500.0], [3417.0, 77127.0]]}}}
{"jsonrpc": "2.0", "method": "subscription", "params": {"channel": "book.ETH-12DEC25.none.20.100ms", "data": {"timestamp": 1765399113450, "change_id": 100912841717, "instrument_name": "ETH-12DEC25", "bids": [[3399.75, 50000.0], [3399.5, 2380.0], [3399.25, 7974.0], [3397.0, 2104.0], [3396.75, 7048.0], [3396.5, 3765.0], [3396.25, 12612.0], [3396.0, 2136.0], [3395.75, 7156.0], [3394.5, 7465.0], [3394.25, 25010.0], [3392.0, 7346.0], [3391.75, 24610.0], [3391.5, 26865.0], [3391.25, 104605.0], [3391.0, 48927.0], [3390.5, 40000.0], [3390.25, 50740.0], [3383.75, 22613.0], [3383.5, 115780.0]], "asks": [[3400.75, 3766.0], [3401.0, 3736.0], [3401.25, 3527.0], [3401.5, 4824.0], [3401.75, 9224.0], [3402.0, 866.0], [3402.25, 3129.0], [3402.5, 1000.0], [3404.5, 2143.0], [3404.75, 7178.0], [3408.25, 7389.0], [3408.5, 24755.0], [3409.0, 26836.0], [3409.25, 90000.0], [3410.0, 24920.0], [3410.75, 50292.0], [3412.0, 40000.0], [3413.0, 51070.0], [3413.75, 180000.0], [3414.5, 500.0]]}}}
{"jsonrpc": "2.0", "method": "subscription", "params": {"channel": "book.ETH-19DEC25.none.20.100ms", "data": {"timestamp": 1765399113457, "change_id": 100912841738, "instrument_name": "ETH-19DEC25", "bids": [[3401.5, 10000.0], [3401.25, 2409.0], [3401.0, 8071.0], [3398.0, 2174.0], [3397.75, 7282.0], [3397.0, 1899.0], [3396.75, 6361.0], [3394.0, 5700.0], [3393.75, 19096.0], [3392.75, 47923.0], [3392.5, 37475.0], [3392.25, 40000.0], [3388.0, 16.0], [3387.0, 16.0], [3386.75, 20967.0], [3386.0, 16.0], [3385.25, 78415.0], [3385.0, 116.0], [3383.0, 16.0], [3382.0, 16.0]], "asks": [[3402.0, 746.0], [3402.25, 3246.0], [3402.5, 3246.0], [3402.75, 3246.0], [3403.0, 2500.0], [3403.25, 373.0], [3403.5, 3659.0], [3404.25, 299.0], [3404.5, 1000.0], [3406.5, 2165.0], [3406.75, 7253.0], [3408.5, 6417.0], [3410.75, 18536.0], [3411.75, 38531.0], [3413.0, 37287.0], [3413.5, 40000.0], [3414.25, 37830.0], [3419.75, 40000.0], [3420.5, 20812.0], [3422.25, 100.0]]}}}
{"jsonrpc": "2.0", "method": "subscription", "params": {"channel": "book.ETH-12DEC25.none.20.100ms", "data": {"timestamp": 1765399113785, "change_id": 100912842746, "instrument_name": "ETH-12DEC25", "bids": [[3399.75, 50000.0], [3398.25, 7974.0], [3394.75, 12612.0], [3392.75, 2172.0], [3392.5, 7277.0], [3392.0, 7117.0], [3391.75, 24610.0], [3391.5, 26865.0], [3391.25, 104605.0], [3391.0, 48927.0], [3390.5, 40000.0], [3390.25, 50740.0], [3383.75, 22613.0], [3383.5, 115780.0], [3382.75, 180000.0], [3382.5, 20967.0], [3379.5, 40000.0], [3377.75, 76302.0], [3367.0, 48747.0], [3361.25, 72364.0]], "asks": [[3400.25, 5255.0], [3400.5, 11026.0], [3400.75, 11740.0], [3401.0, 3736.0], [3401.25, 3129.0], [3401.5, 1250.0], [3402.25, 2900.0], [3402.5, 1000.0], [3404.5, 2143.0], [3404.75, 7178.0], [3410.0, 24920.0], [3410.75, 50292.0], [3412.0, 40000.0], [3413.0, 51070.0], [3413.75, 180000.0], [3414.5, 500.0], [3417.0, 77127.0], [3418.0, 40000.0], [3419.25, 60.0], [3420.0, 20787.0]]}}}
{"jsonrpc": "2.0", "method": "subscription", "params": {"channel": "book.ETH-19DEC25.none.20.100ms", "data": {"timestamp": 1765399113788, "change_id": 100912842773, "instrument_name": "ETH-19DEC25", "bids": [[3401.5, 10000.0], [3400.0, 8071.0], [3397.0, 1899.0], [3396.75, 6361.0], [3395.0, 2180.0], [3394.75, 7302.0], [3394.0, 5700.0], [3393.75, 19096.0], [3393.0, 10966.0], [3392.75, 47923.0], [3392.5, 37475.0], [3392.25, 40000.0], [3388.0, 16.0], [3387.0, 16.0], [3386.75, 20967.0], [3386.0, 16.0], [3385.25, 78415.0], [3385.0, 116.0], [3383.0, 16.0], [3382.0, 16.0]], "asks": [[3402.0, 3024.0], [3402.25, 4965.0], [3402.5, 11317.0], [3402.75, 3246.0], [3403.0, 2500.0], [3403.25, 1250.0], [3403.75, 1000.0], [3406.5, 2165.0], [3406.75, 7253.0], [3408.5, 6417.0], [3410.75, 18536.0], [3411.75, 38531.0], [3413.0, 37287.0], [3413.5, 40000.0], [3414.25, 37830.0], [3419.75, 40000.0], [3420.5, 20812.0], [3422.0, 100.0], [3423.25, 38262.0], [3426.25, 40000.0]]}}}
{"jsonrpc": "2.0", "method": "subscription", "params": {"channel": "book.ETH-19DEC25.none.20.100ms", "data": {"timestamp": 1765399114074, "change_id": 100912844012, "instrument_name": "ETH-19DEC25", "bids": [[3401.5, 10000.0], [3400.75, 1250.0], [3400.5, 746.0], [3400.25, 4909.0], [3400.0, 8071.0], [3398.25, 2082.0], [3398.0, 6976.0], [3394.5, 3479.0], [3394.25, 12431.0], [3394.0, 5700.0], [3393.75, 19096.0], [3393.0, 7627.0], [3392.75, 36737.0], [3392.25, 40000.0], [3391.25, 37475.0], [3388.0, 16.0], [3387.0, 1146.0], [3386.75, 20967.0], [3386.0, 16.0], [3385.25, 78415.0]], "asks": [[3402.0, 3024.0], [3402.25, 4965.0], [3402.5, 12567.0], [3402.75, 3246.0], [3403.0, 2500.0], [3403.25, 746.0], [3403.5, 2799.0], [3403.75, 1000.0], [3406.5, 2165.0], [3406.75, 7253.0], [3408.5, 6417.0], [3410.75, 18536.0], [3411.75, 38531.0], [3413.0, 37287.0], [3413.5, 40000.0], [3414.25, 37830.0], [3419.75, 40000.0], [3420.5, 20812.0], [3422.0, 100.0], [3423.25, 38262.0]]}}}
{"jsonrpc": "2.0", "method": "subscription", "params": {"channel": "book.ETH-12DEC25.none.20.100ms", "data": {"timestamp": 1765399114104, "change_id": 100912844061, "instrument_name": "ETH-12DEC25", "bids": [[3399.75, 50000.0], [3399.0, 1250.0], [3398.5, 2380.0], [3398.25, 7974.0], [3395.75, 7340.0], [3395.0, 3765.0], [3394.75, 12612.0], [3392.25, 25010.0], [3391.75, 24610.0], [3391.25, 104605.0], [3391.0, 48927.0], [3390.5, 40000.0], [3390.25, 50740.0], [3383.75, 22613.0], [3383.5, 115780.0], [3382.75, 180000.0], [3382.5, 20967.0], [3379.5, 40000.0], [3377.75, 76302.0], [3367.0, 48747.0]], "asks": [[3400.0, 2900.0], [3400.25, 3766.0], [3400.5, 6261.0], [3400.75, 12990.0], [3401.25, 2900.0], [3401.75, 19558.0], [3402.25, 2900.0], [3402.5, 1000.0], [3404.25, 24755.0], [3404.75, 7178.0], [3410.0, 64920.0], [3410.75, 50292.0], [3413.0, 51070.0], [3413.75, 180000.0], [3414.5, 500.0], [3417.0, 77127.0], [3418.0, 40000.0], [3419.25, 60.0], [3420.0, 20787.0], [3420.5, 60.0]]}}}
{"jsonrpc": "2.0", "method": "subscription", "params": {"channel": "book.ETH-19DEC25.none.20.100ms", "data": {"timestamp": 1765399114450, "change_id": 100912845137, "instrument_name": "ETH-19DEC25", "bids": [[3401.5, 10000.0], [3401.25, 373.0], [3401.0, 1250.0], [3400.5, 746.0], [3400.25, 4909.0], [3400.0, 8071.0], [3398.25, 2082.0], [3398.0, 6976.0], [3394.5, 3479.0], [3394.25, 12431.0], [3394.0, 5700.0], [3393.75, 19096.0], [3393.0, 7627.0], [3392.75, 36737.0], [3392.25, 40000.0], [3391.25, 37475.0], [3388.0, 16.0], [3387.0, 1146.0], [3386.75, 20967.0], [3386.0, 16.0]], "asks": [[3402.0, 3024.0], [3402.25, 3619.0], [3402.5, 4496.0], [3402.75, 5560.0], [3403.0, 10571.0], [3403.25, 746.0], [3403.5, 2799.0], [3403.75, 1000.0], [3406.5, 2165.0], [3406.75, 7253.0], [3408.5, 6417.0], [3410.75, 18536.0], [3411.75, 38531.0], [3413.0, 37287.0], [3413.5, 40000.0], [3414.25, 37830.0], [3419.75, 40000.0], [3420.5, 20812.0], [3422.0, 100.0], [3423.25, 38262.0]]}}}
{"jsonrpc": "2.0", "method": "subscription", "params": {"channel": "book.ETH-12DEC25.none.20.100ms", "data": {"timestamp": 1765399114420, "change_id": 100912845023, "instrument_name": "ETH-12DEC25", "bids": [[3399.75, 50000.0], [3399.25, 1479.0], [3399.0, 2380.0], [3398.75, 7974.0], [3395.75, 7340.0], [3395.0, 3765.0], [3394.75, 12612.0], [3392.25, 25010.0], [3391.75, 24610.0], [3391.25, 104605.0], [3391.0, 48927.0], [3390.5, 40000.0], [3390.25, 50740.0], [3383.75, 22613.0], [3383.5, 115780.0], [3382.75, 180000.0], [3382.5, 20967.0], [3379.5, 40000.0], [3377.75, 76302.0], [3367.0, 48747.0]], "asks": [[3400.25, 2900.0], [3400.5, 6261.0], [3400.75, 11103.0], [3401.0, 2116.0], [3401.25, 2900.0], [3401.75, 19558.0], [3402.25, 2900.0], [3402.5, 1000.0], [3404.0, 7389.0], [3404.25, 24755.0], [3404.75, 7178.0], [3407.25, 90000.0], [3410.0, 64920.0], [3410.75, 50292.0], [3413.0, 51070.0], [3413.75, 180000.0], [3414.5, 500.0], [3417.0, 77127.0], [3418.0, 40000.0], [3419.25, 60.0]]}}}
{"jsonrpc": "2.0", "method": "subscription", "params": {"channel": "book.ETH-12DEC25.none.20.100ms", "data": {"timestamp": 1765399114664, "change_id": 100912845398, "instrument_name": "ETH-12DEC25", "bids": [[3399.75, 50000.0], [3399.25, 1250.0], [3399.0, 2380.0], [3398.75, 7974.0], [3396.0, 2191.0], [3395.75, 7340.0], [3395.0, 3765.0], [3394.75, 12612.0], [3392.25, 25010.0], [3391.75, 24610.0], [3391.25, 104605.0], [3391.0, 48927.0], [3390.5, 40000.0], [3390.25, 50740.0], [3383.75, 22613.0], [3383.5, 115780.0], [3382.75, 180000.0], [3382.5, 20967.0], [3379.5, 40000.0], [3377.75, 76302.0]], "asks": [[3400.25, 2900.0], [3400.5, 6261.0], [3400.75, 11103.0], [3401.0, 2116.0], [3401.25, 2900.0], [3402.25, 2900.0], [3402.5, 1000.0], [3404.0, 7389.0], [3404.25, 24755.0], [3404.75, 7178.0], [3407.25, 90000.0], [3410.0, 64920.0], [3410.75, 50292.0], [3413.0, 51070.0], [3413.75, 180000.0], [3414.5, 500.0], [3417.0, 77127.0], [3418.0, 40000.0], [3419.25, 60.0], [3420.0, 20787.0]]}}}
{"jsonrpc": "2.0", "method": "subscription", "params": {"channel": "book.ETH-19DEC25.none.20.100ms", "data": {"timestamp": 1765399114683, "change_id": 100912845418, "instrument_name": "ETH-19DEC25", "bids": [[3401.5, 10000.0], [3401.0, 1250.0], [3400.5, 746.0], [3400.25, 4909.0], [3400.0, 8071.0], [3398.25, 2082.0], [3398.0, 6976.0], [3394.5, 3479.0], [3394.25, 12431.0], [3394.0, 5700.0], [3393.75, 19096.0], [3393.0, 7627.0], [3392.75, 36737.0], [3392.25, 40000.0], [3391.25, 37475.0], [3388.0, 16.0], [3387.0, 1146.0], [3386.75, 20967.0], [3386.0, 16.0], [3385.25, 78415.0]], "asks": [[3402.0, 3024.0], [3402.25, 3619.0], [3402.5, 4496.0], [3402.75, 5560.0], [3403.0, 10571.0], [3403.25, 746.0], [3403.5, 2799.0], [3403.75, 1000.0], [3406.5, 2165.0], [3406.75, 7253.0], [3408.5, 6417.0], [3410.75, 18536.0], [3411.75, 38531.0], [3413.0, 37287.0], [3413.5, 40000.0], [3414.25, 37830.0], [3419.75, 40000.0], [3420.5, 20812.0], [3422.0, 100.0], [3423.25, 38262.0]]}}}
{"jsonrpc": "2.0", "method": "subscription", "params": {"channel": "book.ETH-12DEC25.none.20.100ms", "data": {"timestamp": 1765399115019, "change_id": 100912846048, "instrument_name": "ETH-12DEC25", "bids": [[3399.75, 50000.0], [3399.25, 1250.0], [3399.0, 2380.0], [3398.75, 7974.0], [3396.0, 2191.0], [3395.75, 7340.0], [3395.0, 3765.0], [3394.75, 12612.0], [3392.25, 25010.0], [3391.75, 24610.0], [3391.25, 104605.0], [3391.0, 48927.0], [3390.5, 40000.0], [3390.25, 50740.0], [3383.75, 22613.0], [3383.5, 115780.0], [3382.75, 180000.0], [3382.5, 20967.0], [3379.5, 40000.0], [3377.75, 76302.0]], "asks": [[3400.25, 2900.0], [3400.5, 3736.0], [3400.75, 3129.0], [3401.0, 3601.0], [3401.25, 7974.0], [3402.25, 2900.0], [3402.5, 1000.0], [3404.0, 7389.0], [3404.25, 24755.0], [3404.75, 7178.0], [3407.25, 90000.0], [3410.0, 64920.0], [3410.75, 50292.0], [3413.0, 51070.0], [3413.75, 180000.0], [3414.5, 500.0], [3417.0, 77127.0], [3418.0, 40000.0], [3419.25, 60.0], [3420.0, 20787.0]]}}}
{"jsonrpc": "2.0", "method": "subscription", "params": {"channel": "book.ETH-19DEC25.none.20.100ms", "data": {"timestamp": 1765399115075, "change_id": 100912846170, "instrument_name": "ETH-19DEC25", "bids": [[3401.5, 10000.0], [3401.25, 373.0], [3401.0, 1250.0], [3400.75, 2409.0], [3400.5, 8817.0], [3400.25, 2500.0], [3398.25, 2082.0], [3398.0, 6976.0], [3394.5, 3479.0], [3394.25, 12431.0], [3394.0, 5700.0], [3393.75, 19096.0], [3393.0, 7627.0], [3392.75, 36737.0], [3392.25, 40000.0], [3391.25, 37475.0], [3388.0, 16.0], [3387.0, 1146.0], [3386.75, 20967.0], [3386.0, 16.0]], "asks": [[3402.0, 3024.0], [3402.25, 3246.0], [3402.5, 8991.0], [3402.75, 25125.0], [3403.0, 11821.0], [3403.25, 746.0], [3403.5, 2799.0], [3403.75, 1000.0], [3406.5, 2165.0], [3406.75, 7253.0], [3408.5, 6417.0], [3410.75, 18536.0], [3411.75, 38531.0], [3413.0, 37287.0], [3413.5, 40000.0], [3414.25, 37830.0], [3419.75, 40000.0], [3420.5, 20812.0], [3422.0, 100.0], [3423.25, 38262.0]]}}}
{"jsonrpc": "2.0", "method": "subscription", "params": {"channel": "book.ETH-12DEC25.none.20.100ms", "data": {"timestamp": 1765399115386, "change_id": 100912846965, "instrument_name": "ETH-12DEC25", "bids": [[3399.75, 50000.0], [3399.25, 1250.0], [3399.0, 2380.0], [3398.75, 7974.0], [3396.25, 12612.0], [3396.0, 2191.0], [3395.75, 7340.0], [3393.75, 24610.0], [3392.5, 25010.0], [3391.25, 104605.0], [3391.0, 48927.0], [3390.5, 40000.0], [3390.25, 50740.0], [3383.75, 23743.0], [3383.5, 115780.0], [3382.75, 180000.0], [3382.5, 20967.0], [3379.5, 40000.0], [3377.75, 76302.0], [3367.0, 48747.0]], "asks": [[3400.5, 2900.0], [3400.75, 3129.0], [3401.0, 3601.0], [3401.25, 7974.0], [3402.25, 2900.0], [3402.5, 1000.0], [3404.0, 7389.0], [3404.25, 24755.0], [3404.75, 7178.0], [3405.75, 7439.0], [3406.0, 24920.0], [3407.25, 90000.0], [3407.75, 50292.0], [3410.0, 40000.0], [3413.0, 51070.0], [3413.75, 180000.0], [3414.5, 500.0], [3417.0, 77127.0], [3418.0, 40000.0], [3419.25, 60.0]]}}}
{"jsonrpc": "2.0", "method": "subscription", "params": {"channel": "book.ETH-19DEC25.none.20.100ms", "data": {"timestamp": 1765399115379, "change_id": 100912846953, "instrument_name": "ETH-19DEC25", "bids": [[3401.5, 10000.0], [3401.25, 373.0], [3401.0, 1250.0], [3400.75, 2409.0], [3400.5, 8817.0], [3400.25, 2500.0], [3398.25, 2082.0], [3398.0, 6976.0], [3395.75, 5700.0], [3395.5, 19096.0], [3394.75, 12431.0], [3393.0, 7627.0], [3392.75, 36737.0], [3392.25, 40000.0], [3391.25, 37475.0], [3388.0, 16.0], [3387.0, 1146.0], [3386.75, 20967.0], [3386.0, 16.0], [3385.25, 78415.0]], "asks": [[3402.0, 3246.0], [3402.25, 3246.0], [3402.5, 8991.0], [3402.75, 26375.0], [3403.0, 10571.0], [3403.25, 746.0], [3403.5, 2799.0], [3403.75, 1000.0], [3406.0, 1915.0], [3406.25, 6417.0], [3406.5, 2165.0], [3406.75, 7253.0], [3407.5, 18536.0], [3409.5, 38531.0], [3413.0, 37287.0], [3413.5, 40000.0], [3414.25, 37830.0], [3419.75, 40000.0], [3420.5, 20812.0], [3422.0, 100.0]]}}}
{"jsonrpc": "2.0", "method": "subscription", "params": {"channel": "book.ETH-12DEC25.none.20.100ms", "data": {"timestamp": 1765399115690, "change_id": 100912847256, "instrument_name": "ETH-12DEC25", "bids": [[3399.75, 50000.0], [3399.25, 1250.0], [3399.0, 2380.0], [3398.75, 7974.0], [3396.5, 3765.0], [3396.25, 12612.0], [3396.0, 2191.0], [3395.75, 7340.0], [3394.0, 7346.0], [3393.75, 24610.0], [3392.5, 25010.0], [3391.25, 104605.0], [3391.0, 48927.0], [3390.5, 40000.0], [3390.25, 50740.0], [3383.75, 23743.0], [3383.5, 115780.0], [3382.75, 180000.0], [3382.5, 20967.0], [3379.5, 40000.0]], "asks": [[3400.5, 4139.0], [3400.75, 4150.0], [3401.0, 2351.0], [3401.25, 7974.0], [3402.0, 866.0], [3402.25, 2900.0], [3402.5, 1000.0], [3404.0, 7389.0], [3404.25, 24755.0], [3404.5, 2143.0], [3404.75, 7178.0], [3405.75, 7439.0], [3406.0, 24920.0], [3407.25, 90000.0], [3407.75, 50292.0], [3410.0, 40000.0], [3413.0, 51070.0], [3413.75, 180000.0], [3414.5, 500.0], [3417.0, 77127.0]]}}}
{"jsonrpc": "2.0", "method": "subscription", "params": {"channel": "book.ETH-19DEC25.none.20.100ms", "data": {"timestamp": 1765399115708, "change_id": 100912847262, "instrument_name": "ETH-19DEC25", "bids": [[3401.5, 10000.0], [3401.0, 373.0], [3400.75, 3659.0], [3400.5, 8817.0], [3400.25, 2500.0], [3398.25, 2082.0], [3398.0, 6976.0], [3395.75, 5700.0], [3395.5, 19096.0], [3394.75, 12431.0], [3393.0, 7627.0], [3392.75, 36737.0], [3392.25, 40000.0], [3391.25, 37475.0], [3388.0, 16.0], [3387.0, 1146.0], [3386.75, 20967.0], [3386.0, 16.0], [3385.25, 78415.0], [3385.0, 116.0]], "asks": [[3402.0, 3246.0], [3402.25, 3246.0], [3402.5, 4496.0], [3402.75, 5560.0], [3403.0, 10571.0], [3403.25, 746.0], [3403.5, 2799.0], [3403.75, 1000.0], [3406.0, 1915.0], [3406.25, 6417.0], [3406.5, 2165.0], [3406.75, 7253.0], [3407.5, 18536.0], [3409.5, 38531.0], [3413.0, 37287.0], [3413.5, 40000.0], [3414.25, 37830.0], [3419.75, 40000.0], [3420.5, 20812.0], [3422.0, 100.0]]}}}
{"jsonrpc": "2.0", "method": "subscription", "params": {"channel": "book.ETH-12DEC25.none.20.100ms", "data": {"timestamp": 1765399116104, "change_id": 100912848008, "instrument_name": "ETH-12DEC25", "bids": [[3399.75, 50000.0], [3399.5, 1479.0], [3399.0, 2380.0], [3398.75, 7974.0], [3396.75, 12612.0], [3396.0, 2191.0], [3395.75, 7340.0], [3394.25, 25010.0], [3394.0, 7346.0], [3393.75, 24610.0], [3391.5, 26865.0], [3391.25, 104605.0], [3391.0, 48927.0], [3390.5, 40000.0], [3390.25, 50740.0], [3383.75, 23743.0], [3383.5, 115780.0], [3382.75, 180000.0], [3382.5, 20967.0], [3379.5, 40000.0]], "asks": [[3400.75, 3766.0], [3401.0, 5251.0], [3401.25, 9224.0], [3402.0, 866.0], [3402.25, 2900.0], [3402.5, 1000.0], [3404.0, 7389.0], [3404.25, 24755.0], [3404.5, 2143.0], [3404.75, 7178.0], [3406.75, 24920.0], [3407.25, 90000.0], [3407.75, 50292.0], [3410.0, 40000.0], [3413.0, 51070.0], [3413.75, 180000.0], [3414.5, 500.0], [3417.0, 77127.0], [3418.0, 40000.0], [3419.25, 60.0]]}}}
{"jsonrpc": "2.0", "method": "subscription", "params": {"channel": "book.ETH-19DEC25.none.20.100ms", "data": {"timestamp": 1765399116102, "change_id": 100912848002, "instrument_name": "ETH-19DEC25", "bids": [[3401.5, 10000.0], [3401.25, 1119.0], [3401.0, 4123.0], [3400.75, 2409.0], [3400.5, 8817.0], [3398.25, 2082.0], [3398.0, 6976.0], [3396.0, 6361.0], [3395.75, 5700.0], [3395.5, 19096.0], [3393.0, 7627.0], [3392.75, 36737.0], [3392.25, 40000.0], [3391.25, 37475.0], [3388.0, 16.0], [3387.0, 1146.0], [3386.75, 20967.0], [3386.0, 16.0], [3385.25, 78415.0], [3385.0, 116.0]], "asks": [[3402.0, 3246.0], [3402.25, 3246.0], [3402.5, 3246.0], [3402.75, 5560.0], [3403.0, 11821.0], [3403.25, 746.0], [3403.5, 2799.0], [3403.75, 1000.0], [3406.0, 1915.0], [3406.25, 6417.0], [3406.5, 2165.0], [3406.75, 7253.0], [3407.5, 18536.0], [3409.5, 38531.0], [3413.0, 37287.0], [3413.5, 40000.0], [3414.25, 37830.0], [3419.75, 40000.0], [3420.5, 20812.0], [3422.0, 100.0]]}}}
{"jsonrpc": "2.0", "method": "subscription", "params": {"channel": "book.ETH-12DEC25.none.20.100ms", "data": {"timestamp": 1765399116409, "change_id": 100912848704, "instrument_name": "ETH-12DEC25", "bids": [[3399.75, 50000.0], [3399.25, 1250.0], [3399.0, 2380.0], [3398.75, 7974.0], [3396.75, 12612.0], [3396.0, 2191.0], [3395.75, 7340.0], [3394.25, 25010.0], [3394.0, 7346.0], [3393.75, 24610.0], [3391.5, 26865.0], [3391.25, 104605.0], [3391.0, 48927.0], [3390.5, 40000.0], [3390.25, 50740.0], [3383.75, 23743.0], [3383.5, 115780.0], [3382.75, 180000.0], [3382.5, 20967.0], [3379.5, 40000.0]], "asks": [[3400.5, 5857.0], [3400.75, 3766.0], [3401.0, 5251.0], [3401.25, 15062.0], [3401.5, 19558.0], [3402.0, 866.0], [3402.25, 2900.0], [3402.5, 1000.0], [3404.0, 7389.0], [3404.25, 24755.0], [3404.5, 2143.0], [3404.75, 7178.0], [3406.75, 24920.0], [3407.25, 90000.0], [3407.75, 50292.0], [3410.0, 40000.0], [3413.0, 51070.0], [3413.75, 180000.0], [3414.5, 500.0], [3417.0, 77127.0]]}}}
{"jsonrpc": "2.0", "method": "subscription", "params": {"channel": "book.ETH-19DEC25.none.20.100ms", "data": {"timestamp": 1765399116108, "change_id": 100912848016, "instrument_name": "ETH-19DEC25", "bids": [[3401.5, 10000.0], [3401.25, 1119.0], [3401.0, 4123.0], [3400.75, 2409.0], [3400.5, 8817.0], [3398.25, 2082.0], [3398.0, 6976.0], [3396.0, 6361.0], [3395.75, 5700.0], [3395.5, 19096.0], [3395.0, 6070.0], [3393.0, 7627.0], [3392.75, 36737.0], [3392.25, 40000.0], [3391.25, 37475.0], [3388.0, 16.0], [3387.0, 1146.0], [3386.75, 20967.0], [3386.0, 16.0], [3385.25, 78415.0]], "asks": [[3402.0, 3246.0], [3402.25, 3246.0], [3402.5, 3246.0], [3402.75, 5560.0], [3403.0, 11821.0], [3403.25, 746.0], [3403.5, 2799.0], [3403.75, 1000.0], [3406.0, 1915.0], [3406.25, 6417.0], [3406.5, 2165.0], [3406.75, 7253.0], [3407.5, 18536.0], [3409.5, 38531.0], [3413.0, 37287.0], [3413.5, 40000.0], [3414.25, 37830.0], [3419.75, 40000.0], [3420.5, 20812.0], [3422.0, 100.0]]}}}
{"jsonrpc": "2.0", "method": "subscription", "params": {"channel": "book.ETH-12DEC25.none.20.100ms", "data": {"timestamp": 1765399116731, "change_id": 100912849076, "instrument_name": "ETH-12DEC25", "bids": [[3399.75, 50000.0], [3399.25, 1250.0], [3399.0, 2380.0], [3398.75, 7974.0], [3397.0, 3765.0], [3396.75, 12612.0], [3396.0, 2191.0], [3395.75, 7340.0], [3395.0, 2104.0], [3394.75, 7048.0], [3394.25, 25010.0], [3394.0, 7346.0], [3393.75, 24610.0], [3391.5, 26865.0], [3391.25, 104605.0], [3391.0, 48927.0], [3390.5, 40000.0], [3390.25, 50740.0], [3383.75, 23743.0], [3383.5, 115780.0]], "asks": [[3400.5, 3135.0], [3400.75, 11740.0], [3401.0, 4379.0], [3401.25, 5838.0], [3401.5, 19558.0], [3402.0, 866.0], [3402.25, 3129.0], [3402.5, 1000.0], [3404.0, 7389.0], [3404.25, 24755.0], [3404.5, 2143.0], [3404.75, 7178.0], [3406.75, 24920.0], [3407.25, 90000.0], [3407.75, 50292.0], [3410.0, 40000.0], [3413.0, 51070.0], [3413.75, 180000.0], [3414.5, 500.0], [3417.0, 77127.0]]}}}
{"jsonrpc": "2.0", "method": "subscription", "params": {"channel": "book.ETH-19DEC25.none.20.100ms", "data": {"timestamp": 1765399116600, "change_id": 100912848918, "instrument_name": "ETH-19DEC25", "bids": [[3401.5, 10000.0], [3401.0, 373.0], [3400.75, 3659.0], [3400.5, 8817.0], [3398.25, 2082.0], [3398.0, 6976.0], [3396.0, 6361.0], [3395.75, 5700.0], [3395.5, 19096.0], [3395.0, 6070.0], [3393.0, 7627.0], [3392.75, 36737.0], [3392.25, 40000.0], [3391.25, 37475.0], [3388.0, 16.0], [3387.0, 1146.0], [3386.75, 20967.0], [3386.0, 16.0], [3385.25, 78415.0], [3385.0, 116.0]], "asks": [[3402.0, 3246.0], [3402.25, 3246.0], [3402.5, 3246.0], [3402.75, 6810.0], [3403.0, 10571.0], [3403.25, 746.0], [3403.5, 2799.0], [3403.75, 1000.0], [3406.0, 1915.0], [3406.25, 6417.0], [3406.5, 2165.0], [3406.75, 7253.0], [3407.5, 18536.0], [3409.5, 38531.0], [3413.0, 37287.0], [3413.5, 40000.0], [3414.25, 37830.0], [3419.75, 40000.0], [3420.5, 20812.0], [3422.0, 100.0]]}}}
{"jsonrpc": "2.0", "method": "subscription", "params": {"channel": "book.ETH-19DEC25.none.20.100ms", "data": {"timestamp": 1765399117011, "change_id": 100912849448, "instrument_name": "ETH-19DEC25", "bids": [[3401.5, 10000.0], [3401.25, 373.0], [3401.0, 1250.0], [3400.75, 2409.0], [3400.5, 8817.0], [3398.25, 2082.0], [3398.0, 6976.0], [3396.0, 6361.0], [3395.75, 5700.0], [3395.5, 19096.0], [3395.0, 6070.0], [3393.0, 7627.0], [3392.75, 36737.0], [3392.25, 40000.0], [3391.25, 37475.0], [3388.0, 16.0], [3387.0, 1146.0], [3386.75, 20967.0], [3386.0, 16.0], [3385.25, 78415.0]], "asks": [[3402.0, 3246.0], [3402.25, 3246.0], [3402.5, 3246.0], [3402.75, 6810.0], [3403.0, 10571.0], [3403.25, 746.0], [3403.5, 2799.0], [3403.75, 1000.0], [3406.0, 1915.0], [3406.25, 6417.0], [3406.5, 2165.0], [3406.75, 7253.0], [3407.5, 18536.0], [3409.5, 38531.0], [3413.0, 37287.0], [3413.5, 40000.0], [3414.25, 37830.0], [3419.75, 40000.0], [3420.5, 20812.0], [3422.0, 100.0]]}}}
{"jsonrpc": "2.0", "method": "subscription", "params": {"channel": "book.ETH-12DEC25.none.20.100ms", "data": {"timestamp": 1765399117220, "change_id": 100912849928, "instrument_name": "ETH-12DEC25", "bids": [[3399.75, 50000.0], [3399.5, 1250.0], [3399.0, 2380.0], [3398.75, 7974.0], [3397.0, 3765.0], [3396.75, 12612.0], [3396.0, 2191.0], [3395.75, 7340.0], [3395.0, 2104.0], [3394.75, 7048.0], [3394.25, 25010.0], [3394.0, 7346.0], [3393.75, 24610.0], [3391.5, 26865.0], [3391.25, 104605.0], [3391.0, 48927.0], [3390.5, 40000.0], [3390.25, 50740.0], [3383.75, 23743.0], [3383.5, 115780.0]], "asks": [[3400.5, 3135.0], [3400.75, 11740.0], [3401.0, 4379.0], [3401.25, 5838.0], [3401.5, 19558.0], [3402.0, 866.0], [3402.25, 3129.0], [3402.5, 1000.0], [3404.0, 7389.0], [3404.25, 24755.0], [3404.5, 2143.0], [3404.75, 7178.0], [3406.75, 24920.0], [3407.25, 90000.0], [3407.75, 50292.0], [3410.0, 40000.0], [3413.0, 51070.0], [3413.75, 180000.0], [3414.5, 500.0], [3417.0, 77127.0]]}}}
{"jsonrpc": "2.0", "method": "subscription", "params": {"channel": "book.ETH-12DEC25.none.20.100ms", "data": {"timestamp": 1765399117985, "change_id": 100912851214, "instrument_name": "ETH-12DEC25", "bids": [[3400.0, 2400.0], [3399.75, 50000.0], [3399.5, 1250.0], [3399.0, 2380.0], [3398.75, 7974.0], [3397.25, 3765.0], [3397.0, 12612.0], [3396.0, 2191.0], [3395.75, 7340.0], [3395.0, 2104.0], [3394.75, 32058.0], [3394.0, 7346.0], [3393.75, 24610.0], [3392.25, 48927.0], [3391.5, 26865.0], [3391.25, 90000.0], [3390.5, 40000.0], [3390.25, 50740.0], [3383.75, 23743.0], [3383.5, 115780.0]], "asks": [[3400.75, 3766.0], [3401.0, 6501.0], [3401.25, 13812.0], [3401.5, 19558.0], [3402.0, 866.0], [3402.25, 3129.0], [3402.5, 1000.0], [3404.0, 7389.0], [3404.25, 24755.0], [3404.5, 2143.0], [3404.75, 7178.0], [3406.75, 24920.0], [3407.25, 90000.0], [3407.75, 50292.0], [3410.0, 40000.0], [3413.0, 51070.0], [3413.75, 180000.0], [3414.5, 500.0], [3417.0, 77127.0], [3418.0, 40000.0]]}}}
{"jsonrpc": "2.0", "method": "subscription", "params": {"channel": "book.ETH-19DEC25.none.20.100ms", "data": {"timestamp": 1765399117991, "change_id": 100912851238, "instrument_name": "ETH-19DEC25", "bids": [[3401.5, 12873.0], [3401.25, 1250.0], [3400.75, 2409.0], [3400.5, 8817.0], [3398.25, 2082.0], [3398.0, 6976.0], [3396.25, 6361.0], [3395.75, 5700.0], [3395.5, 19096.0], [3395.25, 6070.0], [3393.0, 7627.0], [3392.75, 36737.0], [3392.25, 40000.0], [3391.25, 37475.0], [3388.0, 16.0], [3387.0, 1146.0], [3386.75, 20967.0], [3386.0, 16.0], [3385.25, 78415.0], [3385.0, 116.0]], "asks": [[3402.0, 3246.0], [3402.25, 3246.0], [3402.5, 3246.0], [3402.75, 6810.0], [3403.0, 10571.0], [3403.25, 746.0], [3403.5, 2799.0], [3403.75, 1000.0], [3406.0, 1915.0], [3406.25, 6417.0], [3406.5, 2165.0], [3406.75, 7253.0], [3407.5, 18536.0], [3409.5, 38531.0], [3413.0, 37287.0], [3413.5, 40000.0], [3414.25, 37830.0], [3419.75, 40000.0], [3420.5, 20812.0], [3422.0, 100.0]]}}}
{"jsonrpc": "2.0", "method": "subscription", "params": {"channel": "book.ETH-12DEC25.none.20.100ms", "data": {"timestamp": 1765399118408, "change_id": 100912854144, "instrument_name": "ETH-12DEC25", "bids": [[3399.75, 50000.0], [3399.25, 2380.0], [3399.0, 7974.0], [3396.5, 7045.0], [3395.0, 12612.0], [3392.5, 24610.0], [3391.5, 75792.0], [3391.25, 90000.0], [3390.5, 40000.0], [3390.25, 50740.0], [3383.75, 23743.0], [3383.5, 115780.0], [3382.75, 180000.0], [3382.5, 20967.0], [3379.5, 40000.0], [3377.75, 76302.0], [3367.0, 48747.0], [3361.25, 72364.0], [3361.0, 270000.0], [3358.75, 50425.0]], "asks": [[3400.75, 4991.0], [3401.0, 2900.0], [3401.25, 229.0], [3401.5, 3630.0], [3401.75, 7974.0], [3402.25, 229.0], [3402.5, 1000.0], [3404.0, 7389.0], [3404.25, 24755.0], [3407.25, 90000.0], [3408.5, 24920.0], [3408.75, 50292.0], [3410.0, 40000.0], [3412.0, 21159.0], [3413.0, 51070.0], [3413.75, 180000.0], [3414.5, 500.0], [3417.0, 77127.0], [3418.0, 40000.0], [3419.25, 60.0]]}}}
{"jsonrpc": "2.0", "method": "subscription", "params": {"channel": "book.ETH-19DEC25.none.20.100ms", "data": {"timestamp": 1765399118421, "change_id": 100912854165, "instrument_name": "ETH-19DEC25", "bids": [[3401.75, 1800.0], [3401.5, 12500.0], [3401.0, 2409.0], [3400.75, 8071.0], [3398.75, 2079.0], [3398.5, 6964.0], [3394.25, 19096.0], [3393.5, 1812.0], [3393.25, 6070.0], [3393.0, 8757.0], [3392.75, 36737.0], [3392.25, 40000.0], [3391.25, 37475.0], [3388.0, 16.0], [3387.0, 16.0], [3386.75, 20967.0], [3386.0, 16.0], [3385.25, 78415.0], [3385.0, 116.0], [3383.0, 16.0]], "asks": [[3402.25, 3246.0], [3402.5, 3246.0], [3402.75, 3246.0], [3403.0, 2500.0], [3403.25, 3060.0], [3403.5, 10870.0], [3403.75, 1000.0], [3406.0, 3848.0], [3406.25, 13711.0], [3409.25, 18536.0], [3410.5, 38531.0], [3413.0, 37287.0], [3413.5, 40000.0], [3414.25, 37830.0], [3419.75, 40000.0], [3420.5, 20812.0], [3422.25, 100.0], [3423.25, 38262.0], [3426.25, 40000.0], [3435.75, 24375.0]]}}}
{"jsonrpc": "2.0", "method": "subscription", "params": {"channel": "book.ETH-12DEC25.none.20.100ms", "data": {"timestamp": 1765399118710, "change_id": 100912854738, "instrument_name": "ETH-12DEC25", "bids": [[3400.0, 10380.0], [3399.75, 52380.0], [3399.5, 7974.0], [3396.5, 7045.0], [3395.0, 12612.0], [3392.5, 24610.0], [3391.5, 75792.0], [3391.25, 90000.0], [3390.5, 40000.0], [3390.25, 50740.0], [3383.75, 23743.0], [3383.5, 115780.0], [3382.75, 180000.0], [3382.5, 20967.0], [3379.5, 40000.0], [3377.75, 76302.0], [3367.0, 48747.0], [3361.25, 72364.0], [3361.0, 270000.0], [3358.75, 50425.0]], "asks": [[3400.75, 4991.0], [3401.25, 229.0], [3401.5, 3630.0], [3401.75, 7974.0], [3402.25, 229.0], [3402.5, 1000.0], [3403.75, 2110.0], [3404.0, 14459.0], [3404.25, 24755.0], [3407.25, 90000.0], [3408.5, 24920.0], [3408.75, 50292.0], [3410.0, 40000.0], [3412.0, 21159.0], [3413.0, 51070.0], [3413.75, 180000.0], [3414.5, 500.0], [3417.0, 77127.0], [3418.0, 40000.0], [3419.25, 60.0]]}}}
{"jsonrpc": "2.0", "method": "subscription", "params": {"channel": "book.ETH-19DEC25.none.20.100ms", "data": {"timestamp": 1765399118671, "change_id": 100912854573, "instrument_name": "ETH-19DEC25", "bids": [[3401.75, 5657.0], [3401.5, 13750.0], [3401.0, 2409.0], [3400.75, 8071.0], [3398.75, 2079.0], [3398.5, 6964.0], [3394.25, 19096.0], [3393.5, 1812.0], [3393.25, 6070.0], [3393.0, 8757.0], [3392.75, 36737.0], [3392.25, 40000.0], [3391.25, 37475.0], [3388.0, 16.0], [3387.0, 16.0], [3386.75, 20967.0], [3386.0, 16.0], [3385.25, 78415.0], [3385.0, 116.0], [3383.0, 16.0]], "asks": [[3402.5, 3246.0], [3402.75, 3246.0], [3403.0, 2873.0], [3403.25, 4310.0], [3403.5, 10870.0], [3403.75, 1000.0], [3406.0, 3848.0], [3406.25, 13711.0], [3409.25, 18536.0], [3410.5, 38531.0], [3413.0, 37287.0], [3413.5, 40000.0], [3414.25, 37830.0], [3419.75, 40000.0], [3420.5, 20812.0], [3422.25, 100.0], [3423.25, 38262.0], [3426.25, 40000.0], [3435.75, 24375.0], [3436.0, 1130.0]]}}}
{"jsonrpc": "2.0", "method": "subscription", "params": {"channel": "book.ETH-12DEC25.none.20.100ms", "data": {"timestamp": 1765399119083, "change_id": 100912856166, "instrument_name": "ETH-12DEC25", "bids": [[3400.25, 4757.0], [3400.0, 12064.0], [3399.75, 52380.0], [3399.5, 7974.0], [3399.0, 12476.0], [3396.5, 7045.0], [3392.5, 24610.0], [3391.5, 26865.0], [3391.25, 90000.0], [3390.5, 40000.0], [3390.25, 50740.0], [3383.75, 23743.0], [3383.5, 115780.0], [3382.75, 180000.0], [3382.5, 20967.0], [3379.5, 40000.0], [3377.75, 76302.0], [3367.0, 48747.0], [3361.25, 72364.0], [3361.0, 270000.0]], "asks": [[3401.75, 229.0], [3402.0, 1250.0], [3402.25, 229.0], [3402.5, 1000.0], [3407.25, 90000.0], [3408.5, 39932.0], [3409.25, 7403.0], [3410.0, 40000.0], [3412.0, 21159.0], [3413.0, 51070.0], [3413.75, 180000.0], [3414.5, 500.0], [3417.0, 77127.0], [3418.0, 40000.0], [3419.25, 60.0], [3420.5, 60.0], [3422.0, 60.0], [3422.25, 74162.0], [3423.25, 60.0], [3424.5, 40000.0]]}}}
{"jsonrpc": "2.0", "method": "subscription", "params": {"channel": "book.ETH-19DEC25.none.20.100ms", "data": {"timestamp": 1765399119083, "change_id": 100912856164, "instrument_name": "ETH-19DEC25", "bids": [[3402.25, 3247.0], [3402.0, 3411.0], [3401.75, 6907.0], [3401.5, 12409.0], [3401.25, 8071.0], [3398.75, 2079.0], [3398.5, 6964.0], [3394.75, 1899.0], [3394.5, 12061.0], [3394.25, 19096.0], [3393.25, 337.0], [3393.0, 8757.0], [3392.75, 36737.0], [3392.25, 40000.0], [3391.25, 37475.0], [3388.0, 16.0], [3387.0, 16.0], [3386.75, 20967.0], [3386.0, 16.0], [3385.25, 78415.0]], "asks": [[3403.0, 3199.0], [3403.25, 3246.0], [3403.5, 2799.0], [3403.75, 1250.0], [3404.75, 299.0], [3405.0, 1000.0], [3406.0, 1915.0], [3406.25, 6417.0], [3410.5, 38531.0], [3413.0, 37287.0], [3413.5, 40000.0], [3414.25, 37830.0], [3419.75, 40000.0], [3420.5, 20812.0], [3422.5, 100.0], [3423.25, 38262.0], [3426.25, 40000.0], [3435.75, 24375.0], [3436.0, 1130.0], [3437.5, 24323.0]]}}}
{"jsonrpc": "2.0", "method": "subscription", "params": {"channel": "book.ETH-19DEC25.none.20.100ms", "data": {"timestamp": 1765399119340, "change_id": 100912857402, "instrument_name": "ETH-19DEC25", "bids": [[3402.0, 3367.0], [3401.75, 5788.0], [3401.5, 12409.0], [3401.25, 8071.0], [3398.75, 2079.0], [3398.5, 6964.0], [3394.0, 1812.0], [3393.75, 6070.0], [3393.0, 20226.0], [3392.25, 40000.0], [3391.25, 37475.0], [3390.75, 36737.0], [3388.0, 16.0], [3387.0, 16.0], [3386.75, 20967.0], [3386.0, 16.0], [3385.25, 78415.0], [3385.0, 116.0], [3383.0, 16.0], [3382.0, 116.0]], "asks": [[3402.5, 3246.0], [3402.75, 3247.0], [3403.0, 3199.0], [3403.25, 3246.0], [3403.5, 3750.0], [3403.75, 2409.0], [3404.0, 8071.0], [3404.75, 299.0], [3405.0, 1000.0], [3406.5, 7082.0], [3410.0, 1915.0], [3410.25, 6417.0], [3413.0, 37287.0], [3413.5, 40000.0], [3414.0, 38531.0], [3414.25, 37830.0], [3419.75, 40000.0], [3420.5, 20812.0], [3422.5, 100.0], [3423.25, 38262.0]]}}}
{"jsonrpc": "2.0", "method": "subscription", "params": {"channel": "book.ETH-12DEC25.none.20.100ms", "data": {"timestamp": 1765399119336, "change_id": 100912857399, "instrument_name": "ETH-12DEC25", "bids": [[3400.25, 4150.0], [3400.0, 10118.0], [3399.75, 52380.0], [3399.5, 7974.0], [3399.0, 12476.0], [3396.5, 7045.0], [3395.5, 12612.0], [3391.75, 25010.0], [3391.5, 26865.0], [3391.25, 90000.0], [3391.0, 24610.0], [3390.5, 40000.0], [3389.0, 48927.0], [3387.75, 50740.0], [3383.75, 23743.0], [3383.5, 115780.0], [3382.75, 180000.0], [3382.5, 20967.0], [3379.5, 40000.0], [3377.75, 76302.0]], "asks": [[3401.5, 9982.0], [3401.75, 229.0], [3402.0, 3630.0], [3402.25, 8203.0], [3402.5, 1000.0], [3404.5, 7232.0], [3407.25, 90000.0], [3408.25, 24755.0], [3410.0, 40000.0], [3410.5, 24920.0], [3412.0, 21159.0], [3412.5, 50292.0], [3413.0, 51070.0], [3413.75, 180000.0], [3414.5, 500.0], [3417.0, 77127.0], [3418.0, 40000.0], [3419.25, 60.0], [3420.5, 60.0], [3422.0, 60.0]]}}}
{"jsonrpc": "2.0", "method": "subscription", "params": {"channel": "book.ETH-12DEC25.none.20.100ms", "data": {"timestamp": 1765399119723, "change_id": 100912858798, "instrument_name": "ETH-12DEC25", "bids": [[3400.25, 4150.0], [3400.0, 22130.0], [3399.75, 50000.0], [3399.25, 3724.0], [3399.0, 12476.0], [3396.75, 2103.0], [3396.5, 7045.0], [3391.5, 26865.0], [3391.25, 90000.0], [3390.75, 25010.0], [3390.5, 40000.0], [3389.0, 48927.0], [3387.75, 75350.0], [3383.75, 23743.0], [3383.5, 115780.0], [3382.75, 180000.0], [3382.5, 20967.0], [3379.5, 40000.0], [3377.75, 76302.0], [3367.0, 48747.0]], "asks": [[3401.75, 753.0], [3402.0, 2753.0], [3402.25, 9224.0], [3407.0, 26865.0], [3407.25, 90000.0], [3408.0, 7389.0], [3408.25, 24755.0], [3409.5, 2189.0], [3409.75, 19272.0], [3410.0, 40000.0], [3412.0, 21159.0], [3413.75, 180000.0], [3414.5, 500.0], [3418.0, 40000.0], [3419.25, 60.0], [3420.5, 50352.0], [3422.0, 60.0], [3422.25, 125232.0], [3423.25, 60.0], [3424.5, 40000.0]]}}}
{"jsonrpc": "2.0", "method": "subscription", "params": {"channel": "book.ETH-19DEC25.none.20.100ms", "data": {"timestamp": 1765399119744, "change_id": 100912858843, "instrument_name": "ETH-19DEC25", "bids": [[3402.5, 3246.0], [3402.25, 3619.0], [3402.0, 6654.0], [3401.75, 12609.0], [3401.5, 10000.0], [3398.75, 2079.0], [3398.5, 6964.0], [3393.0, 1130.0], [3392.5, 6070.0], [3392.25, 40000.0], [3390.75, 36737.0], [3390.0, 19096.0], [3388.0, 16.0], [3387.5, 37475.0], [3387.0, 16.0], [3386.75, 20967.0], [3386.0, 16.0], [3385.25, 78415.0], [3385.0, 116.0], [3383.0, 16.0]], "asks": [[3403.0, 1146.0], [3403.25, 3246.0], [3403.5, 2500.0], [3403.75, 2409.0], [3404.0, 9321.0], [3410.0, 1915.0], [3410.25, 6417.0], [3411.75, 7088.0], [3413.5, 40000.0], [3414.0, 38531.0], [3415.0, 18536.0], [3417.75, 37287.0], [3419.75, 40000.0], [3420.5, 20812.0], [3421.5, 37830.0], [3423.0, 100.0], [3423.25, 38262.0], [3426.25, 40000.0], [3435.75, 24375.0], [3436.0, 1130.0]]}}}
{"jsonrpc": "2.0", "method": "subscription", "params": {"channel": "book.ETH-19DEC25.none.20.100ms", "data": {"timestamp": 1765399120078, "change_id": 100912859925, "instrument_name": "ETH-19DEC25", "bids": [[3403.0, 3246.0], [3402.75, 3246.0], [3402.5, 3246.0], [3402.25, 4496.0], [3402.0, 5404.0], [3401.75, 13309.0], [3401.5, 10000.0], [3398.75, 2079.0], [3398.5, 6964.0], [3393.5, 6361.0], [3393.0, 1130.0], [3392.5, 6070.0], [3392.25, 40000.0], [3390.75, 36737.0], [3390.0, 19096.0], [3388.0, 16.0], [3387.75, 4522.0], [3387.5, 37475.0], [3387.0, 16.0], [3386.75, 20967.0]], "asks": [[3403.5, 2500.0], [3403.75, 373.0], [3404.25, 2409.0], [3404.5, 8071.0], [3410.0, 1915.0], [3410.25, 6417.0], [3413.5, 40000.0], [3414.0, 38531.0], [3415.0, 18536.0], [3417.75, 37287.0], [3419.75, 40000.0], [3420.5, 20812.0], [3421.5, 37830.0], [3423.25, 38262.0], [3423.5, 100.0], [3426.25, 40000.0], [3435.75, 24375.0], [3436.0, 1130.0], [3437.5, 24323.0], [3460.25, 25132.0]]}}}
{"jsonrpc": "2.0", "method": "subscription", "params": {"channel": "book.ETH-12DEC25.none.20.100ms", "data": {"timestamp": 1765399120076, "change_id": 100912859919, "instrument_name": "ETH-12DEC25", "bids": [[3400.75, 4150.0], [3400.5, 10874.0], [3400.25, 2900.0], [3399.75, 50000.0], [3399.0, 12476.0], [3396.5, 7045.0], [3391.75, 12612.0], [3391.25, 90000.0], [3390.75, 25010.0], [3390.5, 40000.0], [3389.0, 48927.0], [3387.75, 75350.0], [3383.75, 23743.0], [3383.5, 115780.0], [3382.75, 180000.0], [3382.5, 20967.0], [3379.5, 40000.0], [3377.75, 76302.0], [3367.0, 48747.0], [3361.25, 72364.0]], "asks": [[3401.75, 4991.0], [3402.0, 4991.0], [3402.75, 7974.0], [3407.25, 90000.0], [3408.25, 24755.0], [3412.0, 61159.0], [3413.75, 180000.0], [3414.5, 500.0], [3414.75, 24920.0], [3418.0, 40000.0], [3419.25, 60.0], [3420.5, 50352.0], [3422.0, 60.0], [3422.25, 125232.0], [3423.25, 60.0], [3424.5, 40000.0], [3424.75, 60.0], [3426.0, 77127.0], [3426.25, 60.0], [3427.5, 60.0]]}}}
{"jsonrpc": "2.0", "method": "subscription", "params": {"channel": "book.ETH-19DEC25.none.20.100ms", "data": {"timestamp": 1765399120320, "change_id": 100912860963, "instrument_name": "ETH-19DEC25", "bids": [[3403.0, 3246.0], [3402.75, 4496.0], [3402.5, 5933.0], [3402.25, 11317.0], [3402.0, 3203.0], [3401.75, 5238.0], [3401.5, 10000.0], [3398.75, 2079.0], [3398.5, 6964.0], [3393.5, 6361.0], [3393.0, 1130.0], [3392.5, 6070.0], [3392.25, 40000.0], [3390.75, 36737.0], [3390.0, 19096.0], [3388.0, 16.0], [3387.75, 4522.0], [3387.5, 37475.0], [3387.0, 16.0], [3386.75, 20967.0]], "asks": [[3403.5, 2500.0], [3404.25, 2409.0], [3404.5, 9321.0], [3408.0, 2102.0], [3408.25, 7042.0], [3410.0, 1915.0], [3410.25, 6417.0], [3413.5, 40000.0], [3414.0, 38531.0], [3415.0, 18536.0], [3417.75, 37287.0], [3419.75, 40000.0], [3420.5, 20812.0], [3421.5, 37830.0], [3423.25, 38262.0], [3423.5, 100.0], [3426.25, 40000.0], [3435.75, 24375.0], [3436.0, 1130.0], [3437.5, 24323.0]]}}}
{"jsonrpc": "2.0", "method": "subscription", "params": {"channel": "book.ETH-12DEC25.none.20.100ms", "data": {"timestamp": 1765399120409, "change_id": 100912861040, "instrument_name": "ETH-12DEC25", "bids": [[3401.25, 2900.0], [3401.0, 4986.0], [3400.75, 5251.0], [3400.5, 7974.0], [3400.0, 14925.0], [3399.75, 50000.0], [3396.75, 2103.0], [3396.5, 7045.0], [3392.25, 12612.0], [3391.5, 25010.0], [3391.25, 90000.0], [3390.5, 40000.0], [3389.0, 48927.0], [3387.75, 75350.0], [3383.75, 23743.0], [3383.5, 115780.0], [3382.75, 180000.0], [3382.5, 20967.0], [3379.5, 40000.0], [3377.75, 76302.0]], "asks": [[3402.25, 6482.0], [3402.5, 2380.0], [3402.75, 8203.0], [3403.0, 1250.0], [3405.75, 2208.0], [3406.0, 7397.0], [3407.0, 26865.0], [3407.25, 90000.0], [3408.0, 7389.0], [3408.25, 24755.0], [3412.0, 61159.0], [3413.75, 180000.0], [3414.5, 500.0], [3414.75, 24920.0], [3418.0, 40000.0], [3419.25, 60.0], [3420.5, 50352.0], [3422.0, 60.0], [3422.25, 125232.0], [3423.25, 60.0]]}}}
{"jsonrpc": "2.0", "method": "subscription", "params": {"channel": "book.ETH-19DEC25.none.20.100ms", "data": {"timestamp": 1765399120733, "change_id": 100912861929, "instrument_name": "ETH-19DEC25", "bids": [[3402.75, 1996.0], [3402.5, 3246.0], [3402.25, 3246.0], [3402.0, 5566.0], [3401.75, 13309.0], [3401.5, 10000.0], [3398.75, 2079.0], [3398.5, 6964.0], [3393.5, 6361.0], [3393.0, 1130.0], [3392.5, 6070.0], [3392.25, 40000.0], [3390.75, 36737.0], [3390.0, 19096.0], [3388.0, 16.0], [3387.75, 4522.0], [3387.5, 37475.0], [3387.0, 16.0], [3386.75, 20967.0], [3386.0, 16.0]], "asks": [[3403.25, 3246.0], [3403.5, 2500.0], [3404.25, 2409.0], [3404.5, 9321.0], [3408.0, 2102.0], [3408.25, 7042.0], [3410.0, 1915.0], [3410.25, 6417.0], [3413.5, 40000.0], [3414.0, 38531.0], [3415.0, 18536.0], [3417.75, 37287.0], [3419.75, 40000.0], [3420.5, 20812.0], [3421.5, 37830.0], [3423.25, 38262.0], [3423.5, 100.0], [3426.25, 40000.0], [3435.75, 24375.0], [3436.0, 1130.0]]}}}
{"jsonrpc": "2.0", "method": "subscription", "params": {"channel": "book.ETH-12DEC25.none.20.100ms", "data": {"timestamp": 1765399120726, "change_id": 100912861908, "instrument_name": "ETH-12DEC25", "bids": [[3400.75, 6501.0], [3400.5, 7974.0], [3400.0, 14925.0], [3399.75, 50000.0], [3396.75, 2103.0], [3396.5, 7045.0], [3392.5, 3765.0], [3392.25, 12612.0], [3391.5, 25010.0], [3391.25, 90000.0], [3390.5, 40000.0], [3389.0, 48927.0], [3387.75, 75350.0], [3383.75, 23743.0], [3383.5, 115780.0], [3382.75, 180000.0], [3382.5, 20967.0], [3379.5, 40000.0], [3377.75, 76302.0], [3367.0, 48747.0]], "asks": [[3402.0, 1490.0], [3402.25, 5221.0], [3402.5, 2380.0], [3402.75, 9224.0], [3405.75, 2208.0], [3406.0, 7397.0], [3407.0, 26865.0], [3407.25, 90000.0], [3408.0, 7389.0], [3408.25, 24755.0], [3412.0, 61159.0], [3413.75, 180000.0], [3414.5, 500.0], [3414.75, 24920.0], [3418.0, 40000.0], [3419.25, 60.0], [3420.5, 50352.0], [3422.0, 60.0], [3422.25, 125232.0], [3423.25, 60.0]]}}}
{"jsonrpc": "2.0", "method": "subscription", "params": {"channel": "book.ETH-12DEC25.none.20.100ms", "data": {"timestamp": 1765399121020, "change_id": 100912862553, "instrument_name": "ETH-12DEC25", "bids": [[3400.75, 4150.0], [3400.25, 2380.0], [3400.0, 22899.0], [3399.75, 50000.0], [3396.75, 2103.0], [3396.5, 7045.0], [3392.5, 3765.0], [3392.25, 12612.0], [3391.5, 25010.0], [3391.25, 90000.0], [3390.5, 40000.0], [3389.0, 48927.0], [3387.75, 75350.0], [3383.75, 23743.0], [3383.5, 115780.0], [3382.75, 180000.0], [3382.5, 20967.0], [3379.5, 40000.0], [3377.75, 76302.0], [3367.0, 48747.0]], "asks": [[3402.0, 1490.0], [3402.25, 4991.0], [3402.5, 2380.0], [3402.75, 9224.0], [3405.75, 2208.0], [3406.0, 7397.0], [3407.0, 26865.0], [3407.25, 90000.0], [3408.0, 7389.0], [3408.25, 24755.0], [3412.0, 61159.0], [3413.75, 180000.0], [3414.5, 500.0], [3414.75, 24920.0], [3418.0, 40000.0], [3419.25, 60.0], [3420.5, 50352.0], [3422.0, 60.0], [3422.25, 125232.0], [3423.25, 60.0]]}}}
{"jsonrpc": "2.0", "method": "subscription", "params": {"channel": "book.ETH-19DEC25.none.20.100ms", "data": {"timestamp": 1765399120874, "change_id": 100912862184, "instrument_name": "ETH-19DEC25", "bids": [[3402.75, 3246.0], [3402.5, 4496.0], [3402.25, 3246.0], [3402.0, 5566.0], [3401.75, 13309.0], [3401.5, 10000.0], [3398.75, 2079.0], [3398.5, 6964.0], [3393.5, 6361.0], [3393.0, 1130.0], [3392.5, 6070.0], [3392.25, 40000.0], [3390.75, 36737.0], [3390.0, 19096.0], [3388.0, 16.0], [3387.75, 4522.0], [3387.5, 37475.0], [3387.0, 16.0], [3386.75, 20967.0], [3386.0, 16.0]], "asks": [[3403.25, 2500.0], [3404.0, 373.0], [3404.25, 3659.0], [3404.5, 8071.0], [3404.75, 299.0], [3405.0, 1000.0], [3408.0, 2102.0], [3408.25, 7042.0], [3410.0, 1915.0], [3410.25, 6417.0], [3413.5, 40000.0], [3414.0, 38531.0], [3415.0, 18536.0], [3417.75, 37287.0], [3419.75, 40000.0], [3420.5, 20812.0], [3421.5, 37830.0], [3423.25, 38362.0], [3426.25, 40000.0], [3435.75, 24375.0]]}}}
{"jsonrpc": "2.0", "method": "subscription", "params": {"channel": "book.ETH-12DEC25.none.20.100ms", "data": {"timestamp": 1765399121317, "change_id": 100912863470, "instrument_name": "ETH-12DEC25", "bids": [[3401.0, 1250.0], [3400.75, 2900.0], [3400.25, 2380.0], [3400.0, 22899.0], [3399.75, 50000.0], [3397.25, 2104.0], [3397.0, 7048.0], [3396.75, 2103.0], [3396.5, 7045.0], [3393.25, 12612.0], [3391.25, 115010.0], [3390.5, 40000.0], [3389.0, 48927.0], [3387.75, 75350.0], [3383.75, 23743.0], [3383.5, 115780.0], [3382.75, 180000.0], [3382.5, 20967.0], [3379.5, 40000.0], [3377.75, 76302.0]], "asks": [[3402.5, 2380.0], [3402.75, 9224.0], [3405.75, 2208.0], [3406.0, 7397.0], [3407.0, 26865.0], [3407.25, 90000.0], [3408.0, 7389.0], [3408.25, 24755.0], [3412.0, 61159.0], [3413.75, 180000.0], [3414.5, 500.0], [3414.75, 24920.0], [3418.0, 40000.0], [3419.25, 60.0], [3420.5, 50352.0], [3422.0, 60.0], [3422.25, 125232.0], [3423.25, 60.0], [3424.5, 40000.0], [3424.75, 60.0]]}}}
{"jsonrpc": "2.0", "method": "subscription", "params": {"channel": "book.ETH-19DEC25.none.20.100ms", "data": {"timestamp": 1765399121273, "change_id": 100912863196, "instrument_name": "ETH-19DEC25", "bids": [[3402.75, 746.0], [3402.5, 4496.0], [3402.25, 3246.0], [3402.0, 5566.0], [3401.75, 13309.0], [3401.5, 10000.0], [3398.75, 2079.0], [3398.5, 6964.0], [3393.5, 6361.0], [3393.0, 1130.0], [3392.5, 6070.0], [3392.25, 40000.0], [3390.75, 36737.0], [3390.0, 19096.0], [3388.0, 16.0], [3387.75, 4522.0], [3387.5, 37475.0], [3387.0, 16.0], [3386.75, 20967.0], [3386.0, 16.0]], "asks": [[3403.25, 2500.0], [3404.0, 373.0], [3404.25, 3659.0], [3404.5, 8071.0], [3404.75, 299.0], [3405.0, 1000.0], [3408.0, 2102.0], [3408.25, 7042.0], [3410.0, 1915.0], [3410.25, 6417.0], [3413.5, 40000.0], [3414.0, 38531.0], [3415.0, 18536.0], [3417.75, 37287.0], [3419.75, 40000.0], [3420.5, 20812.0], [3421.5, 37830.0], [3423.25, 38362.0], [3426.25, 40000.0], [3435.75, 24375.0]]}}}
{"jsonrpc": "2.0", "method": "subscription", "params": {"channel": "book.ETH-12DEC25.none.20.100ms", "data": {"timestamp": 1765399121680, "change_id": 100912863800, "instrument_name": "ETH-12DEC25", "bids": [[3401.25, 2900.0], [3401.0, 1250.0], [3400.25, 2380.0], [3400.0, 22899.0], [3399.75, 50000.0], [3397.25, 2104.0], [3397.0, 7048.0], [3396.75, 2103.0], [3396.5, 7045.0], [3393.25, 12612.0], [3391.25, 115010.0], [3390.5, 40000.0], [3389.0, 48927.0], [3387.75, 75350.0], [3383.75, 23743.0], [3383.5, 115780.0], [3382.75, 180000.0], [3382.5, 20967.0], [3379.5, 40000.0], [3377.75, 76302.0]], "asks": [[3402.25, 4992.0], [3402.5, 2380.0], [3402.75, 15065.0], [3403.0, 19567.0], [3405.75, 2208.0], [3406.0, 7397.0], [3407.0, 26865.0], [3407.25, 90000.0], [3408.0, 7389.0], [3408.25, 24755.0], [3412.0, 61159.0], [3413.75, 180000.0], [3414.5, 500.0], [3414.75, 24920.0], [3418.0, 40000.0], [3419.25, 60.0], [3420.5, 50352.0], [3422.0, 60.0], [3422.25, 125232.0], [3423.25, 60.0]]}}}
{"jsonrpc": "2.0", "method": "subscription", "params": {"channel": "book.ETH-12DEC25.none.20.100ms", "data": {"timestamp": 1765399122020, "change_id": 100912864398, "instrument_name": "ETH-12DEC25", "bids": [[3400.75, 4986.0], [3400.5, 2900.0], [3400.25, 2380.0], [3400.0, 22899.0], [3399.75, 50000.0], [3397.25, 2104.0], [3397.0, 7048.0], [3396.75, 2103.0], [3396.5, 7045.0], [3394.0, 3765.0], [3393.75, 12612.0], [3391.25, 90000.0], [3391.0, 25010.0], [3390.5, 40000.0], [3389.0, 48927.0], [3387.75, 75350.0], [3383.75, 23743.0], [3383.5, 115780.0], [3382.75, 180000.0], [3382.5, 20967.0]], "asks": [[3402.25, 18186.0], [3402.5, 1479.0], [3402.75, 5841.0], [3403.0, 19567.0], [3403.5, 229.0], [3403.75, 1000.0], [3405.75, 2208.0], [3406.0, 7397.0], [3407.0, 26865.0], [3407.25, 90000.0], [3408.0, 7389.0], [3408.25, 24755.0], [3412.0, 61159.0], [3413.75, 180000.0], [3414.5, 500.0], [3414.75, 24920.0], [3418.0, 40000.0], [3419.25, 60.0], [3420.5, 50352.0], [3422.0, 60.0]]}}}
{"jsonrpc": "2.0", "method": "subscription", "params": {"channel": "book.ETH-19DEC25.none.20.100ms", "data": {"timestamp": 1765399122024, "change_id": 100912864404, "instrument_name": "ETH-19DEC25", "bids": [[3402.5, 1996.0], [3402.25, 3246.0], [3402.0, 5566.0], [3401.75, 13309.0], [3401.5, 10000.0], [3398.75, 2079.0], [3398.5, 6964.0], [3394.0, 1899.0], [3393.75, 6361.0], [3393.0, 1130.0], [3392.5, 6070.0], [3392.25, 40000.0], [3390.75, 36737.0], [3390.0, 19096.0], [3388.0, 16.0], [3387.75, 4522.0], [3387.5, 37475.0], [3387.0, 16.0], [3386.75, 20967.0], [3386.0, 16.0]], "asks": [[3404.0, 373.0], [3404.25, 3659.0], [3404.5, 8071.0], [3404.75, 299.0], [3405.0, 1000.0], [3408.0, 2102.0], [3408.25, 7042.0], [3410.0, 1915.0], [3410.25, 6417.0], [3413.5, 40000.0], [3414.0, 38531.0], [3415.0, 18536.0], [3417.75, 37287.0], [3419.75, 40000.0], [3420.5, 20812.0], [3421.5, 37830.0], [3423.25, 38262.0], [3424.0, 100.0], [3426.25, 40000.0], [3435.75, 24375.0]]}}}
{"jsonrpc": "2.0", "method": "subscription", "params": {"channel": "book.ETH-12DEC25.none.20.100ms", "data": {"timestamp": 1765399122306, "change_id": 100912865135, "instrument_name": "ETH-12DEC25", "bids": [[3401.25, 2900.0], [3401.0, 4986.0], [3400.75, 3736.0], [3400.5, 2900.0], [3400.25, 2380.0], [3400.0, 22899.0], [3399.75, 50000.0], [3397.25, 2104.0], [3397.0, 7048.0], [3396.75, 2103.0], [3396.5, 7045.0], [3394.0, 12612.0], [3391.25, 115010.0], [3390.5, 40000.0], [3389.0, 48927.0], [3387.75, 75350.0], [3383.75, 23743.0], [3383.5, 115780.0], [3382.75, 180000.0], [3382.5, 20967.0]], "asks": [[3402.25, 12336.0], [3402.5, 8203.0], [3402.75, 5841.0], [3403.0, 20817.0], [3403.5, 229.0], [3403.75, 1000.0], [3405.75, 2208.0], [3406.0, 7397.0], [3407.0, 26865.0], [3407.25, 90000.0], [3408.0, 7389.0], [3408.25, 24755.0], [3412.0, 61159.0], [3413.75, 180000.0], [3414.5, 500.0], [3414.75, 24920.0], [3418.0, 40000.0], [3419.25, 60.0], [3420.5, 50352.0], [3422.0, 60.0]]}}}
{"jsonrpc": "2.0", "method": "subscription", "params": {"channel": "book.ETH-19DEC25.none.20.100ms", "data": {"timestamp": 1765399122373, "change_id": 100912865374, "instrument_name": "ETH-19DEC25", "bids": [[3403.0, 3247.0], [3402.75, 4123.0], [3402.5, 746.0], [3402.25, 3246.0], [3402.0, 5566.0], [3401.75, 13309.0], [3401.5, 10000.0], [3398.75, 2079.0], [3398.5, 6964.0], [3394.25, 6361.0], [3393.0, 1130.0], [3392.5, 6070.0], [3392.25, 40000.0], [3390.75, 36737.0], [3390.0, 19096.0], [3388.0, 16.0], [3387.75, 4522.0], [3387.5, 37475.0], [3387.0, 16.0], [3386.75, 20967.0]], "asks": [[3404.0, 373.0], [3404.25, 3659.0], [3404.5, 8071.0], [3404.75, 299.0], [3405.0, 1000.0], [3408.0, 2102.0], [3408.25, 7042.0], [3410.0, 1915.0], [3410.25, 6417.0], [3413.5, 40000.0], [3414.0, 38531.0], [3415.0, 18536.0], [3417.75, 37287.0], [3419.75, 40000.0], [3420.5, 20812.0], [3421.5, 37830.0], [3423.25, 38262.0], [3424.0, 100.0], [3426.25, 40000.0], [3435.75, 24375.0]]}}}
{"jsonrpc": "2.0", "method": "subscription", "params": {"channel": "book.ETH-12DEC25.none.20.100ms", "data": {"timestamp": 1765399122531, "change_id": 100912865992, "instrument_name": "ETH-12DEC25", "bids": [[3401.25, 4986.0], [3401.0, 3736.0], [3400.75, 6039.0], [3400.5, 10874.0], [3400.0, 14925.0], [3399.75, 50000.0], [3398.5, 2111.0], [3398.25, 7072.0], [3397.25, 2104.0], [3397.0, 7048.0], [3394.0, 12612.0], [3391.25, 115010.0], [3390.5, 40000.0], [3389.0, 48927.0], [3387.75, 75350.0], [3383.75, 23743.0], [3383.5, 115780.0], [3382.75, 180000.0], [3382.5, 20967.0], [3379.5, 40000.0]], "asks": [[3402.25, 9983.0], [3402.75, 5841.0], [3403.0, 28791.0], [3403.5, 229.0], [3403.75, 1000.0], [3405.75, 2208.0], [3406.0, 7397.0], [3407.0, 26865.0], [3407.25, 90000.0], [3408.0, 7389.0], [3408.25, 24755.0], [3412.0, 61159.0], [3413.75, 180000.0], [3414.5, 500.0], [3414.75, 24920.0], [3418.0, 40000.0], [3419.25, 60.0], [3420.5, 50352.0], [3422.0, 60.0], [3422.25, 125232.0]]}}}
