{"jsonrpc": "2.0", "id": 1, "result": ["book.ETH-23JAN26.none.20.100ms"], "usIn": 1768627486089860, "usOut": 1768627486090103, "usDiff": 243, "testnet": false}
{"jsonrpc": "2.0", "method": "subscription", "params": {"channel": "book.ETH-23JAN26.none.20.100ms", "data": {"timestamp": 1768627486082, "change_id": 105155899966, "instrument_name": "ETH-23JAN26", "bids": [[3292.0, 7000.0], [3291.75, 2100.0], [3291.5, 813.0], [3291.25, 3352.0], [3291.0, 2727.0], [3290.75, 5064.0], [3290.5, 9928.0], [3289.25, 2059.0], [3289.0, 6898.0], [3288.0, 80.0], [3287.0, 356.0], [3286.75, 1193.0], [3285.75, 1425.0], [3285.5, 4773.0], [3284.75, 7252.0], [3284.5, 19092.0], [3284.25, 6499.0], [3284.0, 21772.0], [3282.25, 21429.0], [3281.5, 40000.0]], "asks": [[3292.25, 2100.0], [3292.5, 627.0], [3292.75, 2727.0], [3293.0, 2727.0], [3293.25, 2727.0], [3293.5, 2727.0], [3293.75, 7903.0], [3294.0, 19440.0], [3294.75, 505.0], [3296.0, 80.0], [3296.25, 500.0], [3296.75, 6641.0], [3297.0, 22098.0], [3297.75, 6282.0], [3298.0, 29710.0], [3298.25, 5965.0], [3299.75, 650.0], [3300.0, 80.0], [3300.5, 40576.0], [3301.0, 10.0]]}}}
{"jsonrpc": "2.0", "method": "subscription", "params": {"channel": "book.ETH-23JAN26.none.20.100ms", "data": {"timestamp": 1768627486172, "change_id": 105155900182, "instrument_name": "ETH-23JAN26", "bids": [[3292.0, 4900.0], [3291.75, 2100.0], [3291.5, 3976.0], [3291.25, 14081.0], [3291.0, 2727.0], [3290.75, 5064.0], [3290.5, 9928.0], [3289.25, 2059.0], [3289.0, 6898.0], [3288.0, 80.0], [3287.0, 356.0], [3286.75, 1193.0], [3285.75, 1425.0], [3285.5, 4773.0], [3284.75, 7252.0], [3284.5, 19092.0], [3284.25, 6499.0], [3284.0, 21772.0], [3282.25, 21429.0], [3281.5, 40000.0]], "asks": [[3292.25, 2100.0], [3292.5, 5527.0], [3292.75, 3352.0], [3293.0, 2727.0], [3293.25, 2727.0], [3293.5, 2727.0], [3293.75, 7903.0], [3294.0, 19440.0], [3294.75, 5.0], [3295.25, 500.0], [3296.0, 80.0], [3296.25, 500.0], [3296.75, 6641.0], [3297.0, 22098.0], [3297.75, 6282.0], [3298.0, 29710.0], [3298.25, 5965.0], [3299.75, 150.0], [3300.0, 80.0], [3300.25, 500.0]]}}}
{"jsonrpc": "2.0", "method": "subscription", "params": {"channel": "book.ETH-23JAN26.none.20.100ms", "data": {"timestamp": 1768627486401, "change_id": 105155900224, "instrument_name": "ETH-23JAN26", "bids": [[3292.0, 4900.0], [3291.75, 2100.0], [3291.5, 3976.0], [3291.25, 14081.0], [3291.0, 2727.0], [3290.75, 5064.0], [3290.5, 9928.0], [3289.25, 2059.0], [3289.0, 6898.0], [3288.0, 80.0], [3287.0, 356.0], [3286.75, 1193.0], [3285.75, 1425.0], [3285.5, 4773.0], [3284.75, 7252.0], [3284.5, 19092.0], [3284.25, 6499.0], [3284.0, 21772.0], [3282.25, 21429.0], [3281.5, 40000.0]], "asks": [[3292.25, 2100.0], [3292.5, 5527.0], [3292.75, 3352.0], [3293.0, 2727.0], [3293.25, 2727.0], [3293.5, 2727.0], [3293.75, 7903.0], [3294.0, 19440.0], [3294.75, 5.0], [3295.25, 500.0], [3295.75, 2078.0], [3296.0, 6960.0], [3296.25, 500.0], [3296.75, 6641.0], [3297.0, 22098.0], [3297.75, 6282.0], [3298.0, 22675.0], [3298.25, 5965.0], [3299.75, 150.0], [3300.0, 80.0]]}}}
{"jsonrpc": "2.0", "method": "subscription", "params": {"channel": "book.ETH-23JAN26.none.20.100ms", "data": {"timestamp": 1768627486991, "change_id": 105155900985, "instrument_name": "ETH-23JAN26", "bids": [[3292.0, 7000.0], [3291.75, 2913.0], [3291.5, 6076.0], [3291.25, 14081.0], [3291.0, 2727.0], [3290.75, 5064.0], [3290.5, 9928.0], [3289.25, 2059.0], [3289.0, 6898.0], [3288.0, 80.0], [3287.0, 356.0], [3286.75, 1193.0], [3285.75, 1425.0], [3285.5, 4773.0], [3284.75, 7252.0], [3284.5, 19092.0], [3284.25, 6499.0], [3284.0, 21772.0], [3282.25, 21429.0], [3281.5, 40000.0]], "asks": [[3292.25, 2100.0], [3292.5, 7627.0], [3292.75, 3352.0], [3293.0, 2727.0], [3293.25, 2727.0], [3293.5, 2727.0], [3293.75, 7903.0], [3294.0, 19440.0], [3294.75, 5.0], [3295.25, 500.0], [3295.75, 2078.0], [3296.0, 6960.0], [3296.25, 500.0], [3296.75, 6641.0], [3297.0, 22098.0], [3297.75, 6282.0], [3298.0, 22675.0], [3298.25, 5965.0], [3299.75, 150.0], [3300.0, 80.0]]}}}
{"jsonrpc": "2.0", "method": "subscription", "params": {"channel": "book.ETH-23JAN26.none.20.100ms", "data": {"timestamp": 1768627487224, "change_id": 105155901082, "instrument_name": "ETH-23JAN26", "bids": [[3292.0, 4900.0], [3291.75, 2913.0], [3291.5, 6076.0], [3291.25, 14081.0], [3291.0, 2727.0], [3290.75, 5064.0], [3290.5, 9928.0], [3289.25, 2059.0], [3289.0, 6898.0], [3288.0, 80.0], [3287.0, 356.0], [3286.75, 1193.0], [3285.75, 1425.0], [3285.5, 4773.0], [3284.75, 7252.0], [3284.5, 19092.0], [3284.25, 6499.0], [3284.0, 21772.0], [3282.25, 21429.0], [3281.5, 40000.0]], "asks": [[3292.25, 2100.0], [3292.5, 7627.0], [3292.75, 3352.0], [3293.0, 2727.0], [3293.25, 2727.0], [3293.5, 2727.0], [3293.75, 7903.0], [3294.0, 19440.0], [3294.75, 5.0], [3295.25, 500.0], [3295.75, 2078.0], [3296.0, 6960.0], [3296.25, 500.0], [3296.75, 6641.0], [3297.0, 22098.0], [3297.75, 6282.0], [3298.0, 22675.0], [3298.25, 5965.0], [3299.75, 150.0], [3300.0, 80.0]]}}}
{"jsonrpc": "2.0", "method": "subscription", "params": {"channel": "book.ETH-23JAN26.none.20.100ms", "data": {"timestamp": 1768627487901, "change_id": 105155901596, "instrument_name": "ETH-23JAN26", "bids": [[3292.0, 7000.0], [3291.75, 2913.0], [3291.5, 6076.0], [3291.25, 14081.0], [3291.0, 2727.0], [3290.75, 5064.0], [3290.5, 9928.0], [3289.25, 2059.0], [3289.0, 6898.0], [3288.0, 80.0], [3287.0, 356.0], [3286.75, 1193.0], [3285.75, 1425.0], [3285.5, 4773.0], [3284.75, 7252.0], [3284.5, 19092.0], [3284.25, 6499.0], [3284.0, 21772.0], [3282.25, 21429.0], [3281.5, 40000.0]], "asks": [[3292.25, 2100.0], [3292.5, 7627.0], [3292.75, 3352.0], [3293.0, 2727.0], [3293.25, 2727.0], [3293.5, 2727.0], [3293.75, 7903.0], [3294.0, 19440.0], [3294.75, 5.0], [3295.25, 500.0], [3295.75, 2078.0], [3296.0, 6960.0], [3296.25, 500.0], [3296.75, 6641.0], [3297.0, 22098.0], [3297.75, 6282.0], [3298.0, 22675.0], [3298.25, 5965.0], [3299.75, 150.0], [3300.0, 80.0]]}}}
{"jsonrpc": "2.0", "method": "subscription", "params": {"channel": "book.ETH-23JAN26.none.20.100ms", "data": {"timestamp": 1768627489319, "change_id": 105155902795, "instrument_name": "ETH-23JAN26", "bids": [[3291.75, 2913.0], [3291.5, 6076.0], [3291.25, 14081.0], [3291.0, 2727.0], [3290.75, 5064.0], [3290.5, 9928.0], [3289.25, 2059.0], [3289.0, 6898.0], [3288.0, 80.0], [3287.0, 356.0], [3286.75, 1193.0], [3285.75, 1425.0], [3285.5, 4773.0], [3284.75, 7252.0], [3284.5, 19092.0], [3284.25, 6499.0], [3284.0, 21772.0], [3282.25, 21429.0], [3281.5, 40000.0], [3280.5, 39166.0]], "asks": [[3292.25, 2896.0], [3292.5, 7627.0], [3292.75, 3352.0], [3293.0, 2727.0], [3293.25, 2727.0], [3293.5, 2727.0], [3293.75, 7903.0], [3294.0, 19440.0], [3294.75, 5.0], [3295.25, 500.0], [3295.75, 2078.0], [3296.0, 6960.0], [3296.25, 500.0], [3296.75, 6641.0], [3297.0, 22098.0], [3297.75, 6282.0], [3298.0, 22675.0], [3298.25, 5965.0], [3299.75, 150.0], [3300.0, 80.0]]}}}
{"jsonrpc": "2.0", "method": "subscription", "params": {"channel": "book.ETH-23JAN26.none.20.100ms", "data": {"timestamp": 1768627489387, "change_id": 105155902847, "instrument_name": "ETH-23JAN26", "bids": [[3291.75, 7813.0], [3291.5, 6076.0], [3291.25, 14081.0], [3291.0, 2727.0], [3290.75, 5064.0], [3290.5, 9928.0], [3289.25, 2059.0], [3289.0, 6898.0], [3288.0, 80.0], [3287.0, 356.0], [3286.75, 1193.0], [3285.75, 1425.0], [3285.5, 4773.0], [3284.75, 7252.0], [3284.5, 19092.0], [3284.25, 6499.0], [3284.0, 21772.0], [3282.25, 21429.0], [3281.5, 40000.0], [3280.5, 39166.0]], "asks": [[3292.25, 7796.0], [3292.5, 3352.0], [3292.75, 2727.0], [3293.0, 2727.0], [3293.25, 2727.0], [3293.5, 2727.0], [3293.75, 7903.0], [3294.0, 19440.0], [3294.75, 5.0], [3295.25, 500.0], [3295.75, 2078.0], [3296.0, 6960.0], [3296.25, 500.0], [3296.75, 6641.0], [3297.0, 22098.0], [3297.75, 6282.0], [3298.0, 22675.0], [3298.25, 5965.0], [3299.75, 150.0], [3300.0, 80.0]]}}}
{"jsonrpc": "2.0", "method": "subscription", "params": {"channel": "book.ETH-23JAN26.none.20.100ms", "data": {"timestamp": 1768627489738, "change_id": 105155903038, "instrument_name": "ETH-23JAN26", "bids": [[3291.75, 7813.0], [3291.5, 3538.0], [3291.25, 2727.0], [3291.0, 2727.0], [3290.75, 5064.0], [3290.5, 9928.0], [3289.25, 2059.0], [3289.0, 6898.0], [3288.0, 80.0], [3287.0, 356.0], [3286.75, 1193.0], [3285.75, 1425.0], [3285.5, 4773.0], [3284.75, 7252.0], [3284.5, 19092.0], [3284.25, 6499.0], [3284.0, 21772.0], [3282.25, 21429.0], [3281.5, 40000.0], [3280.5, 39166.0]], "asks": [[3292.25, 7796.0], [3292.5, 3352.0], [3292.75, 2727.0], [3293.0, 2727.0], [3293.25, 2727.0], [3293.5, 2727.0], [3293.75, 7903.0], [3294.0, 19440.0], [3294.75, 5.0], [3295.25, 500.0], [3295.75, 2078.0], [3296.0, 6960.0], [3296.25, 500.0], [3296.75, 6641.0], [3297.0, 22098.0], [3297.75, 6282.0], [3298.0, 22675.0], [3298.25, 5965.0], [3299.75, 150.0], [3300.0, 80.0]]}}}
{"jsonrpc": "2.0", "method": "subscription", "params": {"channel": "book.ETH-23JAN26.none.20.100ms", "data": {"timestamp": 1768627490104, "change_id": 105155903591, "instrument_name": "ETH-23JAN26", "bids": [[3291.75, 7813.0], [3291.5, 5714.0], [3291.25, 14081.0], [3291.0, 2727.0], [3290.75, 5064.0], [3290.5, 9928.0], [3289.25, 2059.0], [3289.0, 6898.0], [3288.0, 80.0], [3287.0, 356.0], [3286.75, 1193.0], [3285.75, 1425.0], [3285.5, 4773.0], [3284.75, 7252.0], [3284.5, 19092.0], [3284.25, 6499.0], [3284.0, 21772.0], [3282.25, 21429.0], [3281.5, 40000.0], [3280.5, 39166.0]], "asks": [[3292.25, 7796.0], [3292.5, 3352.0], [3292.75, 2727.0], [3293.0, 2727.0], [3293.25, 2727.0], [3293.5, 2727.0], [3293.75, 7903.0], [3294.0, 19440.0], [3294.75, 5.0], [3295.25, 500.0], [3295.75, 2078.0], [3296.0, 6960.0], [3296.25, 500.0], [3296.75, 6641.0], [3297.0, 22098.0], [3297.75, 6282.0], [3298.0, 22675.0], [3298.25, 5965.0], [3299.75, 150.0], [3300.0, 80.0]]}}}
{"jsonrpc": "2.0", "method": "subscription", "params": {"channel": "book.ETH-23JAN26.none.20.100ms", "data": {"timestamp": 1768627490368, "change_id": 105155903694, "instrument_name": "ETH-23JAN26", "bids": [[3291.75, 7813.0], [3291.5, 3538.0], [3291.25, 2727.0], [3291.0, 2727.0], [3290.75, 5064.0], [3290.5, 9928.0], [3289.25, 2059.0], [3289.0, 6898.0], [3288.0, 80.0], [3287.0, 356.0], [3286.75, 1193.0], [3285.75, 1425.0], [3285.5, 4773.0], [3284.75, 7252.0], [3284.5, 19092.0], [3284.25, 6499.0], [3284.0, 21772.0], [3282.25, 21429.0], [3281.5, 40000.0], [3280.5, 39166.0]], "asks": [[3292.25, 7796.0], [3292.5, 3352.0], [3292.75, 2727.0], [3293.0, 2727.0], [3293.25, 2727.0], [3293.5, 2727.0], [3293.75, 7903.0], [3294.0, 19440.0], [3294.75, 5.0], [3295.25, 500.0], [3295.75, 2078.0], [3296.0, 6960.0], [3296.25, 500.0], [3296.75, 6641.0], [3297.0, 22098.0], [3297.75, 6282.0], [3298.0, 22675.0], [3298.25, 5965.0], [3299.75, 150.0], [3300.0, 80.0]]}}}
{"jsonrpc": "2.0", "method": "subscription", "params": {"channel": "book.ETH-23JAN26.none.20.100ms", "data": {"timestamp": 1768627490941, "change_id": 105155904297, "instrument_name": "ETH-23JAN26", "bids": [[3291.75, 7813.0], [3291.5, 6545.0], [3291.25, 14081.0], [3291.0, 2727.0], [3290.75, 5064.0], [3290.5, 9928.0], [3289.25, 2059.0], [3289.0, 6898.0], [3288.0, 80.0], [3287.0, 356.0], [3286.75, 1193.0], [3285.75, 1425.0], [3285.5, 4773.0], [3284.75, 7252.0], [3284.5, 19092.0], [3284.25, 6499.0], [3284.0, 21772.0], [3282.25, 21429.0], [3281.5, 40000.0], [3280.5, 39166.0]], "asks": [[3292.25, 7796.0], [3292.5, 3352.0], [3292.75, 2727.0], [3293.0, 2727.0], [3293.25, 2727.0], [3293.5, 2727.0], [3293.75, 7903.0], [3294.0, 19440.0], [3294.75, 5.0], [3295.25, 500.0], [3295.75, 2078.0], [3296.0, 6960.0], [3296.25, 500.0], [3296.75, 6641.0], [3297.0, 22098.0], [3297.75, 6282.0], [3298.0, 22675.0], [3298.25, 5965.0], [3299.75, 150.0], [3300.0, 80.0]]}}}
{"jsonrpc": "2.0", "method": "subscription", "params": {"channel": "book.ETH-23JAN26.none.20.100ms", "data": {"timestamp": 1768627491629, "change_id": 105155904619, "instrument_name": "ETH-23JAN26", "bids": [[3291.75, 7813.0], [3291.5, 3538.0], [3291.25, 2727.0], [3291.0, 2727.0], [3290.75, 5064.0], [3290.5, 9928.0], [3289.25, 2059.0], [3289.0, 6898.0], [3288.0, 80.0], [3287.0, 356.0], [3286.75, 1193.0], [3285.75, 1425.0], [3285.5, 4773.0], [3284.75, 7252.0], [3284.5, 19092.0], [3284.25, 6499.0], [3284.0, 21772.0], [3282.25, 21429.0], [3281.5, 40000.0], [3280.5, 39166.0]], "asks": [[3292.25, 7796.0], [3292.5, 3352.0], [3292.75, 2727.0], [3293.0, 2727.0], [3293.25, 2727.0], [3293.5, 2727.0], [3293.75, 7903.0], [3294.0, 19440.0], [3294.75, 5.0], [3295.25, 500.0], [3295.75, 2078.0], [3296.0, 6960.0], [3296.25, 500.0], [3296.75, 6641.0], [3297.0, 22098.0], [3297.75, 6282.0], [3298.0, 22675.0], [3298.25, 5965.0], [3299.75, 150.0], [3300.0, 80.0]]}}}
{"jsonrpc": "2.0", "method": "subscription", "params": {"channel": "book.ETH-23JAN26.none.20.100ms", "data": {"timestamp": 1768627492241, "change_id": 105155905234, "instrument_name": "ETH-23JAN26", "bids": [[3291.75, 2913.0], [3291.5, 3538.0], [3291.25, 2727.0], [3291.0, 2727.0], [3290.75, 5064.0], [3290.5, 9928.0], [3289.25, 2059.0], [3289.0, 6898.0], [3288.0, 80.0], [3287.0, 356.0], [3286.75, 1193.0], [3285.75, 1425.0], [3285.5, 4773.0], [3284.75, 7252.0], [3284.5, 19092.0], [3284.25, 6499.0], [3284.0, 21772.0], [3282.25, 21429.0], [3281.5, 40000.0], [3280.5, 39166.0]], "asks": [[3292.25, 7796.0], [3292.5, 3352.0], [3292.75, 2727.0], [3293.0, 2727.0], [3293.25, 2727.0], [3293.5, 2727.0], [3293.75, 7903.0], [3294.0, 19440.0], [3294.75, 5.0], [3295.25, 500.0], [3295.75, 2078.0], [3296.0, 6960.0], [3296.25, 500.0], [3296.75, 6641.0], [3297.0, 22098.0], [3297.75, 6282.0], [3298.0, 22675.0], [3298.25, 5965.0], [3299.75, 150.0], [3300.0, 80.0]]}}}
{"jsonrpc": "2.0", "method": "subscription", "params": {"channel": "book.ETH-23JAN26.none.20.100ms", "data": {"timestamp": 1768627492428, "change_id": 105155905295, "instrument_name": "ETH-23JAN26", "bids": [[3291.75, 7813.0], [3291.5, 5456.0], [3291.25, 14081.0], [3291.0, 2727.0], [3290.75, 5064.0], [3290.5, 9928.0], [3289.25, 2059.0], [3289.0, 6898.0], [3288.0, 80.0], [3287.0, 356.0], [3286.75, 1193.0], [3285.75, 1425.0], [3285.5, 4773.0], [3284.75, 7252.0], [3284.5, 19092.0], [3284.25, 6499.0], [3284.0, 21772.0], [3282.25, 21429.0], [3281.5, 40000.0], [3280.5, 39166.0]], "asks": [[3292.25, 7796.0], [3292.5, 3352.0], [3292.75, 2727.0], [3293.0, 2727.0], [3293.25, 2727.0], [3293.5, 2727.0], [3293.75, 7903.0], [3294.0, 19440.0], [3294.75, 5.0], [3295.25, 500.0], [3295.75, 2078.0], [3296.0, 6960.0], [3296.25, 500.0], [3296.75, 6641.0], [3297.0, 22098.0], [3297.75, 6282.0], [3298.0, 22675.0], [3298.25, 5965.0], [3299.75, 150.0], [3300.0, 80.0]]}}}
{"jsonrpc": "2.0", "method": "subscription", "params": {"channel": "book.ETH-23JAN26.none.20.100ms", "data": {"timestamp": 1768627494325, "change_id": 105155906949, "instrument_name": "ETH-23JAN26", "bids": [[3291.75, 7813.0], [3291.5, 5456.0], [3291.25, 14081.0], [3291.0, 2727.0], [3290.75, 5064.0], [3290.5, 9928.0], [3289.25, 2059.0], [3289.0, 6898.0], [3288.0, 80.0], [3287.25, 19600.0], [3287.0, 356.0], [3286.75, 1193.0], [3285.75, 1425.0], [3285.5, 4773.0], [3284.75, 7252.0], [3284.5, 19092.0], [3284.25, 6499.0], [3284.0, 21772.0], [3282.25, 21429.0], [3281.5, 40000.0]], "asks": [[3292.25, 7796.0], [3292.5, 3352.0], [3292.75, 2727.0], [3293.0, 2727.0], [3293.25, 2727.0], [3293.5, 2727.0], [3293.75, 7903.0], [3294.0, 19440.0], [3294.75, 5.0], [3295.25, 500.0], [3295.75, 2078.0], [3296.0, 6960.0], [3296.25, 500.0], [3296.75, 6641.0], [3297.0, 22098.0], [3297.75, 6282.0], [3298.0, 22675.0], [3298.25, 5965.0], [3299.75, 150.0], [3300.0, 80.0]]}}}
{"jsonrpc": "2.0", "method": "subscription", "params": {"channel": "book.ETH-23JAN26.none.20.100ms", "data": {"timestamp": 1768627494327, "change_id": 105155906950, "instrument_name": "ETH-23JAN26", "bids": [[3291.75, 7813.0], [3291.5, 5456.0], [3291.25, 14081.0], [3291.0, 2727.0], [3290.75, 5064.0], [3290.5, 9928.0], [3289.25, 2059.0], [3289.0, 6898.0], [3288.0, 80.0], [3287.5, 5851.0], [3287.25, 19600.0], [3287.0, 356.0], [3286.75, 1193.0], [3285.75, 1425.0], [3285.5, 4773.0], [3284.75, 7252.0], [3284.5, 19092.0], [3284.25, 6499.0], [3284.0, 21772.0], [3282.25, 21429.0]], "asks": [[3292.25, 7796.0], [3292.5, 3352.0], [3292.75, 2727.0], [3293.0, 2727.0], [3293.25, 2727.0], [3293.5, 2727.0], [3293.75, 7903.0], [3294.0, 19440.0], [3294.75, 5.0], [3295.25, 500.0], [3295.75, 2078.0], [3296.0, 6960.0], [3296.25, 500.0], [3296.75, 6641.0], [3297.0, 22098.0], [3297.75, 6282.0], [3298.0, 22675.0], [3298.25, 5965.0], [3299.75, 150.0], [3300.0, 80.0]]}}}
{"jsonrpc": "2.0", "method": "subscription", "params": {"channel": "book.ETH-23JAN26.none.20.100ms", "data": {"timestamp": 1768627495234, "change_id": 105155907786, "instrument_name": "ETH-23JAN26", "bids": [[3291.75, 7813.0], [3291.5, 5456.0], [3291.25, 2727.0], [3291.0, 2727.0], [3290.75, 5064.0], [3290.5, 9928.0], [3289.25, 2059.0], [3289.0, 6898.0], [3288.0, 80.0], [3287.5, 5851.0], [3287.25, 19600.0], [3287.0, 356.0], [3286.75, 1193.0], [3285.75, 1425.0], [3285.5, 4773.0], [3284.75, 7252.0], [3284.5, 19092.0], [3284.25, 6499.0], [3284.0, 21772.0], [3282.25, 21429.0]], "asks": [[3292.25, 7796.0], [3292.5, 3352.0], [3292.75, 2727.0], [3293.0, 2727.0], [3293.25, 2727.0], [3293.5, 2727.0], [3293.75, 7903.0], [3294.0, 19440.0], [3294.75, 5.0], [3295.25, 500.0], [3295.75, 2078.0], [3296.0, 6960.0], [3296.25, 500.0], [3296.75, 6641.0], [3297.0, 22098.0], [3297.75, 6282.0], [3298.0, 22675.0], [3298.25, 5965.0], [3299.75, 150.0], [3300.0, 80.0]]}}}
{"jsonrpc": "2.0", "method": "subscription", "params": {"channel": "book.ETH-23JAN26.none.20.100ms", "data": {"timestamp": 1768627495235, "change_id": 105155907787, "instrument_name": "ETH-23JAN26", "bids": [[3291.75, 7813.0], [3291.5, 3538.0], [3291.25, 2727.0], [3291.0, 2727.0], [3290.75, 5064.0], [3290.5, 9928.0], [3289.25, 2059.0], [3289.0, 6898.0], [3288.0, 80.0], [3287.5, 5851.0], [3287.25, 19600.0], [3287.0, 356.0], [3286.75, 1193.0], [3285.75, 1425.0], [3285.5, 4773.0], [3284.75, 7252.0], [3284.5, 19092.0], [3284.25, 6499.0], [3284.0, 21772.0], [3282.25, 21429.0]], "asks": [[3292.25, 7796.0], [3292.5, 3352.0], [3292.75, 2727.0], [3293.0, 2727.0], [3293.25, 2727.0], [3293.5, 2727.0], [3293.75, 7903.0], [3294.0, 19440.0], [3294.75, 5.0], [3295.25, 500.0], [3295.75, 2078.0], [3296.0, 6960.0], [3296.25, 500.0], [3296.75, 6641.0], [3297.0, 22098.0], [3297.75, 6282.0], [3298.0, 22675.0], [3298.25, 5965.0], [3299.75, 150.0], [3300.0, 80.0]]}}}
{"jsonrpc": "2.0", "method": "subscription", "params": {"channel": "book.ETH-23JAN26.none.20.100ms", "data": {"timestamp": 1768627495603, "change_id": 105155907986, "instrument_name": "ETH-23JAN26", "bids": [[3291.75, 7813.0], [3291.5, 5453.0], [3291.25, 14081.0], [3291.0, 2727.0], [3290.75, 5064.0], [3290.5, 9928.0], [3289.25, 2059.0], [3289.0, 6898.0], [3288.0, 80.0], [3287.5, 5851.0], [3287.25, 19600.0], [3287.0, 356.0], [3286.75, 1193.0], [3285.75, 1425.0], [3285.5, 4773.0], [3284.75, 7252.0], [3284.5, 19092.0], [3284.25, 6499.0], [3284.0, 21772.0], [3282.25, 21429.0]], "asks": [[3292.25, 7796.0], [3292.5, 3352.0], [3292.75, 2727.0], [3293.0, 2727.0], [3293.25, 2727.0], [3293.5, 2727.0], [3293.75, 7903.0], [3294.0, 19440.0], [3294.75, 5.0], [3295.25, 500.0], [3295.75, 2078.0], [3296.0, 6960.0], [3296.25, 500.0], [3296.75, 6641.0], [3297.0, 22098.0], [3297.75, 6282.0], [3298.0, 22675.0], [3298.25, 5965.0], [3299.75, 150.0], [3300.0, 80.0]]}}}
{"jsonrpc": "2.0", "method": "subscription", "params": {"channel": "book.ETH-23JAN26.none.20.100ms", "data": {"timestamp": 1768627497342, "change_id": 105155909425, "instrument_name": "ETH-23JAN26", "bids": [[3291.75, 7813.0], [3291.5, 5453.0], [3291.25, 2727.0], [3291.0, 2727.0], [3290.75, 5064.0], [3290.5, 9928.0], [3289.25, 2059.0], [3289.0, 6898.0], [3288.0, 80.0], [3287.5, 5851.0], [3287.25, 19600.0], [3287.0, 356.0], [3286.75, 1193.0], [3285.75, 1425.0], [3285.5, 4773.0], [3284.75, 7252.0], [3284.5, 19092.0], [3284.25, 6499.0], [3284.0, 21772.0], [3282.25, 21429.0]], "asks": [[3292.25, 7796.0], [3292.5, 3352.0], [3292.75, 2727.0], [3293.0, 2727.0], [3293.25, 2727.0], [3293.5, 2727.0], [3293.75, 7903.0], [3294.0, 19440.0], [3294.75, 5.0], [3295.25, 500.0], [3295.75, 2078.0], [3296.0, 6960.0], [3296.25, 500.0], [3296.75, 6641.0], [3297.0, 22098.0], [3297.75, 6282.0], [3298.0, 22675.0], [3298.25, 5965.0], [3299.75, 150.0], [3300.0, 80.0]]}}}
{"jsonrpc": "2.0", "method": "subscription", "params": {"channel": "book.ETH-23JAN26.none.20.100ms", "data": {"timestamp": 1768627497343, "change_id": 105155909426, "instrument_name": "ETH-23JAN26", "bids": [[3291.75, 7813.0], [3291.5, 3538.0], [3291.25, 2727.0], [3291.0, 2727.0], [3290.75, 5064.0], [3290.5, 9928.0], [3289.25, 2059.0], [3289.0, 6898.0], [3288.0, 80.0], [3287.5, 5851.0], [3287.25, 19600.0], [3287.0, 356.0], [3286.75, 1193.0], [3285.75, 1425.0], [3285.5, 4773.0], [3284.75, 7252.0], [3284.5, 19092.0], [3284.25, 6499.0], [3284.0, 21772.0], [3282.25, 21429.0]], "asks": [[3292.25, 7796.0], [3292.5, 3352.0], [3292.75, 2727.0], [3293.0, 2727.0], [3293.25, 2727.0], [3293.5, 2727.0], [3293.75, 7903.0], [3294.0, 19440.0], [3294.75, 5.0], [3295.25, 500.0], [3295.75, 2078.0], [3296.0, 6960.0], [3296.25, 500.0], [3296.75, 6641.0], [3297.0, 22098.0], [3297.75, 6282.0], [3298.0, 22675.0], [3298.25, 5965.0], [3299.75, 150.0], [3300.0, 80.0]]}}}
{"jsonrpc": "2.0", "method": "subscription", "params": {"channel": "book.ETH-23JAN26.none.20.100ms", "data": {"timestamp": 1768627498128, "change_id": 105155910100, "instrument_name": "ETH-23JAN26", "bids": [[3291.75, 7813.0], [3291.5, 4958.0], [3291.25, 14081.0], [3291.0, 2727.0], [3290.75, 5064.0], [3290.5, 9928.0], [3289.25, 2059.0], [3289.0, 6898.0], [3288.0, 80.0], [3287.5, 5851.0], [3287.25, 19600.0], [3287.0, 356.0], [3286.75, 1193.0], [3285.75, 1425.0], [3285.5, 4773.0], [3284.75, 7252.0], [3284.5, 19092.0], [3284.25, 6499.0], [3284.0, 21772.0], [3282.25, 21429.0]], "asks": [[3292.25, 7796.0], [3292.5, 3352.0], [3292.75, 2727.0], [3293.0, 2727.0], [3293.25, 2727.0], [3293.5, 2727.0], [3293.75, 7903.0], [3294.0, 19440.0], [3294.75, 5.0], [3295.25, 500.0], [3295.75, 2078.0], [3296.0, 6960.0], [3296.25, 500.0], [3296.75, 6641.0], [3297.0, 22098.0], [3297.75, 6282.0], [3298.0, 22675.0], [3298.25, 5965.0], [3299.75, 150.0], [3300.0, 80.0]]}}}
{"jsonrpc": "2.0", "method": "subscription", "params": {"channel": "book.ETH-23JAN26.none.20.100ms", "data": {"timestamp": 1768627498392, "change_id": 105155910197, "instrument_name": "ETH-23JAN26", "bids": [[3291.75, 7813.0], [3291.5, 3538.0], [3291.25, 2727.0], [3291.0, 2727.0], [3290.75, 5064.0], [3290.5, 9928.0], [3289.25, 2059.0], [3289.0, 6898.0], [3288.0, 80.0], [3287.5, 5851.0], [3287.25, 19600.0], [3287.0, 356.0], [3286.75, 1193.0], [3285.75, 1425.0], [3285.5, 4773.0], [3284.75, 7252.0], [3284.5, 19092.0], [3284.25, 6499.0], [3284.0, 21772.0], [3282.25, 21429.0]], "asks": [[3292.25, 7796.0], [3292.5, 3352.0], [3292.75, 2727.0], [3293.0, 2727.0], [3293.25, 2727.0], [3293.5, 2727.0], [3293.75, 7903.0], [3294.0, 19440.0], [3294.75, 5.0], [3295.25, 500.0], [3295.75, 2078.0], [3296.0, 6960.0], [3296.25, 500.0], [3296.75, 6641.0], [3297.0, 22098.0], [3297.75, 6282.0], [3298.0, 22675.0], [3298.25, 5965.0], [3299.75, 150.0], [3300.0, 80.0]]}}}
{"jsonrpc": "2.0", "method": "subscription", "params": {"channel": "book.ETH-23JAN26.none.20.100ms", "data": {"timestamp": 1768627498762, "change_id": 105155910357, "instrument_name": "ETH-23JAN26", "bids": [[3291.75, 7813.0], [3291.5, 4958.0], [3291.25, 14081.0], [3291.0, 2727.0], [3290.75, 5064.0], [3290.5, 9928.0], [3289.25, 2059.0], [3289.0, 6898.0], [3288.0, 80.0], [3287.5, 5851.0], [3287.25, 19600.0], [3287.0, 356.0], [3286.75, 1193.0], [3285.75, 1425.0], [3285.5, 4773.0], [3284.75, 7252.0], [3284.5, 19092.0], [3284.25, 6499.0], [3284.0, 21772.0], [3282.25, 21429.0]], "asks": [[3292.25, 7796.0], [3292.5, 3352.0], [3292.75, 2727.0], [3293.0, 2727.0], [3293.25, 2727.0], [3293.5, 2727.0], [3293.75, 7903.0], [3294.0, 19440.0], [3294.75, 5.0], [3295.25, 500.0], [3295.75, 2078.0], [3296.0, 6960.0], [3296.25, 500.0], [3296.75, 6641.0], [3297.0, 22098.0], [3297.75, 6282.0], [3298.0, 22675.0], [3298.25, 5965.0], [3299.75, 150.0], [3300.0, 80.0]]}}}
{"jsonrpc": "2.0", "method": "subscription", "params": {"channel": "book.ETH-23JAN26.none.20.100ms", "data": {"timestamp": 1768627499246, "change_id": 105155910924, "instrument_name": "ETH-23JAN26", "bids": [[3291.75, 7812.0], [3291.5, 3538.0], [3291.25, 2727.0], [3291.0, 2727.0], [3290.75, 5064.0], [3290.5, 9928.0], [3289.25, 2059.0], [3289.0, 6898.0], [3288.0, 80.0], [3287.5, 5851.0], [3287.25, 19600.0], [3287.0, 356.0], [3286.75, 1193.0], [3285.75, 1425.0], [3285.5, 4773.0], [3284.75, 7252.0], [3284.5, 19092.0], [3284.25, 6499.0], [3284.0, 21772.0], [3282.25, 21429.0]], "asks": [[3292.25, 7795.0], [3292.5, 3352.0], [3292.75, 2727.0], [3293.0, 2727.0], [3293.25, 2727.0], [3293.5, 2727.0], [3293.75, 7903.0], [3294.0, 19440.0], [3294.75, 5.0], [3295.25, 500.0], [3295.75, 2078.0], [3296.0, 6960.0], [3296.25, 500.0], [3296.75, 6641.0], [3297.0, 22098.0], [3297.75, 6282.0], [3298.0, 22675.0], [3298.25, 5965.0], [3299.75, 150.0], [3300.0, 80.0]]}}}
{"jsonrpc": "2.0", "method": "subscription", "params": {"channel": "book.ETH-23JAN26.none.20.100ms", "data": {"timestamp": 1768627499610, "change_id": 105155911085, "instrument_name": "ETH-23JAN26", "bids": [[3291.75, 7812.0], [3291.5, 4958.0], [3291.25, 14081.0], [3291.0, 2727.0], [3290.75, 5064.0], [3290.5, 9928.0], [3289.25, 2059.0], [3289.0, 6898.0], [3288.0, 80.0], [3287.5, 5851.0], [3287.25, 19600.0], [3287.0, 356.0], [3286.75, 1193.0], [3285.75, 1425.0], [3285.5, 4773.0], [3284.75, 7252.0], [3284.5, 19092.0], [3284.25, 6499.0], [3284.0, 21772.0], [3282.25, 21429.0]], "asks": [[3292.25, 7795.0], [3292.5, 3352.0], [3292.75, 2727.0], [3293.0, 2727.0], [3293.25, 2727.0], [3293.5, 2727.0], [3293.75, 7903.0], [3294.0, 19440.0], [3294.75, 5.0], [3295.25, 500.0], [3295.75, 2078.0], [3296.0, 6960.0], [3296.25, 500.0], [3296.75, 6641.0], [3297.0, 22098.0], [3297.75, 6282.0], [3298.0, 22675.0], [3298.25, 5965.0], [3299.75, 150.0], [3300.0, 80.0]]}}}
{"jsonrpc": "2.0", "method": "subscription", "params": {"channel": "book.ETH-23JAN26.none.20.100ms", "data": {"timestamp": 1768627499878, "change_id": 105155911261, "instrument_name": "ETH-23JAN26", "bids": [[3291.75, 7812.0], [3291.5, 3538.0], [3291.25, 2727.0], [3291.0, 2727.0], [3290.75, 5064.0], [3290.5, 9928.0], [3289.25, 2059.0], [3289.0, 6898.0], [3288.0, 80.0], [3287.5, 5851.0], [3287.25, 19600.0], [3287.0, 356.0], [3286.75, 1193.0], [3285.75, 1425.0], [3285.5, 4773.0], [3284.75, 7252.0], [3284.5, 19092.0], [3284.25, 6499.0], [3284.0, 21772.0], [3282.25, 21429.0]], "asks": [[3292.25, 7795.0], [3292.5, 3352.0], [3292.75, 2727.0], [3293.0, 2727.0], [3293.25, 2727.0], [3293.5, 2727.0], [3293.75, 7903.0], [3294.0, 19440.0], [3294.75, 5.0], [3295.25, 500.0], [3295.75, 2078.0], [3296.0, 6960.0], [3296.25, 500.0], [3296.75, 6641.0], [3297.0, 22098.0], [3297.75, 6282.0], [3298.0, 22675.0], [3298.25, 5965.0], [3299.75, 150.0], [3300.0, 80.0]]}}}
{"jsonrpc": "2.0", "method": "subscription", "params": {"channel": "book.ETH-23JAN26.none.20.100ms", "data": {"timestamp": 1768627500327, "change_id": 105155911748, "instrument_name": "ETH-23JAN26", "bids": [[3291.75, 7812.0], [3291.5, 3538.0], [3291.25, 2727.0], [3291.0, 2727.0], [3290.75, 5064.0], [3290.5, 9928.0], [3289.25, 2059.0], [3289.0, 6898.0], [3288.0, 80.0], [3287.5, 5851.0], [3287.0, 356.0], [3286.75, 1193.0], [3285.75, 1425.0], [3285.5, 4773.0], [3284.75, 7252.0], [3284.5, 19092.0], [3284.25, 6499.0], [3284.0, 21772.0], [3282.25, 21429.0], [3281.5, 40000.0]], "asks": [[3292.25, 7795.0], [3292.5, 3352.0], [3292.75, 2727.0], [3293.0, 2727.0], [3293.25, 2727.0], [3293.5, 2727.0], [3293.75, 7903.0], [3294.0, 19440.0], [3294.75, 5.0], [3295.25, 500.0], [3295.75, 2078.0], [3296.0, 6960.0], [3296.25, 500.0], [3296.75, 6641.0], [3297.0, 22098.0], [3297.75, 6282.0], [3298.0, 22675.0], [3298.25, 5965.0], [3299.75, 150.0], [3300.0, 80.0]]}}}
{"jsonrpc": "2.0", "method": "subscription", "params": {"channel": "book.ETH-23JAN26.none.20.100ms", "data": {"timestamp": 1768627500332, "change_id": 105155911751, "instrument_name": "ETH-23JAN26", "bids": [[3291.75, 7812.0], [3291.5, 3538.0], [3291.25, 2727.0], [3291.0, 2727.0], [3290.75, 5064.0], [3290.5, 9928.0], [3289.25, 2059.0], [3289.0, 6898.0], [3288.0, 80.0], [3287.75, 5851.0], [3287.5, 19600.0], [3287.0, 356.0], [3286.75, 1193.0], [3285.75, 1425.0], [3285.5, 4773.0], [3284.75, 7252.0], [3284.5, 19092.0], [3284.25, 6499.0], [3284.0, 21772.0], [3282.25, 21429.0]], "asks": [[3292.25, 7795.0], [3292.5, 3352.0], [3292.75, 2727.0], [3293.0, 2727.0], [3293.25, 2727.0], [3293.5, 2727.0], [3293.75, 7903.0], [3294.0, 19440.0], [3294.75, 5.0], [3295.25, 500.0], [3295.75, 2078.0], [3296.0, 6960.0], [3296.25, 500.0], [3296.75, 6641.0], [3297.0, 22098.0], [3297.75, 6282.0], [3298.0, 22675.0], [3298.25, 5965.0], [3299.75, 150.0], [3300.0, 80.0]]}}}
{"jsonrpc": "2.0", "method": "subscription", "params": {"channel": "book.ETH-23JAN26.none.20.100ms", "data": {"timestamp": 1768627500874, "change_id": 105155912053, "instrument_name": "ETH-23JAN26", "bids": [[3291.75, 7812.0], [3291.5, 5009.0], [3291.25, 14081.0], [3291.0, 2727.0], [3290.75, 5064.0], [3290.5, 9928.0], [3289.25, 2059.0], [3289.0, 6898.0], [3288.0, 80.0], [3287.75, 5851.0], [3287.5, 19600.0], [3287.0, 356.0], [3286.75, 1193.0], [3285.75, 1425.0], [3285.5, 4773.0], [3284.75, 7252.0], [3284.5, 19092.0], [3284.25, 6499.0], [3284.0, 21772.0], [3282.25, 21429.0]], "asks": [[3292.25, 7795.0], [3292.5, 3352.0], [3292.75, 2727.0], [3293.0, 2727.0], [3293.25, 2727.0], [3293.5, 2727.0], [3293.75, 7903.0], [3294.0, 19440.0], [3294.75, 5.0], [3295.25, 500.0], [3295.75, 2078.0], [3296.0, 6960.0], [3296.25, 500.0], [3296.75, 6641.0], [3297.0, 22098.0], [3297.75, 6282.0], [3298.0, 22675.0], [3298.25, 5965.0], [3299.75, 150.0], [3300.0, 80.0]]}}}
{"jsonrpc": "2.0", "method": "subscription", "params": {"channel": "book.ETH-23JAN26.none.20.100ms", "data": {"timestamp": 1768627501985, "change_id": 105155913186, "instrument_name": "ETH-23JAN26", "bids": [[3291.75, 7812.0], [3291.5, 5009.0], [3291.25, 2727.0], [3291.0, 2727.0], [3290.75, 5064.0], [3290.5, 9928.0], [3289.25, 2059.0], [3289.0, 6898.0], [3288.0, 80.0], [3287.75, 5851.0], [3287.5, 19600.0], [3287.0, 356.0], [3286.75, 1193.0], [3285.75, 1425.0], [3285.5, 4773.0], [3284.75, 7252.0], [3284.5, 19092.0], [3284.25, 6499.0], [3284.0, 21772.0], [3282.25, 21429.0]], "asks": [[3292.25, 7795.0], [3292.5, 3352.0], [3292.75, 2727.0], [3293.0, 2727.0], [3293.25, 2727.0], [3293.5, 2727.0], [3293.75, 7903.0], [3294.0, 19440.0], [3294.75, 5.0], [3295.25, 500.0], [3295.75, 2078.0], [3296.0, 6960.0], [3296.25, 500.0], [3296.75, 6641.0], [3297.0, 22098.0], [3297.75, 6282.0], [3298.0, 22675.0], [3298.25, 5965.0], [3299.75, 150.0], [3300.0, 80.0]]}}}
{"jsonrpc": "2.0", "method": "subscription", "params": {"channel": "book.ETH-23JAN26.none.20.100ms", "data": {"timestamp": 1768627501986, "change_id": 105155913187, "instrument_name": "ETH-23JAN26", "bids": [[3291.75, 7812.0], [3291.5, 3538.0], [3291.25, 2727.0], [3291.0, 2727.0], [3290.75, 5064.0], [3290.5, 9928.0], [3289.25, 2059.0], [3289.0, 6898.0], [3288.0, 80.0], [3287.75, 5851.0], [3287.5, 19600.0], [3287.0, 356.0], [3286.75, 1193.0], [3285.75, 1425.0], [3285.5, 4773.0], [3284.75, 7252.0], [3284.5, 19092.0], [3284.25, 6499.0], [3284.0, 21772.0], [3282.25, 21429.0]], "asks": [[3292.25, 7795.0], [3292.5, 3352.0], [3292.75, 2727.0], [3293.0, 2727.0], [3293.25, 2727.0], [3293.5, 2727.0], [3293.75, 7903.0], [3294.0, 19440.0], [3294.75, 5.0], [3295.25, 500.0], [3295.75, 2078.0], [3296.0, 6960.0], [3296.25, 500.0], [3296.75, 6641.0], [3297.0, 22098.0], [3297.75, 6282.0], [3298.0, 22675.0], [3298.25, 5965.0], [3299.75, 150.0], [3300.0, 80.0]]}}}
{"jsonrpc": "2.0", "method": "subscription", "params": {"channel": "book.ETH-23JAN26.none.20.100ms", "data": {"timestamp": 1768627502769, "change_id": 105155913434, "instrument_name": "ETH-23JAN26", "bids": [[3291.75, 7812.0], [3291.5, 3538.0], [3291.25, 14081.0], [3291.0, 2727.0], [3290.75, 5064.0], [3290.5, 9928.0], [3289.25, 2059.0], [3289.0, 6898.0], [3288.0, 80.0], [3287.75, 5851.0], [3287.5, 19600.0], [3287.0, 356.0], [3286.75, 1193.0], [3285.75, 1425.0], [3285.5, 4773.0], [3284.75, 7252.0], [3284.5, 19092.0], [3284.25, 6499.0], [3284.0, 21772.0], [3282.25, 21429.0]], "asks": [[3292.25, 7795.0], [3292.5, 3352.0], [3292.75, 2727.0], [3293.0, 2727.0], [3293.25, 2727.0], [3293.5, 2727.0], [3293.75, 7903.0], [3294.0, 19440.0], [3294.75, 5.0], [3295.25, 500.0], [3295.75, 2078.0], [3296.0, 6960.0], [3296.25, 500.0], [3296.75, 6641.0], [3297.0, 22098.0], [3297.75, 6282.0], [3298.0, 22675.0], [3298.25, 5965.0], [3299.75, 150.0], [3300.0, 80.0]]}}}
{"jsonrpc": "2.0", "method": "subscription", "params": {"channel": "book.ETH-23JAN26.none.20.100ms", "data": {"timestamp": 1768627502771, "change_id": 105155913435, "instrument_name": "ETH-23JAN26", "bids": [[3291.75, 7812.0], [3291.5, 6508.0], [3291.25, 14081.0], [3291.0, 2727.0], [3290.75, 5064.0], [3290.5, 9928.0], [3289.25, 2059.0], [3289.0, 6898.0], [3288.0, 80.0], [3287.75, 5851.0], [3287.5, 19600.0], [3287.0, 356.0], [3286.75, 1193.0], [3285.75, 1425.0], [3285.5, 4773.0], [3284.75, 7252.0], [3284.5, 19092.0], [3284.25, 6499.0], [3284.0, 21772.0], [3282.25, 21429.0]], "asks": [[3292.25, 7795.0], [3292.5, 3352.0], [3292.75, 2727.0], [3293.0, 2727.0], [3293.25, 2727.0], [3293.5, 2727.0], [3293.75, 7903.0], [3294.0, 19440.0], [3294.75, 5.0], [3295.25, 500.0], [3295.75, 2078.0], [3296.0, 6960.0], [3296.25, 500.0], [3296.75, 6641.0], [3297.0, 22098.0], [3297.75, 6282.0], [3298.0, 22675.0], [3298.25, 5965.0], [3299.75, 150.0], [3300.0, 80.0]]}}}
{"jsonrpc": "2.0", "method": "subscription", "params": {"channel": "book.ETH-23JAN26.none.20.100ms", "data": {"timestamp": 1768627503333, "change_id": 105155914022, "instrument_name": "ETH-23JAN26", "bids": [[3291.75, 7812.0], [3291.5, 3538.0], [3291.25, 2727.0], [3291.0, 2727.0], [3290.75, 5064.0], [3290.5, 9928.0], [3289.25, 2059.0], [3289.0, 6898.0], [3288.0, 80.0], [3287.5, 5851.0], [3287.25, 19600.0], [3287.0, 356.0], [3286.75, 1193.0], [3285.75, 1425.0], [3285.5, 4773.0], [3284.75, 7252.0], [3284.5, 19092.0], [3284.25, 6499.0], [3284.0, 21772.0], [3282.25, 21429.0]], "asks": [[3292.25, 7795.0], [3292.5, 3352.0], [3292.75, 2727.0], [3293.0, 2727.0], [3293.25, 2727.0], [3293.5, 2727.0], [3293.75, 7903.0], [3294.0, 19440.0], [3294.75, 5.0], [3295.25, 500.0], [3295.75, 2078.0], [3296.0, 6960.0], [3296.25, 500.0], [3296.75, 6641.0], [3297.0, 22098.0], [3297.75, 6282.0], [3298.0, 22675.0], [3298.25, 5965.0], [3299.75, 150.0], [3300.0, 80.0]]}}}
{"jsonrpc": "2.0", "method": "subscription", "params": {"channel": "book.ETH-23JAN26.none.20.100ms", "data": {"timestamp": 1768627503688, "change_id": 105155914303, "instrument_name": "ETH-23JAN26", "bids": [[3292.0, 6999.0], [3291.75, 2913.0], [3291.5, 6508.0], [3291.25, 14081.0], [3291.0, 2727.0], [3290.75, 5064.0], [3290.5, 9928.0], [3289.25, 2059.0], [3289.0, 6898.0], [3288.0, 80.0], [3287.5, 5851.0], [3287.25, 19600.0], [3287.0, 356.0], [3286.75, 1193.0], [3285.75, 1425.0], [3285.5, 4773.0], [3284.75, 7252.0], [3284.5, 19092.0], [3284.25, 6499.0], [3284.0, 21772.0]], "asks": [[3292.25, 2100.0], [3292.5, 7626.0], [3292.75, 3352.0], [3293.0, 2727.0], [3293.25, 2727.0], [3293.5, 2727.0], [3293.75, 7903.0], [3294.0, 19440.0], [3294.75, 5.0], [3295.25, 500.0], [3296.0, 80.0], [3296.25, 500.0], [3296.75, 6641.0], [3297.0, 22098.0], [3297.75, 6282.0], [3298.0, 22675.0], [3298.25, 5965.0], [3299.5, 2101.0], [3299.75, 7037.0], [3300.0, 80.0]]}}}
{"jsonrpc": "2.0", "method": "subscription", "params": {"channel": "book.ETH-23JAN26.none.20.100ms", "data": {"timestamp": 1768627503900, "change_id": 105155914512, "instrument_name": "ETH-23JAN26", "bids": [[3292.0, 6999.0], [3291.75, 2913.0], [3291.5, 3538.0], [3291.25, 2727.0], [3291.0, 2727.0], [3290.75, 5064.0], [3290.5, 9928.0], [3289.25, 2059.0], [3289.0, 6898.0], [3288.0, 80.0], [3287.5, 5851.0], [3287.25, 19600.0], [3287.0, 356.0], [3286.75, 1193.0], [3285.75, 1425.0], [3285.5, 4773.0], [3284.75, 7252.0], [3284.5, 19092.0], [3284.25, 6499.0], [3284.0, 21772.0]], "asks": [[3292.25, 2100.0], [3292.5, 7626.0], [3292.75, 3352.0], [3293.0, 2727.0], [3293.25, 2727.0], [3293.5, 2727.0], [3293.75, 7903.0], [3294.0, 19440.0], [3294.75, 5.0], [3295.25, 500.0], [3295.75, 2115.0], [3296.0, 7087.0], [3296.25, 500.0], [3296.75, 6641.0], [3297.0, 22098.0], [3297.75, 6282.0], [3298.0, 22675.0], [3298.25, 5965.0], [3299.75, 150.0], [3300.0, 80.0]]}}}
{"jsonrpc": "2.0", "method": "subscription", "params": {"channel": "book.ETH-23JAN26.none.20.100ms", "data": {"timestamp": 1768627504383, "change_id": 105155914927, "instrument_name": "ETH-23JAN26", "bids": [[3292.0, 2100.0], [3291.75, 7812.0], [3291.5, 3538.0], [3291.25, 2727.0], [3291.0, 2727.0], [3290.75, 5064.0], [3290.5, 9928.0], [3289.25, 2059.0], [3289.0, 6898.0], [3288.0, 80.0], [3287.5, 5851.0], [3287.25, 19600.0], [3287.0, 356.0], [3286.75, 1193.0], [3285.75, 1425.0], [3285.5, 4773.0], [3284.75, 7252.0], [3284.5, 19092.0], [3284.25, 6499.0], [3284.0, 21772.0]], "asks": [[3292.25, 2100.0], [3292.5, 7626.0], [3292.75, 3352.0], [3293.0, 2727.0], [3293.25, 2727.0], [3293.5, 2727.0], [3293.75, 7903.0], [3294.0, 19440.0], [3294.75, 5.0], [3295.25, 500.0], [3295.75, 2115.0], [3296.0, 7087.0], [3296.25, 500.0], [3296.75, 6641.0], [3297.0, 22098.0], [3297.75, 6282.0], [3298.0, 22675.0], [3298.25, 5965.0], [3299.75, 150.0], [3300.0, 80.0]]}}}
{"jsonrpc": "2.0", "method": "subscription", "params": {"channel": "book.ETH-23JAN26.none.20.100ms", "data": {"timestamp": 1768627504546, "change_id": 105155915033, "instrument_name": "ETH-23JAN26", "bids": [[3292.0, 2100.0], [3291.75, 7812.0], [3291.5, 3538.0], [3291.25, 2727.0], [3291.0, 2727.0], [3290.75, 5064.0], [3290.5, 9928.0], [3289.25, 2059.0], [3289.0, 6898.0], [3288.0, 80.0], [3287.5, 5851.0], [3287.25, 19600.0], [3287.0, 356.0], [3286.75, 1193.0], [3285.75, 1425.0], [3285.5, 4773.0], [3284.75, 7252.0], [3284.5, 19092.0], [3284.25, 6499.0], [3284.0, 21772.0]], "asks": [[3292.25, 2100.0], [3292.5, 7626.0], [3292.75, 3352.0], [3293.0, 2727.0], [3293.25, 2727.0], [3293.5, 2727.0], [3293.75, 7903.0], [3294.0, 19440.0], [3294.75, 5.0], [3295.25, 500.0], [3295.75, 2115.0], [3296.0, 7087.0], [3296.25, 500.0], [3296.75, 6641.0], [3297.0, 22098.0], [3297.75, 6282.0], [3298.0, 22675.0], [3298.25, 5965.0], [3300.0, 80.0], [3300.25, 500.0]]}}}
{"jsonrpc": "2.0", "method": "subscription", "params": {"channel": "book.ETH-23JAN26.none.20.100ms", "data": {"timestamp": 1768627505078, "change_id": 105155915646, "instrument_name": "ETH-23JAN26", "bids": [[3291.75, 7812.0], [3291.5, 3538.0], [3291.25, 2727.0], [3291.0, 2727.0], [3290.75, 5064.0], [3290.5, 9928.0], [3289.25, 2059.0], [3289.0, 6898.0], [3288.0, 80.0], [3287.5, 5851.0], [3287.25, 19600.0], [3287.0, 356.0], [3286.75, 1193.0], [3285.75, 1425.0], [3285.5, 4773.0], [3284.75, 7252.0], [3284.5, 19092.0], [3284.25, 6499.0], [3284.0, 21772.0], [3282.25, 21429.0]], "asks": [[3292.25, 2396.0], [3292.5, 7626.0], [3292.75, 3352.0], [3293.0, 2727.0], [3293.25, 2727.0], [3293.5, 2727.0], [3293.75, 7903.0], [3294.0, 19440.0], [3294.75, 5.0], [3295.25, 500.0], [3295.75, 2115.0], [3296.0, 7087.0], [3296.25, 500.0], [3296.75, 6641.0], [3297.0, 22098.0], [3297.75, 6282.0], [3298.0, 22675.0], [3298.25, 5965.0], [3298.75, 150.0], [3300.0, 80.0]]}}}
{"jsonrpc": "2.0", "method": "subscription", "params": {"channel": "book.ETH-23JAN26.none.20.100ms", "data": {"timestamp": 1768627506541, "change_id": 105155916684, "instrument_name": "ETH-23JAN26", "bids": [[3291.75, 7812.0], [3291.5, 3538.0], [3291.25, 2727.0], [3291.0, 2727.0], [3290.75, 2100.0], [3289.75, 2964.0], [3289.5, 9928.0], [3289.25, 2059.0], [3289.0, 6898.0], [3288.0, 80.0], [3287.75, 5851.0], [3287.5, 19600.0], [3285.75, 1425.0], [3285.5, 4773.0], [3285.25, 356.0], [3285.0, 1193.0], [3284.75, 7252.0], [3284.5, 19092.0], [3284.25, 6499.0], [3284.0, 21772.0]], "asks": [[3292.25, 2396.0], [3292.5, 7626.0], [3292.75, 3352.0], [3293.0, 2727.0], [3293.25, 2727.0], [3293.5, 2727.0], [3293.75, 7903.0], [3294.0, 19440.0], [3294.75, 5.0], [3295.25, 500.0], [3295.75, 2115.0], [3296.0, 7087.0], [3296.25, 500.0], [3296.75, 6641.0], [3297.0, 22098.0], [3297.75, 6282.0], [3298.0, 22675.0], [3298.25, 5965.0], [3298.75, 150.0], [3300.0, 80.0]]}}}
{"jsonrpc": "2.0", "method": "subscription", "params": {"channel": "book.ETH-23JAN26.none.20.100ms", "data": {"timestamp": 1768627506941, "change_id": 105155917183, "instrument_name": "ETH-23JAN26", "bids": [[3291.75, 7812.0], [3291.5, 3538.0], [3291.25, 2100.0], [3290.0, 2100.0], [3289.75, 2964.0], [3289.5, 16965.0], [3288.0, 80.0], [3287.75, 5851.0], [3287.5, 19600.0], [3285.75, 1425.0], [3285.5, 4773.0], [3285.25, 356.0], [3285.0, 1193.0], [3284.75, 7252.0], [3284.5, 19092.0], [3284.25, 6499.0], [3284.0, 21772.0], [3282.25, 21429.0], [3281.5, 40000.0], [3280.5, 39166.0]], "asks": [[3292.25, 2396.0], [3292.5, 7626.0], [3292.75, 3352.0], [3293.0, 2727.0], [3293.25, 2727.0], [3293.5, 2727.0], [3293.75, 7903.0], [3294.0, 19440.0], [3294.75, 5.0], [3295.25, 500.0], [3296.0, 80.0], [3296.25, 2559.0], [3296.5, 6897.0], [3296.75, 6641.0], [3297.0, 22098.0], [3297.75, 6282.0], [3298.0, 22675.0], [3298.25, 5965.0], [3298.75, 150.0], [3300.0, 80.0]]}}}
{"jsonrpc": "2.0", "method": "subscription", "params": {"channel": "book.ETH-23JAN26.none.20.100ms", "data": {"timestamp": 1768627507471, "change_id": 105155917487, "instrument_name": "ETH-23JAN26", "bids": [[3291.75, 6999.0], [3291.5, 1438.0], [3291.25, 2100.0], [3290.0, 2100.0], [3289.75, 6785.0], [3289.5, 16965.0], [3288.0, 80.0], [3287.75, 5851.0], [3287.5, 19600.0], [3285.75, 1425.0], [3285.5, 4773.0], [3285.25, 356.0], [3285.0, 1193.0], [3284.75, 7252.0], [3284.5, 19092.0], [3284.25, 6499.0], [3284.0, 21772.0], [3282.25, 21429.0], [3281.5, 40000.0], [3280.5, 39166.0]], "asks": [[3292.25, 2396.0], [3292.5, 7626.0], [3292.75, 3352.0], [3293.0, 2727.0], [3293.25, 2727.0], [3293.5, 2727.0], [3293.75, 7903.0], [3294.0, 19440.0], [3294.75, 5.0], [3295.25, 500.0], [3296.0, 80.0], [3296.25, 2559.0], [3296.5, 6897.0], [3296.75, 6641.0], [3297.0, 22098.0], [3297.75, 6282.0], [3298.0, 22675.0], [3298.25, 5965.0], [3298.75, 150.0], [3300.0, 80.0]]}}}
{"jsonrpc": "2.0", "method": "subscription", "params": {"channel": "book.ETH-23JAN26.none.20.100ms", "data": {"timestamp": 1768627507679, "change_id": 105155917524, "instrument_name": "ETH-23JAN26", "bids": [[3291.75, 6999.0], [3291.5, 625.0], [3290.0, 2100.0], [3289.75, 6785.0], [3289.5, 16965.0], [3288.0, 80.0], [3287.75, 5851.0], [3287.5, 19600.0], [3285.75, 1425.0], [3285.5, 4773.0], [3285.25, 356.0], [3285.0, 1193.0], [3284.75, 7252.0], [3284.5, 19092.0], [3284.25, 6499.0], [3284.0, 21772.0], [3282.25, 21429.0], [3281.5, 40000.0], [3280.5, 39166.0], [3280.0, 39496.0]], "asks": [[3292.25, 2396.0], [3292.5, 7626.0], [3292.75, 3352.0], [3293.0, 2727.0], [3293.25, 2727.0], [3293.5, 2727.0], [3293.75, 7903.0], [3294.0, 19440.0], [3294.75, 5.0], [3295.25, 500.0], [3296.0, 80.0], [3296.25, 2559.0], [3296.5, 6897.0], [3296.75, 6641.0], [3297.0, 22098.0], [3297.75, 6282.0], [3298.0, 22675.0], [3298.25, 5965.0], [3298.75, 150.0], [3300.0, 80.0]]}}}
{"jsonrpc": "2.0", "method": "subscription", "params": {"channel": "book.ETH-23JAN26.none.20.100ms", "data": {"timestamp": 1768627509332, "change_id": 105155918938, "instrument_name": "ETH-23JAN26", "bids": [[3291.75, 6999.0], [3291.5, 625.0], [3290.0, 2100.0], [3289.75, 6785.0], [3289.5, 16965.0], [3288.0, 80.0], [3287.75, 5851.0], [3285.75, 1425.0], [3285.5, 4773.0], [3285.25, 356.0], [3285.0, 1193.0], [3284.75, 7252.0], [3284.5, 19092.0], [3284.25, 6499.0], [3284.0, 21772.0], [3282.25, 21429.0], [3281.5, 40000.0], [3280.5, 39166.0], [3280.0, 39496.0], [3273.0, 76367.0]], "asks": [[3292.25, 2396.0], [3292.5, 7626.0], [3292.75, 3352.0], [3293.0, 2727.0], [3293.25, 2727.0], [3293.5, 2727.0], [3293.75, 7903.0], [3294.0, 19440.0], [3294.75, 5.0], [3295.25, 500.0], [3296.0, 80.0], [3296.25, 2559.0], [3296.5, 6897.0], [3296.75, 6641.0], [3297.0, 22098.0], [3297.75, 6282.0], [3298.0, 22675.0], [3298.25, 5965.0], [3298.75, 150.0], [3300.0, 80.0]]}}}
{"jsonrpc": "2.0", "method": "subscription", "params": {"channel": "book.ETH-23JAN26.none.20.100ms", "data": {"timestamp": 1768627509656, "change_id": 105155919061, "instrument_name": "ETH-23JAN26", "bids": [[3291.75, 6999.0], [3291.5, 625.0], [3290.5, 2100.0], [3290.25, 10555.0], [3290.0, 2100.0], [3289.75, 3821.0], [3289.5, 7037.0], [3288.0, 80.0], [3286.25, 5851.0], [3286.0, 19600.0], [3285.75, 1425.0], [3285.5, 4773.0], [3285.25, 356.0], [3285.0, 1193.0], [3284.75, 7252.0], [3284.5, 19092.0], [3284.25, 6499.0], [3284.0, 21772.0], [3282.25, 21429.0], [3281.5, 40000.0]], "asks": [[3292.25, 2396.0], [3292.5, 7626.0], [3292.75, 3352.0], [3293.0, 2727.0], [3293.25, 2727.0], [3293.5, 2727.0], [3293.75, 7903.0], [3294.0, 19440.0], [3294.75, 5.0], [3295.25, 500.0], [3296.0, 80.0], [3296.25, 2559.0], [3296.5, 6897.0], [3296.75, 6641.0], [3297.0, 22098.0], [3297.75, 6282.0], [3298.0, 22675.0], [3298.25, 5965.0], [3298.75, 150.0], [3300.0, 80.0]]}}}
{"jsonrpc": "2.0", "method": "subscription", "params": {"channel": "book.ETH-23JAN26.none.20.100ms", "data": {"timestamp": 1768627509946, "change_id": 105155919517, "instrument_name": "ETH-23JAN26", "bids": [[3291.75, 6999.0], [3291.5, 625.0], [3290.5, 2100.0], [3290.25, 10555.0], [3290.0, 2100.0], [3289.75, 3821.0], [3289.5, 7037.0], [3288.0, 80.0], [3286.25, 5851.0], [3286.0, 19600.0], [3285.75, 1425.0], [3285.5, 4773.0], [3285.25, 356.0], [3285.0, 1193.0], [3284.75, 7252.0], [3284.5, 19092.0], [3284.25, 6499.0], [3284.0, 21772.0], [3282.25, 21429.0], [3281.5, 40000.0]], "asks": [[3292.25, 2396.0], [3292.5, 2727.0], [3292.75, 3352.0], [3293.0, 2727.0], [3293.25, 2727.0], [3293.5, 2727.0], [3293.75, 7903.0], [3294.0, 19440.0], [3294.75, 5.0], [3295.25, 500.0], [3296.0, 80.0], [3296.25, 2559.0], [3296.5, 6897.0], [3296.75, 6641.0], [3297.0, 22098.0], [3297.75, 6282.0], [3298.0, 22675.0], [3298.25, 5965.0], [3298.75, 150.0], [3300.0, 80.0]]}}}
{"jsonrpc": "2.0", "method": "subscription", "params": {"channel": "book.ETH-23JAN26.none.20.100ms", "data": {"timestamp": 1768627510081, "change_id": 105155919624, "instrument_name": "ETH-23JAN26", "bids": [[3291.75, 7624.0], [3290.5, 2100.0], [3290.25, 10555.0], [3290.0, 2100.0], [3289.75, 3821.0], [3289.5, 7037.0], [3288.0, 80.0], [3286.25, 5851.0], [3286.0, 19600.0], [3285.75, 1425.0], [3285.5, 4773.0], [3285.25, 356.0], [3285.0, 1193.0], [3284.75, 7252.0], [3284.5, 19092.0], [3284.25, 6499.0], [3284.0, 21772.0], [3282.25, 21429.0], [3281.5, 40000.0], [3280.5, 39166.0]], "asks": [[3292.25, 2396.0], [3292.5, 7626.0], [3292.75, 3352.0], [3293.0, 2727.0], [3293.25, 2727.0], [3293.5, 2727.0], [3293.75, 7903.0], [3294.0, 19440.0], [3294.75, 5.0], [3295.25, 500.0], [3296.0, 80.0], [3296.25, 2559.0], [3296.5, 6897.0], [3296.75, 6641.0], [3297.0, 22098.0], [3297.75, 6282.0], [3298.0, 22675.0], [3298.25, 5965.0], [3298.75, 150.0], [3300.0, 80.0]]}}}
{"jsonrpc": "2.0", "method": "subscription", "params": {"channel": "book.ETH-23JAN26.none.20.100ms", "data": {"timestamp": 1768627510646, "change_id": 105155919846, "instrument_name": "ETH-23JAN26", "bids": [[3291.75, 8251.0], [3291.5, 5461.0], [3291.25, 11355.0], [3290.5, 5064.0], [3290.25, 10555.0], [3290.0, 2100.0], [3289.75, 3821.0], [3289.5, 7037.0], [3288.0, 80.0], [3286.25, 5851.0], [3286.0, 19600.0], [3285.75, 1425.0], [3285.5, 4773.0], [3285.25, 356.0], [3285.0, 1193.0], [3284.75, 7252.0], [3284.5, 19092.0], [3284.25, 6499.0], [3284.0, 21772.0], [3282.25, 21429.0]], "asks": [[3292.25, 2396.0], [3292.5, 7626.0], [3292.75, 3352.0], [3293.0, 2727.0], [3293.25, 2727.0], [3293.5, 2727.0], [3293.75, 7903.0], [3294.0, 19440.0], [3294.75, 5.0], [3295.25, 500.0], [3296.0, 80.0], [3296.25, 2559.0], [3296.5, 6897.0], [3296.75, 6641.0], [3297.0, 22098.0], [3297.75, 6282.0], [3298.0, 22675.0], [3298.25, 5965.0], [3298.75, 150.0], [3300.0, 80.0]]}}}
{"jsonrpc": "2.0", "method": "subscription", "params": {"channel": "book.ETH-23JAN26.none.20.100ms", "data": {"timestamp": 1768627510869, "change_id": 105155919971, "instrument_name": "ETH-23JAN26", "bids": [[3291.75, 8251.0], [3291.5, 2100.0], [3291.0, 627.0], [3290.75, 2100.0], [3290.5, 5064.0], [3290.25, 10555.0], [3290.0, 2100.0], [3289.75, 3821.0], [3289.5, 7037.0], [3288.0, 80.0], [3286.25, 5851.0], [3286.0, 19600.0], [3285.75, 1425.0], [3285.5, 4773.0], [3285.25, 356.0], [3285.0, 1193.0], [3284.75, 7252.0], [3284.5, 19092.0], [3284.25, 6499.0], [3284.0, 21772.0]], "asks": [[3292.25, 2396.0], [3292.5, 7626.0], [3292.75, 3352.0], [3293.0, 2727.0], [3293.25, 2727.0], [3293.5, 2727.0], [3293.75, 7903.0], [3294.0, 19440.0], [3294.75, 5.0], [3295.25, 500.0], [3296.0, 80.0], [3296.25, 2559.0], [3296.5, 6897.0], [3296.75, 6641.0], [3297.0, 22098.0], [3297.75, 6282.0], [3298.0, 22675.0], [3298.25, 5965.0], [3298.75, 150.0], [3300.0, 80.0]]}}}
{"jsonrpc": "2.0", "method": "subscription", "params": {"channel": "book.ETH-23JAN26.none.20.100ms", "data": {"timestamp": 1768627511229, "change_id": 105155920512, "instrument_name": "ETH-23JAN26", "bids": [[3291.75, 8251.0], [3291.5, 4834.0], [3291.25, 11355.0], [3291.0, 627.0], [3290.75, 2100.0], [3290.5, 5064.0], [3290.25, 10555.0], [3290.0, 2100.0], [3289.75, 3821.0], [3289.5, 7037.0], [3288.0, 80.0], [3286.25, 5851.0], [3286.0, 19600.0], [3285.75, 1425.0], [3285.5, 4773.0], [3285.25, 356.0], [3285.0, 1193.0], [3284.75, 7252.0], [3284.5, 19092.0], [3284.25, 6499.0]], "asks": [[3292.25, 2396.0], [3292.5, 7626.0], [3292.75, 3352.0], [3293.0, 2727.0], [3293.25, 2727.0], [3293.5, 2727.0], [3293.75, 7903.0], [3294.0, 19440.0], [3294.75, 5.0], [3295.25, 500.0], [3296.0, 80.0], [3296.25, 2559.0], [3296.5, 6897.0], [3296.75, 6641.0], [3297.0, 22098.0], [3297.75, 6282.0], [3298.0, 22675.0], [3298.25, 5965.0], [3298.75, 150.0], [3300.0, 80.0]]}}}
{"jsonrpc": "2.0", "method": "subscription", "params": {"channel": "book.ETH-23JAN26.none.20.100ms", "data": {"timestamp": 1768627511920, "change_id": 105155920984, "instrument_name": "ETH-23JAN26", "bids": [[3291.75, 8251.0], [3291.5, 2100.0], [3291.0, 627.0], [3290.75, 2727.0], [3290.5, 5064.0], [3290.25, 10555.0], [3290.0, 2100.0], [3289.75, 3821.0], [3289.5, 7037.0], [3288.0, 80.0], [3286.75, 5851.0], [3286.5, 19600.0], [3285.75, 1425.0], [3285.5, 4773.0], [3285.25, 356.0], [3285.0, 1193.0], [3284.75, 7252.0], [3284.5, 19092.0], [3284.25, 6499.0], [3284.0, 21772.0]], "asks": [[3292.25, 2396.0], [3292.5, 7626.0], [3292.75, 3352.0], [3293.0, 2727.0], [3293.25, 2727.0], [3293.5, 2727.0], [3293.75, 7903.0], [3294.0, 19440.0], [3294.75, 5.0], [3295.25, 500.0], [3296.0, 80.0], [3296.25, 2559.0], [3296.5, 6897.0], [3296.75, 6641.0], [3297.0, 22098.0], [3297.75, 6282.0], [3298.0, 22675.0], [3298.25, 5965.0], [3298.75, 150.0], [3300.0, 80.0]]}}}
{"jsonrpc": "2.0", "method": "subscription", "params": {"channel": "book.ETH-23JAN26.none.20.100ms", "data": {"timestamp": 1768627512284, "change_id": 105155922115, "instrument_name": "ETH-23JAN26", "bids": [[3291.75, 6999.0], [3291.0, 627.0], [3290.75, 2727.0], [3290.5, 5064.0], [3290.25, 10555.0], [3290.0, 2100.0], [3289.75, 3821.0], [3289.5, 7037.0], [3288.0, 80.0], [3286.75, 5851.0], [3286.5, 19600.0], [3285.75, 1425.0], [3285.5, 4773.0], [3285.25, 356.0], [3285.0, 1193.0], [3284.75, 7252.0], [3284.5, 19092.0], [3284.25, 6499.0], [3284.0, 21772.0], [3282.25, 21429.0]], "asks": [[3292.25, 2396.0], [3292.5, 7626.0], [3292.75, 2727.0], [3293.0, 2727.0], [3293.25, 2727.0], [3293.5, 2727.0], [3293.75, 7903.0], [3294.0, 19440.0], [3294.75, 5.0], [3295.25, 500.0], [3296.0, 80.0], [3296.25, 2559.0], [3296.5, 6897.0], [3296.75, 6641.0], [3297.0, 22098.0], [3297.75, 6282.0], [3298.0, 22675.0], [3298.25, 5965.0], [3298.75, 150.0], [3300.0, 80.0]]}}}
{"jsonrpc": "2.0", "method": "subscription", "params": {"channel": "book.ETH-23JAN26.none.20.100ms", "data": {"timestamp": 1768627512622, "change_id": 105155922527, "instrument_name": "ETH-23JAN26", "bids": [[3291.75, 4899.0], [3291.0, 627.0], [3290.75, 2727.0], [3290.5, 5064.0], [3290.25, 10555.0], [3290.0, 2100.0], [3289.75, 3821.0], [3289.5, 7037.0], [3288.0, 80.0], [3286.75, 5851.0], [3286.5, 19600.0], [3285.75, 1425.0], [3285.5, 4773.0], [3285.25, 356.0], [3285.0, 1193.0], [3284.75, 7252.0], [3284.5, 19092.0], [3284.25, 6499.0], [3284.0, 21772.0], [3282.25, 21429.0]], "asks": [[3292.25, 2396.0], [3292.5, 7626.0], [3292.75, 2727.0], [3293.0, 2727.0], [3293.25, 2727.0], [3293.5, 2727.0], [3293.75, 7903.0], [3294.0, 19440.0], [3294.75, 5.0], [3295.25, 500.0], [3296.0, 80.0], [3296.25, 2559.0], [3296.5, 6897.0], [3296.75, 6641.0], [3297.0, 22098.0], [3297.75, 6282.0], [3298.0, 22675.0], [3298.25, 5965.0], [3298.75, 150.0], [3300.0, 80.0]]}}}
{"jsonrpc": "2.0", "method": "subscription", "params": {"channel": "book.ETH-23JAN26.none.20.100ms", "data": {"timestamp": 1768627512859, "change_id": 105155922630, "instrument_name": "ETH-23JAN26", "bids": [[3291.75, 5524.0], [3291.5, 3338.0], [3291.25, 11355.0], [3291.0, 627.0], [3290.75, 2727.0], [3290.5, 5064.0], [3290.25, 10555.0], [3290.0, 2100.0], [3289.75, 3821.0], [3289.5, 7037.0], [3288.0, 80.0], [3286.75, 5851.0], [3286.5, 19600.0], [3285.75, 1425.0], [3285.5, 4773.0], [3285.25, 356.0], [3285.0, 1193.0], [3284.75, 7252.0], [3284.5, 19092.0], [3284.25, 6499.0]], "asks": [[3292.25, 2396.0], [3292.5, 7626.0], [3292.75, 3352.0], [3293.0, 2727.0], [3293.25, 2727.0], [3293.5, 2727.0], [3293.75, 7903.0], [3294.0, 19440.0], [3294.75, 5.0], [3295.25, 500.0], [3296.0, 80.0], [3296.25, 2559.0], [3296.5, 6897.0], [3296.75, 6641.0], [3297.0, 22098.0], [3297.75, 6282.0], [3298.0, 22675.0], [3298.25, 5965.0], [3298.75, 150.0], [3300.0, 80.0]]}}}
{"jsonrpc": "2.0", "method": "subscription", "params": {"channel": "book.ETH-23JAN26.none.20.100ms", "data": {"timestamp": 1768627513295, "change_id": 105155923696, "instrument_name": "ETH-23JAN26", "bids": [[3291.75, 5524.0], [3291.5, 3338.0], [3291.25, 11355.0], [3291.0, 627.0], [3290.75, 2727.0], [3290.5, 5064.0], [3290.25, 10555.0], [3290.0, 2100.0], [3289.75, 3821.0], [3289.5, 7037.0], [3288.0, 80.0], [3286.75, 5851.0], [3286.5, 19600.0], [3285.75, 1425.0], [3285.5, 4773.0], [3285.25, 356.0], [3285.0, 1193.0], [3284.75, 7252.0], [3284.5, 19092.0], [3284.25, 6499.0]], "asks": [[3292.25, 2396.0], [3292.5, 7626.0], [3292.75, 3352.0], [3293.0, 2727.0], [3293.25, 2727.0], [3293.5, 2727.0], [3293.75, 7903.0], [3294.0, 19440.0], [3294.75, 5.0], [3295.25, 500.0], [3296.0, 80.0], [3296.25, 2559.0], [3296.5, 6897.0], [3296.75, 6641.0], [3297.0, 22098.0], [3297.75, 6282.0], [3298.0, 22675.0], [3298.25, 5965.0], [3298.75, 150.0], [3300.0, 80.0]]}}}
{"jsonrpc": "2.0", "method": "subscription", "params": {"channel": "book.ETH-23JAN26.none.20.100ms", "data": {"timestamp": 1768627513409, "change_id": 105155924372, "instrument_name": "ETH-23JAN26", "bids": [[3291.75, 5524.0], [3291.5, 3338.0], [3291.25, 11355.0], [3291.0, 627.0], [3290.75, 2727.0], [3290.5, 5064.0], [3290.25, 10555.0], [3290.0, 2100.0], [3289.75, 3821.0], [3289.5, 7037.0], [3288.0, 80.0], [3286.75, 5851.0], [3286.5, 19600.0], [3285.75, 1425.0], [3285.5, 4773.0], [3285.25, 356.0], [3285.0, 1193.0], [3284.75, 7252.0], [3284.5, 19092.0], [3284.25, 6499.0]], "asks": [[3292.25, 2396.0], [3292.5, 7626.0], [3292.75, 3352.0], [3293.0, 2727.0], [3293.25, 2727.0], [3293.5, 2727.0], [3293.75, 7903.0], [3294.0, 19440.0], [3294.75, 5.0], [3295.25, 500.0], [3296.0, 80.0], [3296.25, 2559.0], [3296.5, 6897.0], [3296.75, 6641.0], [3297.0, 22098.0], [3297.75, 6282.0], [3298.0, 22675.0], [3298.25, 5965.0], [3298.75, 150.0], [3300.0, 80.0]]}}}
{"jsonrpc": "2.0", "method": "subscription", "params": {"channel": "book.ETH-23JAN26.none.20.100ms", "data": {"timestamp": 1768627513819, "change_id": 105155925699, "instrument_name": "ETH-23JAN26", "bids": [[3291.75, 5524.0], [3291.0, 627.0], [3290.75, 2727.0], [3290.5, 5064.0], [3290.25, 10555.0], [3290.0, 2727.0], [3289.75, 3821.0], [3289.5, 7037.0], [3288.0, 80.0], [3286.75, 5851.0], [3286.5, 19600.0], [3285.75, 1425.0], [3285.5, 4773.0], [3285.25, 356.0], [3285.0, 1193.0], [3284.75, 7252.0], [3284.5, 19092.0], [3284.25, 6499.0], [3284.0, 21772.0], [3282.25, 61429.0]], "asks": [[3292.25, 2396.0], [3292.5, 7626.0], [3292.75, 3352.0], [3293.0, 2727.0], [3293.25, 2727.0], [3293.5, 2727.0], [3293.75, 7903.0], [3294.0, 19440.0], [3294.75, 5.0], [3295.25, 500.0], [3296.0, 80.0], [3296.25, 2559.0], [3296.5, 6897.0], [3296.75, 6641.0], [3297.0, 22098.0], [3297.75, 6282.0], [3298.0, 22675.0], [3298.25, 5965.0], [3298.75, 150.0], [3300.0, 80.0]]}}}
{"jsonrpc": "2.0", "method": "subscription", "params": {"channel": "book.ETH-23JAN26.none.20.100ms", "data": {"timestamp": 1768627514179, "change_id": 105155926320, "instrument_name": "ETH-23JAN26", "bids": [[3291.75, 5524.0], [3291.5, 3250.0], [3291.25, 11355.0], [3291.0, 627.0], [3290.75, 2727.0], [3290.5, 5064.0], [3290.25, 10555.0], [3290.0, 2727.0], [3289.75, 3821.0], [3289.5, 7037.0], [3288.0, 80.0], [3286.75, 5851.0], [3286.5, 19600.0], [3285.75, 1425.0], [3285.5, 4773.0], [3285.25, 356.0], [3285.0, 1193.0], [3284.75, 7252.0], [3284.5, 19092.0], [3284.25, 6499.0]], "asks": [[3292.25, 2396.0], [3292.5, 7626.0], [3292.75, 3352.0], [3293.0, 2727.0], [3293.25, 2727.0], [3293.5, 2727.0], [3293.75, 7903.0], [3294.0, 19440.0], [3294.75, 5.0], [3295.25, 500.0], [3296.0, 80.0], [3296.25, 2559.0], [3296.5, 6897.0], [3296.75, 6641.0], [3297.0, 22098.0], [3297.75, 6282.0], [3298.0, 22675.0], [3298.25, 5965.0], [3298.75, 150.0], [3300.0, 80.0]]}}}
{"jsonrpc": "2.0", "method": "subscription", "params": {"channel": "book.ETH-23JAN26.none.20.100ms", "data": {"timestamp": 1768627514442, "change_id": 105155926428, "instrument_name": "ETH-23JAN26", "bids": [[3291.75, 5524.0], [3291.0, 627.0], [3290.75, 2727.0], [3290.5, 5064.0], [3290.25, 10555.0], [3290.0, 2727.0], [3289.75, 3821.0], [3289.5, 7037.0], [3288.0, 80.0], [3286.75, 5851.0], [3286.5, 19600.0], [3285.75, 1425.0], [3285.5, 4773.0], [3285.25, 356.0], [3285.0, 1193.0], [3284.75, 7252.0], [3284.5, 19092.0], [3284.25, 6499.0], [3284.0, 21772.0], [3282.25, 61429.0]], "asks": [[3292.25, 2396.0], [3292.5, 7626.0], [3292.75, 3352.0], [3293.0, 2727.0], [3293.25, 2727.0], [3293.5, 2727.0], [3293.75, 7903.0], [3294.0, 19440.0], [3294.75, 5.0], [3295.25, 500.0], [3296.0, 80.0], [3296.25, 2559.0], [3296.5, 6897.0], [3296.75, 6641.0], [3297.0, 22098.0], [3297.75, 6282.0], [3298.0, 22675.0], [3298.25, 5965.0], [3298.75, 150.0], [3300.0, 80.0]]}}}
{"jsonrpc": "2.0", "method": "subscription", "params": {"channel": "book.ETH-23JAN26.none.20.100ms", "data": {"timestamp": 1768627515339, "change_id": 105155927249, "instrument_name": "ETH-23JAN26", "bids": [[3291.75, 5524.0], [3291.0, 627.0], [3290.75, 2727.0], [3290.5, 5064.0], [3290.25, 10555.0], [3290.0, 2727.0], [3289.75, 3821.0], [3289.5, 7037.0], [3288.0, 80.0], [3287.25, 5851.0], [3287.0, 19600.0], [3285.75, 1425.0], [3285.5, 4773.0], [3285.25, 356.0], [3285.0, 1193.0], [3284.75, 7252.0], [3284.5, 19092.0], [3284.25, 6499.0], [3284.0, 21772.0], [3282.25, 61429.0]], "asks": [[3292.25, 2717.0], [3292.5, 7626.0], [3292.75, 3352.0], [3293.0, 2727.0], [3293.25, 2727.0], [3293.5, 2727.0], [3293.75, 7903.0], [3294.0, 19440.0], [3294.75, 5.0], [3295.25, 500.0], [3296.0, 80.0], [3296.25, 2559.0], [3296.5, 6897.0], [3296.75, 6641.0], [3297.0, 22098.0], [3297.75, 6282.0], [3298.0, 22675.0], [3298.25, 5965.0], [3298.75, 150.0], [3300.0, 80.0]]}}}
{"jsonrpc": "2.0", "method": "subscription", "params": {"channel": "book.ETH-23JAN26.none.20.100ms", "data": {"timestamp": 1768627516305, "change_id": 105155928026, "instrument_name": "ETH-23JAN26", "bids": [[3291.75, 5524.0], [3291.25, 11355.0], [3291.0, 627.0], [3290.75, 2727.0], [3290.5, 5064.0], [3290.25, 10555.0], [3290.0, 2727.0], [3289.75, 3821.0], [3289.5, 7037.0], [3288.0, 80.0], [3287.25, 5851.0], [3287.0, 19600.0], [3285.75, 1425.0], [3285.5, 4773.0], [3285.25, 356.0], [3285.0, 1193.0], [3284.75, 7252.0], [3284.5, 19092.0], [3284.25, 6499.0], [3284.0, 21772.0]], "asks": [[3292.25, 2717.0], [3292.5, 7626.0], [3292.75, 3352.0], [3293.0, 2727.0], [3293.25, 2727.0], [3293.5, 2727.0], [3293.75, 7903.0], [3294.0, 19440.0], [3294.75, 5.0], [3295.25, 500.0], [3296.0, 80.0], [3296.25, 2559.0], [3296.5, 6897.0], [3296.75, 6641.0], [3297.0, 22098.0], [3297.75, 6282.0], [3298.0, 22675.0], [3298.25, 5965.0], [3298.75, 150.0], [3300.0, 80.0]]}}}
{"jsonrpc": "2.0", "method": "subscription", "params": {"channel": "book.ETH-23JAN26.none.20.100ms", "data": {"timestamp": 1768627516560, "change_id": 105155928187, "instrument_name": "ETH-23JAN26", "bids": [[3291.75, 5524.0], [3291.5, 3118.0], [3291.25, 11355.0], [3291.0, 627.0], [3290.75, 2727.0], [3290.5, 5064.0], [3290.25, 10555.0], [3290.0, 2727.0], [3289.75, 3821.0], [3289.5, 7037.0], [3288.0, 80.0], [3287.25, 5851.0], [3287.0, 19600.0], [3285.75, 1425.0], [3285.5, 4773.0], [3285.25, 356.0], [3285.0, 1193.0], [3284.75, 7252.0], [3284.5, 19092.0], [3284.25, 6499.0]], "asks": [[3292.25, 7616.0], [3292.5, 2727.0], [3292.75, 3352.0], [3293.0, 2727.0], [3293.25, 2727.0], [3293.5, 2727.0], [3293.75, 7903.0], [3294.0, 19440.0], [3294.75, 5.0], [3295.25, 500.0], [3296.0, 80.0], [3296.25, 2559.0], [3296.5, 6897.0], [3296.75, 6641.0], [3297.0, 22098.0], [3297.75, 6282.0], [3298.0, 22675.0], [3298.25, 5965.0], [3298.75, 150.0], [3300.0, 80.0]]}}}
{"jsonrpc": "2.0", "method": "subscription", "params": {"channel": "book.ETH-23JAN26.none.20.100ms", "data": {"timestamp": 1768627516783, "change_id": 105155928234, "instrument_name": "ETH-23JAN26", "bids": [[3291.75, 5524.0], [3291.0, 627.0], [3290.75, 2727.0], [3290.5, 5064.0], [3290.25, 10555.0], [3290.0, 2727.0], [3289.75, 3821.0], [3289.5, 7037.0], [3288.0, 80.0], [3287.25, 5851.0], [3287.0, 19600.0], [3285.75, 1425.0], [3285.5, 4773.0], [3285.25, 356.0], [3285.0, 1193.0], [3284.75, 7252.0], [3284.5, 19092.0], [3284.25, 6499.0], [3284.0, 21772.0], [3282.25, 61429.0]], "asks": [[3292.25, 7616.0], [3292.5, 2727.0], [3292.75, 3352.0], [3293.0, 2727.0], [3293.25, 2727.0], [3293.5, 2727.0], [3293.75, 7903.0], [3294.0, 19440.0], [3294.75, 5.0], [3295.25, 500.0], [3296.0, 80.0], [3296.25, 2559.0], [3296.5, 6897.0], [3296.75, 6641.0], [3297.0, 22098.0], [3297.75, 6282.0], [3298.0, 22675.0], [3298.25, 5965.0], [3298.75, 150.0], [3300.0, 80.0]]}}}
{"jsonrpc": "2.0", "method": "subscription", "params": {"channel": "book.ETH-23JAN26.none.20.100ms", "data": {"timestamp": 1768627517152, "change_id": 105155928749, "instrument_name": "ETH-23JAN26", "bids": [[3291.75, 5524.0], [3291.5, 3118.0], [3291.25, 11355.0], [3291.0, 627.0], [3290.75, 2727.0], [3290.5, 5064.0], [3290.25, 10555.0], [3290.0, 2727.0], [3289.75, 3821.0], [3289.5, 7037.0], [3288.0, 80.0], [3287.25, 5851.0], [3287.0, 19600.0], [3285.75, 1425.0], [3285.5, 4773.0], [3285.25, 356.0], [3285.0, 1193.0], [3284.75, 7252.0], [3284.5, 19092.0], [3284.25, 6499.0]], "asks": [[3292.25, 7616.0], [3292.5, 2727.0], [3292.75, 3352.0], [3293.0, 2727.0], [3293.25, 2727.0], [3293.5, 2727.0], [3293.75, 7903.0], [3294.0, 19440.0], [3294.75, 5.0], [3295.25, 500.0], [3296.0, 80.0], [3296.25, 2559.0], [3296.5, 6897.0], [3296.75, 6641.0], [3297.0, 22098.0], [3297.75, 6282.0], [3298.0, 22675.0], [3298.25, 5965.0], [3298.75, 150.0], [3300.0, 80.0]]}}}
{"jsonrpc": "2.0", "method": "subscription", "params": {"channel": "book.ETH-23JAN26.none.20.100ms", "data": {"timestamp": 1768627517414, "change_id": 105155928851, "instrument_name": "ETH-23JAN26", "bids": [[3291.75, 5524.0], [3291.0, 627.0], [3290.75, 2727.0], [3290.5, 5064.0], [3290.25, 10555.0], [3290.0, 2727.0], [3289.75, 3821.0], [3289.5, 7037.0], [3288.0, 80.0], [3287.25, 5851.0], [3287.0, 19600.0], [3285.75, 1425.0], [3285.5, 4773.0], [3285.25, 356.0], [3285.0, 1193.0], [3284.75, 7252.0], [3284.5, 19092.0], [3284.25, 6499.0], [3284.0, 21772.0], [3282.25, 61429.0]], "asks": [[3292.25, 7616.0], [3292.5, 2727.0], [3292.75, 3352.0], [3293.0, 2727.0], [3293.25, 2727.0], [3293.5, 2727.0], [3293.75, 7903.0], [3294.0, 19440.0], [3294.75, 5.0], [3295.25, 500.0], [3296.0, 80.0], [3296.25, 2559.0], [3296.5, 6897.0], [3296.75, 6641.0], [3297.0, 22098.0], [3297.75, 6282.0], [3298.0, 22675.0], [3298.25, 5965.0], [3298.75, 150.0], [3300.0, 80.0]]}}}
{"jsonrpc": "2.0", "method": "subscription", "params": {"channel": "book.ETH-23JAN26.none.20.100ms", "data": {"timestamp": 1768627518555, "change_id": 105155929742, "instrument_name": "ETH-23JAN26", "bids": [[3291.75, 5524.0], [3291.0, 3510.0], [3290.75, 10555.0], [3290.5, 2100.0], [3290.25, 627.0], [3290.0, 2727.0], [3289.75, 3821.0], [3289.5, 7037.0], [3288.0, 80.0], [3287.75, 5851.0], [3287.5, 19600.0], [3285.75, 1425.0], [3285.5, 4773.0], [3285.25, 356.0], [3285.0, 1193.0], [3284.75, 7252.0], [3284.5, 19092.0], [3284.25, 6499.0], [3284.0, 21772.0], [3282.25, 61429.0]], "asks": [[3292.25, 7616.0], [3292.5, 2727.0], [3292.75, 3352.0], [3293.0, 2727.0], [3293.25, 2727.0], [3293.5, 2727.0], [3293.75, 7903.0], [3294.0, 19440.0], [3294.75, 5.0], [3295.25, 500.0], [3296.0, 80.0], [3296.25, 2559.0], [3296.5, 6897.0], [3296.75, 6641.0], [3297.0, 22098.0], [3297.75, 6282.0], [3298.0, 22675.0], [3298.25, 5965.0], [3298.75, 150.0], [3300.0, 80.0]]}}}
{"jsonrpc": "2.0", "method": "subscription", "params": {"channel": "book.ETH-23JAN26.none.20.100ms", "data": {"timestamp": 1768627518831, "change_id": 105155929826, "instrument_name": "ETH-23JAN26", "bids": [[3291.75, 5524.0], [3291.5, 3113.0], [3291.25, 11355.0], [3291.0, 3510.0], [3290.75, 10555.0], [3290.5, 2100.0], [3290.25, 627.0], [3290.0, 2727.0], [3289.75, 3821.0], [3289.5, 7037.0], [3288.0, 80.0], [3287.75, 5851.0], [3287.5, 19600.0], [3285.75, 1425.0], [3285.5, 4773.0], [3285.25, 356.0], [3285.0, 1193.0], [3284.75, 7252.0], [3284.5, 19092.0], [3284.25, 6499.0]], "asks": [[3292.25, 7616.0], [3292.5, 2727.0], [3292.75, 3352.0], [3293.0, 2727.0], [3293.25, 2727.0], [3293.5, 2727.0], [3293.75, 7903.0], [3294.0, 19440.0], [3294.75, 5.0], [3295.25, 500.0], [3296.0, 80.0], [3296.25, 2559.0], [3296.5, 6897.0], [3296.75, 6641.0], [3297.0, 22098.0], [3297.75, 6282.0], [3298.0, 22675.0], [3298.25, 5965.0], [3298.75, 150.0], [3300.0, 80.0]]}}}
{"jsonrpc": "2.0", "method": "subscription", "params": {"channel": "book.ETH-23JAN26.none.20.100ms", "data": {"timestamp": 1768627519306, "change_id": 105155930344, "instrument_name": "ETH-23JAN26", "bids": [[3291.75, 5524.0], [3291.5, 3113.0], [3291.0, 3510.0], [3290.75, 10555.0], [3290.5, 2100.0], [3290.25, 627.0], [3290.0, 2727.0], [3289.75, 3821.0], [3289.5, 7037.0], [3288.0, 80.0], [3287.75, 5851.0], [3287.5, 19600.0], [3285.75, 1425.0], [3285.5, 4773.0], [3285.25, 356.0], [3285.0, 1193.0], [3284.75, 7252.0], [3284.5, 19092.0], [3284.25, 6499.0], [3284.0, 21772.0]], "asks": [[3292.25, 7616.0], [3292.5, 2727.0], [3292.75, 3352.0], [3293.0, 2727.0], [3293.25, 2727.0], [3293.5, 2727.0], [3293.75, 7903.0], [3294.0, 19440.0], [3294.75, 5.0], [3295.25, 500.0], [3296.0, 80.0], [3296.25, 2559.0], [3296.5, 6897.0], [3296.75, 6641.0], [3297.0, 22098.0], [3297.75, 6282.0], [3298.0, 22675.0], [3298.25, 5965.0], [3298.75, 150.0], [3300.0, 80.0]]}}}
{"jsonrpc": "2.0", "method": "subscription", "params": {"channel": "book.ETH-23JAN26.none.20.100ms", "data": {"timestamp": 1768627519307, "change_id": 105155930345, "instrument_name": "ETH-23JAN26", "bids": [[3291.75, 5524.0], [3291.0, 3510.0], [3290.75, 10555.0], [3290.5, 2100.0], [3290.25, 627.0], [3290.0, 2727.0], [3289.75, 3821.0], [3289.5, 7037.0], [3288.0, 80.0], [3287.75, 5851.0], [3287.5, 19600.0], [3285.75, 1425.0], [3285.5, 4773.0], [3285.25, 356.0], [3285.0, 1193.0], [3284.75, 7252.0], [3284.5, 19092.0], [3284.25, 6499.0], [3284.0, 21772.0], [3282.25, 61429.0]], "asks": [[3292.25, 7616.0], [3292.5, 2727.0], [3292.75, 3352.0], [3293.0, 2727.0], [3293.25, 2727.0], [3293.5, 2727.0], [3293.75, 7903.0], [3294.0, 19440.0], [3294.75, 5.0], [3295.25, 500.0], [3296.0, 80.0], [3296.25, 2559.0], [3296.5, 6897.0], [3296.75, 6641.0], [3297.0, 22098.0], [3297.75, 6282.0], [3298.0, 22675.0], [3298.25, 5965.0], [3298.75, 150.0], [3300.0, 80.0]]}}}
{"jsonrpc": "2.0", "method": "subscription", "params": {"channel": "book.ETH-23JAN26.none.20.100ms", "data": {"timestamp": 1768627519880, "change_id": 105155930682, "instrument_name": "ETH-23JAN26", "bids": [[3291.75, 5524.0], [3291.5, 3389.0], [3291.25, 11355.0], [3291.0, 3510.0], [3290.75, 10555.0], [3290.5, 2100.0], [3290.25, 627.0], [3290.0, 2727.0], [3289.75, 3821.0], [3289.5, 7037.0], [3288.0, 80.0], [3287.75, 5851.0], [3287.5, 19600.0], [3285.75, 1425.0], [3285.5, 4773.0], [3285.25, 356.0], [3285.0, 1193.0], [3284.75, 7252.0], [3284.5, 19092.0], [3284.25, 6499.0]], "asks": [[3292.25, 7616.0], [3292.5, 2727.0], [3292.75, 3352.0], [3293.0, 2727.0], [3293.25, 2727.0], [3293.5, 2727.0], [3293.75, 7903.0], [3294.0, 19440.0], [3294.75, 5.0], [3295.25, 500.0], [3296.0, 80.0], [3296.25, 2559.0], [3296.5, 6897.0], [3296.75, 6641.0], [3297.0, 22098.0], [3297.75, 6282.0], [3298.0, 22675.0], [3298.25, 5965.0], [3298.75, 150.0], [3300.0, 80.0]]}}}
{"jsonrpc": "2.0", "method": "subscription", "params": {"channel": "book.ETH-23JAN26.none.20.100ms", "data": {"timestamp": 1768627520147, "change_id": 105155931064, "instrument_name": "ETH-23JAN26", "bids": [[3291.75, 5524.0], [3291.0, 3510.0], [3290.75, 10555.0], [3290.5, 2100.0], [3290.25, 627.0], [3290.0, 2727.0], [3289.75, 3821.0], [3289.5, 7037.0], [3288.0, 80.0], [3287.75, 5851.0], [3287.5, 19600.0], [3285.75, 1425.0], [3285.5, 4773.0], [3285.25, 356.0], [3285.0, 1193.0], [3284.75, 7252.0], [3284.5, 19092.0], [3284.25, 6499.0], [3284.0, 21772.0], [3282.25, 61429.0]], "asks": [[3292.25, 7616.0], [3292.5, 2727.0], [3292.75, 3352.0], [3293.0, 2727.0], [3293.25, 2727.0], [3293.5, 2727.0], [3293.75, 7903.0], [3294.0, 19440.0], [3294.75, 5.0], [3295.25, 500.0], [3296.0, 80.0], [3296.25, 2559.0], [3296.5, 6897.0], [3296.75, 6641.0], [3297.0, 22098.0], [3297.75, 6282.0], [3298.0, 22675.0], [3298.25, 5965.0], [3298.75, 150.0], [3300.0, 80.0]]}}}
{"jsonrpc": "2.0", "method": "subscription", "params": {"channel": "book.ETH-23JAN26.none.20.100ms", "data": {"timestamp": 1768627520723, "change_id": 105155931324, "instrument_name": "ETH-23JAN26", "bids": [[3291.75, 5524.0], [3291.5, 3389.0], [3291.25, 11355.0], [3291.0, 3510.0], [3290.75, 10555.0], [3290.5, 2100.0], [3290.25, 627.0], [3290.0, 2727.0], [3289.75, 3821.0], [3289.5, 7037.0], [3288.0, 80.0], [3287.75, 5851.0], [3287.5, 19600.0], [3285.75, 1425.0], [3285.5, 4773.0], [3285.25, 356.0], [3285.0, 1193.0], [3284.75, 7252.0], [3284.5, 19092.0], [3284.25, 6499.0]], "asks": [[3292.25, 7616.0], [3292.5, 2727.0], [3292.75, 3352.0], [3293.0, 2727.0], [3293.25, 2727.0], [3293.5, 2727.0], [3293.75, 7903.0], [3294.0, 19440.0], [3294.75, 5.0], [3295.25, 500.0], [3296.0, 80.0], [3296.25, 2559.0], [3296.5, 6897.0], [3296.75, 6641.0], [3297.0, 22098.0], [3297.75, 6282.0], [3298.0, 22675.0], [3298.25, 5965.0], [3298.75, 150.0], [3300.0, 80.0]]}}}
{"jsonrpc": "2.0", "method": "subscription", "params": {"channel": "book.ETH-23JAN26.none.20.100ms", "data": {"timestamp": 1768627521197, "change_id": 105155931868, "instrument_name": "ETH-23JAN26", "bids": [[3291.75, 5524.0], [3291.0, 3510.0], [3290.75, 10555.0], [3290.5, 2100.0], [3290.25, 627.0], [3290.0, 2727.0], [3289.75, 3821.0], [3289.5, 7037.0], [3288.0, 80.0], [3287.75, 5851.0], [3287.5, 19600.0], [3285.75, 1425.0], [3285.5, 4773.0], [3285.25, 356.0], [3285.0, 1193.0], [3284.75, 7252.0], [3284.5, 19092.0], [3284.25, 6499.0], [3284.0, 21772.0], [3282.25, 61429.0]], "asks": [[3292.25, 7616.0], [3292.5, 2727.0], [3292.75, 3352.0], [3293.0, 2727.0], [3293.25, 2727.0], [3293.5, 2727.0], [3293.75, 7903.0], [3294.0, 19440.0], [3294.75, 5.0], [3295.25, 500.0], [3296.0, 80.0], [3296.25, 2559.0], [3296.5, 6897.0], [3296.75, 6641.0], [3297.0, 22098.0], [3297.75, 6282.0], [3298.0, 22675.0], [3298.25, 5965.0], [3298.75, 150.0], [3300.0, 80.0]]}}}
{"jsonrpc": "2.0", "method": "subscription", "params": {"channel": "book.ETH-23JAN26.none.20.100ms", "data": {"timestamp": 1768627523487, "change_id": 105155933495, "instrument_name": "ETH-23JAN26", "bids": [[3291.75, 5524.0], [3291.5, 3389.0], [3291.25, 11355.0], [3291.0, 3510.0], [3290.75, 10555.0], [3290.5, 2100.0], [3290.25, 627.0], [3290.0, 2727.0], [3289.75, 3821.0], [3289.5, 7037.0], [3288.0, 80.0], [3287.75, 5851.0], [3287.5, 19600.0], [3285.75, 1425.0], [3285.5, 4773.0], [3285.25, 356.0], [3285.0, 1193.0], [3284.75, 7252.0], [3284.5, 19092.0], [3284.25, 6499.0]], "asks": [[3292.25, 7616.0], [3292.5, 3352.0], [3292.75, 2727.0], [3293.0, 2727.0], [3293.25, 2727.0], [3293.5, 2727.0], [3293.75, 7903.0], [3294.0, 19440.0], [3294.75, 5.0], [3295.25, 500.0], [3296.0, 80.0], [3296.25, 2559.0], [3296.5, 6897.0], [3296.75, 6641.0], [3297.0, 22098.0], [3297.75, 6282.0], [3298.0, 22675.0], [3298.25, 5965.0], [3298.75, 150.0], [3300.0, 80.0]]}}}
{"jsonrpc": "2.0", "method": "subscription", "params": {"channel": "book.ETH-23JAN26.none.20.100ms", "data": {"timestamp": 1768627523684, "change_id": 105155933543, "instrument_name": "ETH-23JAN26", "bids": [[3291.75, 5524.0], [3291.5, 3389.0], [3291.25, 11355.0], [3291.0, 3510.0], [3290.75, 10555.0], [3290.5, 2100.0], [3290.25, 627.0], [3290.0, 2727.0], [3289.75, 3821.0], [3289.5, 7037.0], [3288.0, 80.0], [3287.75, 5851.0], [3287.5, 19600.0], [3285.75, 1425.0], [3285.5, 4773.0], [3285.25, 356.0], [3285.0, 1193.0], [3284.75, 7252.0], [3284.5, 19092.0], [3284.25, 6499.0]], "asks": [[3292.25, 2717.0], [3292.5, 8251.0], [3292.75, 2727.0], [3293.0, 2727.0], [3293.25, 2727.0], [3293.5, 2727.0], [3293.75, 7903.0], [3294.0, 19440.0], [3294.75, 5.0], [3295.25, 500.0], [3296.0, 80.0], [3296.25, 2559.0], [3296.5, 6897.0], [3296.75, 6641.0], [3297.0, 22098.0], [3297.75, 6282.0], [3298.0, 22675.0], [3298.25, 5965.0], [3298.75, 150.0], [3300.0, 80.0]]}}}
{"jsonrpc": "2.0", "method": "subscription", "params": {"channel": "book.ETH-23JAN26.none.20.100ms", "data": {"timestamp": 1768627524344, "change_id": 105155934128, "instrument_name": "ETH-23JAN26", "bids": [[3291.75, 5524.0], [3291.5, 3389.0], [3291.25, 11355.0], [3291.0, 3510.0], [3290.75, 10555.0], [3290.5, 2100.0], [3290.25, 627.0], [3290.0, 2727.0], [3289.75, 3821.0], [3289.5, 7037.0], [3288.0, 80.0], [3286.25, 5851.0], [3286.0, 19600.0], [3285.75, 1425.0], [3285.5, 4773.0], [3285.25, 356.0], [3285.0, 1193.0], [3284.75, 7252.0], [3284.5, 19092.0], [3284.25, 6499.0]], "asks": [[3292.25, 2717.0], [3292.5, 8251.0], [3292.75, 2727.0], [3293.0, 2727.0], [3293.25, 2727.0], [3293.5, 2727.0], [3293.75, 7903.0], [3294.0, 19440.0], [3294.75, 5.0], [3295.25, 500.0], [3296.0, 80.0], [3296.25, 2559.0], [3296.5, 6897.0], [3296.75, 6641.0], [3297.0, 22098.0], [3297.75, 6282.0], [3298.0, 22675.0], [3298.25, 5965.0], [3298.75, 150.0], [3300.0, 80.0]]}}}
{"jsonrpc": "2.0", "method": "subscription", "params": {"channel": "book.ETH-23JAN26.none.20.100ms", "data": {"timestamp": 1768627526455, "change_id": 105155935629, "instrument_name": "ETH-23JAN26", "bids": [[3291.75, 5524.0], [3291.5, 3389.0], [3291.0, 3510.0], [3290.75, 10555.0], [3290.5, 2100.0], [3290.25, 627.0], [3290.0, 2727.0], [3289.75, 3821.0], [3289.5, 7037.0], [3288.0, 80.0], [3286.25, 5851.0], [3286.0, 19600.0], [3285.75, 1425.0], [3285.5, 4773.0], [3285.25, 356.0], [3285.0, 1193.0], [3284.75, 7252.0], [3284.5, 19092.0], [3284.25, 6499.0], [3284.0, 21772.0]], "asks": [[3292.25, 2717.0], [3292.5, 8251.0], [3292.75, 2727.0], [3293.0, 2727.0], [3293.25, 2727.0], [3293.5, 2727.0], [3293.75, 7903.0], [3294.0, 19440.0], [3294.75, 5.0], [3295.25, 500.0], [3296.0, 80.0], [3296.25, 2559.0], [3296.5, 6897.0], [3296.75, 6641.0], [3297.0, 22098.0], [3297.75, 6282.0], [3298.0, 22675.0], [3298.25, 5965.0], [3298.75, 150.0], [3300.0, 80.0]]}}}
{"jsonrpc": "2.0", "method": "subscription", "params": {"channel": "book.ETH-23JAN26.none.20.100ms", "data": {"timestamp": 1768627526456, "change_id": 105155935630, "instrument_name": "ETH-23JAN26", "bids": [[3291.75, 5524.0], [3291.0, 3510.0], [3290.75, 10555.0], [3290.5, 2100.0], [3290.25, 627.0], [3290.0, 2727.0], [3289.75, 3821.0], [3289.5, 7037.0], [3288.0, 80.0], [3286.25, 5851.0], [3286.0, 19600.0], [3285.75, 1425.0], [3285.5, 4773.0], [3285.25, 356.0], [3285.0, 1193.0], [3284.75, 7252.0], [3284.5, 19092.0], [3284.25, 6499.0], [3284.0, 21772.0], [3282.25, 61429.0]], "asks": [[3292.25, 2717.0], [3292.5, 8251.0], [3292.75, 2727.0], [3293.0, 2727.0], [3293.25, 2727.0], [3293.5, 2727.0], [3293.75, 7903.0], [3294.0, 19440.0], [3294.75, 5.0], [3295.25, 500.0], [3296.0, 80.0], [3296.25, 2559.0], [3296.5, 6897.0], [3296.75, 6641.0], [3297.0, 22098.0], [3297.75, 6282.0], [3298.0, 22675.0], [3298.25, 5965.0], [3298.75, 150.0], [3300.0, 80.0]]}}}
{"jsonrpc": "2.0", "method": "subscription", "params": {"channel": "book.ETH-23JAN26.none.20.100ms", "data": {"timestamp": 1768627526810, "change_id": 105155935790, "instrument_name": "ETH-23JAN26", "bids": [[3291.75, 5524.0], [3291.5, 3124.0], [3291.25, 11354.0], [3291.0, 3510.0], [3290.75, 10555.0], [3290.5, 2100.0], [3290.25, 627.0], [3290.0, 2727.0], [3289.75, 3821.0], [3289.5, 7037.0], [3288.0, 80.0], [3286.25, 5851.0], [3286.0, 19600.0], [3285.75, 1425.0], [3285.5, 4773.0], [3285.25, 356.0], [3285.0, 1193.0], [3284.75, 7252.0], [3284.5, 19092.0], [3284.25, 6499.0]], "asks": [[3292.25, 2717.0], [3292.5, 8251.0], [3292.75, 2727.0], [3293.0, 2727.0], [3293.25, 2727.0], [3293.5, 2727.0], [3293.75, 7903.0], [3294.0, 19440.0], [3294.75, 5.0], [3295.25, 500.0], [3296.0, 80.0], [3296.25, 2559.0], [3296.5, 6897.0], [3296.75, 6641.0], [3297.0, 22098.0], [3297.75, 6282.0], [3298.0, 22675.0], [3298.25, 5965.0], [3298.75, 150.0], [3300.0, 80.0]]}}}
{"jsonrpc": "2.0", "method": "subscription", "params": {"channel": "book.ETH-23JAN26.none.20.100ms", "data": {"timestamp": 1768627527344, "change_id": 105155936404, "instrument_name": "ETH-23JAN26", "bids": [[3291.75, 5524.0], [3291.0, 3510.0], [3290.75, 10555.0], [3290.5, 2100.0], [3290.25, 627.0], [3290.0, 2727.0], [3289.75, 3821.0], [3289.5, 7037.0], [3288.0, 80.0], [3286.25, 5851.0], [3286.0, 19600.0], [3285.75, 1425.0], [3285.5, 4773.0], [3285.25, 356.0], [3285.0, 1193.0], [3284.75, 7252.0], [3284.5, 19092.0], [3284.25, 6499.0], [3284.0, 21772.0], [3282.25, 61429.0]], "asks": [[3292.25, 2717.0], [3292.5, 8251.0], [3292.75, 2727.0], [3293.0, 2727.0], [3293.25, 2727.0], [3293.5, 2727.0], [3293.75, 7903.0], [3294.0, 19440.0], [3294.75, 5.0], [3295.25, 500.0], [3296.0, 80.0], [3296.25, 2559.0], [3296.5, 6897.0], [3296.75, 6641.0], [3297.0, 22098.0], [3297.75, 6282.0], [3298.0, 22675.0], [3298.25, 5965.0], [3298.75, 150.0], [3300.0, 80.0]]}}}
{"jsonrpc": "2.0", "method": "subscription", "params": {"channel": "book.ETH-23JAN26.none.20.100ms", "data": {"timestamp": 1768627527688, "change_id": 105155936562, "instrument_name": "ETH-23JAN26", "bids": [[3291.75, 5524.0], [3291.5, 3086.0], [3291.25, 11354.0], [3291.0, 3510.0], [3290.75, 10555.0], [3290.5, 2100.0], [3290.25, 627.0], [3290.0, 2727.0], [3289.75, 3821.0], [3289.5, 7037.0], [3288.0, 80.0], [3286.25, 5851.0], [3286.0, 19600.0], [3285.75, 1425.0], [3285.5, 4773.0], [3285.25, 356.0], [3285.0, 1193.0], [3284.75, 7252.0], [3284.5, 19092.0], [3284.25, 6499.0]], "asks": [[3292.25, 2717.0], [3292.5, 8251.0], [3292.75, 2727.0], [3293.0, 2727.0], [3293.25, 2727.0], [3293.5, 2727.0], [3293.75, 7903.0], [3294.0, 19440.0], [3294.75, 5.0], [3295.25, 500.0], [3296.0, 80.0], [3296.25, 2559.0], [3296.5, 6897.0], [3296.75, 6641.0], [3297.0, 22098.0], [3297.75, 6282.0], [3298.0, 22675.0], [3298.25, 5965.0], [3298.75, 150.0], [3300.0, 80.0]]}}}
{"jsonrpc": "2.0", "method": "subscription", "params": {"channel": "book.ETH-23JAN26.none.20.100ms", "data": {"timestamp": 1768627528099, "change_id": 105155938152, "instrument_name": "ETH-23JAN26", "bids": [[3291.75, 4899.0], [3291.5, 3086.0], [3291.25, 11979.0], [3291.0, 3510.0], [3290.75, 10555.0], [3290.5, 2100.0], [3290.25, 627.0], [3290.0, 2727.0], [3289.75, 3821.0], [3289.5, 7037.0], [3288.0, 80.0], [3286.25, 5851.0], [3286.0, 19600.0], [3285.75, 1425.0], [3285.5, 4773.0], [3285.25, 356.0], [3285.0, 1193.0], [3284.75, 7252.0], [3284.5, 19092.0], [3284.25, 6499.0]], "asks": [[3292.25, 2717.0], [3292.5, 7626.0], [3292.75, 2727.0], [3293.0, 2727.0], [3293.25, 2727.0], [3293.5, 2727.0], [3293.75, 7903.0], [3294.0, 19440.0], [3294.75, 5.0], [3295.25, 500.0], [3296.0, 80.0], [3296.25, 2559.0], [3296.5, 6897.0], [3296.75, 6641.0], [3297.0, 22098.0], [3297.75, 6282.0], [3298.0, 22675.0], [3298.25, 5965.0], [3298.75, 150.0], [3300.0, 80.0]]}}}
{"jsonrpc": "2.0", "method": "subscription", "params": {"channel": "book.ETH-23JAN26.none.20.100ms", "data": {"timestamp": 1768627528190, "change_id": 105155938159, "instrument_name": "ETH-23JAN26", "bids": [[3291.75, 4899.0], [3291.5, 3711.0], [3291.25, 11354.0], [3291.0, 3510.0], [3290.75, 10555.0], [3290.5, 2100.0], [3290.25, 627.0], [3290.0, 2727.0], [3289.75, 3821.0], [3289.5, 7037.0], [3288.0, 80.0], [3286.25, 5851.0], [3286.0, 19600.0], [3285.75, 1425.0], [3285.5, 4773.0], [3285.25, 356.0], [3285.0, 1193.0], [3284.75, 7252.0], [3284.5, 19092.0], [3284.25, 6499.0]], "asks": [[3292.25, 2717.0], [3292.5, 7626.0], [3292.75, 3352.0], [3293.0, 2727.0], [3293.25, 2727.0], [3293.5, 2727.0], [3293.75, 7903.0], [3294.0, 19440.0], [3294.75, 5.0], [3295.25, 500.0], [3296.0, 80.0], [3296.25, 2559.0], [3296.5, 6897.0], [3296.75, 6641.0], [3297.0, 22098.0], [3297.75, 6282.0], [3298.0, 22675.0], [3298.25, 5965.0], [3298.75, 150.0], [3300.0, 80.0]]}}}
{"jsonrpc": "2.0", "method": "subscription", "params": {"channel": "book.ETH-23JAN26.none.20.100ms", "data": {"timestamp": 1768627528639, "change_id": 105155938397, "instrument_name": "ETH-23JAN26", "bids": [[3291.75, 4899.0], [3291.5, 3711.0], [3291.25, 11354.0], [3291.0, 3510.0], [3290.75, 10555.0], [3290.5, 2100.0], [3290.25, 627.0], [3290.0, 2727.0], [3289.75, 3821.0], [3289.5, 7037.0], [3288.0, 80.0], [3286.25, 5851.0], [3286.0, 19600.0], [3285.75, 1425.0], [3285.5, 4773.0], [3285.25, 356.0], [3285.0, 1193.0], [3284.75, 7252.0], [3284.5, 19092.0], [3284.25, 6499.0]], "asks": [[3292.25, 2717.0], [3292.5, 8251.0], [3292.75, 2727.0], [3293.0, 2727.0], [3293.25, 2727.0], [3293.5, 2727.0], [3293.75, 7903.0], [3294.0, 19440.0], [3294.75, 5.0], [3295.25, 500.0], [3296.0, 80.0], [3296.25, 2559.0], [3296.5, 6897.0], [3296.75, 6641.0], [3297.0, 22098.0], [3297.75, 6282.0], [3298.0, 22675.0], [3298.25, 5965.0], [3298.75, 150.0], [3300.0, 80.0]]}}}
{"jsonrpc": "2.0", "method": "subscription", "params": {"channel": "book.ETH-23JAN26.none.20.100ms", "data": {"timestamp": 1768627528955, "change_id": 105155939161, "instrument_name": "ETH-23JAN26", "bids": [[3291.75, 4899.0], [3291.5, 3086.0], [3291.25, 11354.0], [3291.0, 3510.0], [3290.75, 10555.0], [3290.5, 2100.0], [3290.25, 627.0], [3290.0, 2727.0], [3289.75, 3821.0], [3289.5, 7037.0], [3288.0, 80.0], [3286.25, 5851.0], [3286.0, 19600.0], [3285.75, 1425.0], [3285.5, 4773.0], [3285.25, 356.0], [3285.0, 1193.0], [3284.75, 7252.0], [3284.5, 19092.0], [3284.25, 6499.0]], "asks": [[3292.25, 2717.0], [3292.5, 7626.0], [3292.75, 2727.0], [3293.0, 2727.0], [3293.25, 2727.0], [3293.5, 2727.0], [3293.75, 7903.0], [3294.0, 19440.0], [3294.75, 5.0], [3295.25, 500.0], [3296.0, 80.0], [3296.25, 2559.0], [3296.5, 6897.0], [3296.75, 6641.0], [3297.0, 22098.0], [3297.75, 6282.0], [3298.0, 22675.0], [3298.25, 5965.0], [3298.75, 150.0], [3300.0, 80.0]]}}}
{"jsonrpc": "2.0", "method": "subscription", "params": {"channel": "book.ETH-23JAN26.none.20.100ms", "data": {"timestamp": 1768627529414, "change_id": 105155939688, "instrument_name": "ETH-23JAN26", "bids": [[3291.75, 4899.0], [3291.5, 3711.0], [3291.25, 11354.0], [3291.0, 3510.0], [3290.75, 10555.0], [3290.5, 2100.0], [3290.25, 627.0], [3290.0, 2727.0], [3289.75, 3821.0], [3289.5, 7037.0], [3288.0, 80.0], [3286.25, 5851.0], [3286.0, 19600.0], [3285.75, 1425.0], [3285.5, 4773.0], [3285.25, 356.0], [3285.0, 1193.0], [3284.75, 7252.0], [3284.5, 19092.0], [3284.25, 6499.0]], "asks": [[3292.25, 2717.0], [3292.5, 7626.0], [3292.75, 3352.0], [3293.0, 2727.0], [3293.25, 2727.0], [3293.5, 2727.0], [3293.75, 7903.0], [3294.0, 19440.0], [3294.75, 5.0], [3295.25, 500.0], [3296.0, 80.0], [3296.25, 2559.0], [3296.5, 6897.0], [3296.75, 6641.0], [3297.0, 22098.0], [3297.75, 6282.0], [3298.0, 22675.0], [3298.25, 5965.0], [3298.75, 150.0], [3300.0, 80.0]]}}}
{"jsonrpc": "2.0", "method": "subscription", "params": {"channel": "book.ETH-23JAN26.none.20.100ms", "data": {"timestamp": 1768627529637, "change_id": 105155940044, "instrument_name": "ETH-23JAN26", "bids": [[3291.75, 4899.0], [3291.5, 625.0], [3291.0, 3510.0], [3290.75, 10555.0], [3290.5, 2100.0], [3290.25, 627.0], [3290.0, 2727.0], [3289.75, 3821.0], [3289.5, 7037.0], [3288.0, 80.0], [3286.25, 5851.0], [3286.0, 19600.0], [3285.75, 1425.0], [3285.5, 4773.0], [3285.25, 356.0], [3285.0, 1193.0], [3284.75, 7252.0], [3284.5, 19092.0], [3284.25, 6499.0], [3284.0, 21772.0]], "asks": [[3292.25, 2717.0], [3292.5, 8251.0], [3292.75, 2727.0], [3293.0, 2727.0], [3293.25, 2727.0], [3293.5, 2727.0], [3293.75, 7903.0], [3294.0, 19440.0], [3294.75, 5.0], [3295.25, 500.0], [3296.0, 80.0], [3296.25, 2559.0], [3296.5, 6897.0], [3296.75, 6641.0], [3297.0, 22098.0], [3297.75, 6282.0], [3298.0, 22675.0], [3298.25, 5965.0], [3298.75, 150.0], [3300.0, 80.0]]}}}
{"jsonrpc": "2.0", "method": "subscription", "params": {"channel": "book.ETH-23JAN26.none.20.100ms", "data": {"timestamp": 1768627530039, "change_id": 105155941211, "instrument_name": "ETH-23JAN26", "bids": [[3291.75, 4899.0], [3291.5, 3685.0], [3291.25, 11355.0], [3291.0, 3510.0], [3290.75, 10555.0], [3290.5, 2100.0], [3290.25, 627.0], [3290.0, 2727.0], [3289.75, 3821.0], [3289.5, 7037.0], [3288.0, 80.0], [3286.25, 5851.0], [3286.0, 19600.0], [3285.75, 1425.0], [3285.5, 4773.0], [3285.25, 356.0], [3285.0, 1193.0], [3284.75, 7252.0], [3284.5, 19092.0], [3284.25, 6499.0]], "asks": [[3292.25, 2717.0], [3292.5, 8251.0], [3292.75, 2727.0], [3293.0, 2727.0], [3293.25, 2727.0], [3293.5, 2727.0], [3293.75, 7903.0], [3294.0, 19440.0], [3294.75, 5.0], [3295.25, 500.0], [3296.0, 80.0], [3296.25, 2559.0], [3296.5, 6897.0], [3296.75, 6641.0], [3297.0, 22098.0], [3297.75, 6282.0], [3298.0, 22675.0], [3298.25, 5965.0], [3298.75, 150.0], [3300.0, 80.0]]}}}
{"jsonrpc": "2.0", "method": "subscription", "params": {"channel": "book.ETH-23JAN26.none.20.100ms", "data": {"timestamp": 1768627530348, "change_id": 105155942560, "instrument_name": "ETH-23JAN26", "bids": [[3291.75, 4899.0], [3291.5, 3685.0], [3291.25, 11355.0], [3291.0, 3510.0], [3290.75, 10555.0], [3290.5, 2100.0], [3290.25, 627.0], [3290.0, 2727.0], [3289.75, 3821.0], [3289.5, 7037.0], [3288.0, 80.0], [3286.75, 5851.0], [3286.5, 19600.0], [3285.75, 1425.0], [3285.5, 4773.0], [3285.25, 356.0], [3285.0, 1193.0], [3284.75, 7252.0], [3284.5, 19092.0], [3284.25, 6499.0]], "asks": [[3292.25, 2717.0], [3292.5, 8251.0], [3292.75, 2727.0], [3293.0, 2727.0], [3293.25, 2727.0], [3293.5, 2727.0], [3293.75, 7903.0], [3294.0, 19440.0], [3294.75, 5.0], [3295.25, 500.0], [3296.0, 80.0], [3296.25, 2559.0], [3296.5, 6897.0], [3296.75, 6641.0], [3297.0, 22098.0], [3297.75, 6282.0], [3298.0, 22675.0], [3298.25, 5965.0], [3298.75, 150.0], [3300.0, 80.0]]}}}
{"jsonrpc": "2.0", "method": "subscription", "params": {"channel": "book.ETH-23JAN26.none.20.100ms", "data": {"timestamp": 1768627530899, "change_id": 105155943060, "instrument_name": "ETH-23JAN26", "bids": [[3291.75, 4899.0], [3291.5, 625.0], [3291.0, 3510.0], [3290.75, 10555.0], [3290.5, 2100.0], [3290.25, 627.0], [3290.0, 2727.0], [3289.75, 3821.0], [3289.5, 7037.0], [3288.0, 80.0], [3286.75, 5851.0], [3286.5, 19600.0], [3285.75, 1425.0], [3285.5, 4773.0], [3285.25, 356.0], [3285.0, 1193.0], [3284.75, 7252.0], [3284.5, 19092.0], [3284.25, 6499.0], [3284.0, 21772.0]], "asks": [[3292.25, 2717.0], [3292.5, 8251.0], [3292.75, 2727.0], [3293.0, 2727.0], [3293.25, 2727.0], [3293.5, 2727.0], [3293.75, 7903.0], [3294.0, 19440.0], [3294.75, 5.0], [3295.25, 500.0], [3296.0, 80.0], [3296.25, 2559.0], [3296.5, 6897.0], [3296.75, 6641.0], [3297.0, 22098.0], [3297.75, 6282.0], [3298.0, 22675.0], [3298.25, 5965.0], [3298.75, 150.0], [3300.0, 80.0]]}}}
{"jsonrpc": "2.0", "method": "subscription", "params": {"channel": "book.ETH-23JAN26.none.20.100ms", "data": {"timestamp": 1768627531263, "change_id": 105155943518, "instrument_name": "ETH-23JAN26", "bids": [[3291.75, 4899.0], [3291.5, 3652.0], [3291.25, 11354.0], [3291.0, 3510.0], [3290.75, 10555.0], [3290.5, 2100.0], [3290.25, 627.0], [3290.0, 2727.0], [3289.75, 3821.0], [3289.5, 7037.0], [3288.0, 80.0], [3286.75, 5851.0], [3286.5, 19600.0], [3285.75, 1425.0], [3285.5, 4773.0], [3285.25, 356.0], [3285.0, 1193.0], [3284.75, 7252.0], [3284.5, 19092.0], [3284.25, 6499.0]], "asks": [[3292.25, 2717.0], [3292.5, 8251.0], [3292.75, 2727.0], [3293.0, 2727.0], [3293.25, 2727.0], [3293.5, 2727.0], [3293.75, 7903.0], [3294.0, 19440.0], [3294.75, 5.0], [3295.25, 500.0], [3296.0, 80.0], [3296.25, 2559.0], [3296.5, 6897.0], [3296.75, 6641.0], [3297.0, 22098.0], [3297.75, 6282.0], [3298.0, 22675.0], [3298.25, 5965.0], [3298.75, 150.0], [3300.0, 80.0]]}}}
{"jsonrpc": "2.0", "method": "subscription", "params": {"channel": "book.ETH-23JAN26.none.20.100ms", "data": {"timestamp": 1768627531527, "change_id": 105155943674, "instrument_name": "ETH-23JAN26", "bids": [[3291.75, 4899.0], [3291.5, 625.0], [3291.0, 3510.0], [3290.75, 10555.0], [3290.5, 2100.0], [3290.25, 627.0], [3290.0, 2727.0], [3289.75, 3821.0], [3289.5, 7037.0], [3288.0, 80.0], [3286.75, 5851.0], [3286.5, 19600.0], [3285.75, 1425.0], [3285.5, 4773.0], [3285.25, 356.0], [3285.0, 1193.0], [3284.75, 7252.0], [3284.5, 19092.0], [3284.25, 6499.0], [3284.0, 21772.0]], "asks": [[3292.25, 2717.0], [3292.5, 8251.0], [3292.75, 2727.0], [3293.0, 2727.0], [3293.25, 2727.0], [3293.5, 2727.0], [3293.75, 7903.0], [3294.0, 19440.0], [3294.75, 5.0], [3295.25, 500.0], [3296.0, 80.0], [3296.25, 2559.0], [3296.5, 6897.0], [3296.75, 6641.0], [3297.0, 22098.0], [3297.75, 6282.0], [3298.0, 22675.0], [3298.25, 5965.0], [3298.75, 150.0], [3300.0, 80.0]]}}}
{"jsonrpc": "2.0", "method": "subscription", "params": {"channel": "book.ETH-23JAN26.none.20.100ms", "data": {"timestamp": 1768627531893, "change_id": 105155943862, "instrument_name": "ETH-23JAN26", "bids": [[3291.75, 4899.0], [3291.5, 3651.0], [3291.25, 11354.0], [3291.0, 3510.0], [3290.75, 10555.0], [3290.5, 2100.0], [3290.25, 627.0], [3290.0, 2727.0], [3289.75, 3821.0], [3289.5, 7037.0], [3288.0, 80.0], [3286.75, 5851.0], [3286.5, 19600.0], [3285.75, 1425.0], [3285.5, 4773.0], [3285.25, 356.0], [3285.0, 1193.0], [3284.75, 7252.0], [3284.5, 19092.0], [3284.25, 6499.0]], "asks": [[3292.25, 2717.0], [3292.5, 8251.0], [3292.75, 2727.0], [3293.0, 2727.0], [3293.25, 2727.0], [3293.5, 2727.0], [3293.75, 7903.0], [3294.0, 19440.0], [3294.75, 5.0], [3295.25, 500.0], [3296.0, 80.0], [3296.25, 2559.0], [3296.5, 6897.0], [3296.75, 6641.0], [3297.0, 22098.0], [3297.75, 6282.0], [3298.0, 22675.0], [3298.25, 5965.0], [3298.75, 150.0], [3300.0, 80.0]]}}}
{"jsonrpc": "2.0", "method": "subscription", "params": {"channel": "book.ETH-23JAN26.none.20.100ms", "data": {"timestamp": 1768627534680, "change_id": 105155946043, "instrument_name": "ETH-23JAN26", "bids": [[3291.75, 4899.0], [3291.5, 625.0], [3291.0, 3510.0], [3290.75, 10555.0], [3290.5, 2100.0], [3290.25, 627.0], [3290.0, 2727.0], [3289.75, 3821.0], [3289.5, 7037.0], [3288.0, 80.0], [3286.75, 5851.0], [3286.5, 19600.0], [3285.75, 1425.0], [3285.5, 4773.0], [3285.25, 356.0], [3285.0, 1193.0], [3284.75, 7252.0], [3284.5, 19092.0], [3284.25, 6499.0], [3284.0, 21772.0]], "asks": [[3292.25, 2717.0], [3292.5, 8251.0], [3292.75, 2727.0], [3293.0, 2727.0], [3293.25, 2727.0], [3293.5, 2727.0], [3293.75, 7903.0], [3294.0, 19440.0], [3294.75, 5.0], [3295.25, 500.0], [3296.0, 80.0], [3296.25, 2559.0], [3296.5, 6897.0], [3296.75, 6641.0], [3297.0, 22098.0], [3297.75, 6282.0], [3298.0, 22675.0], [3298.25, 5965.0], [3298.75, 150.0], [3300.0, 80.0]]}}}
{"jsonrpc": "2.0", "method": "subscription", "params": {"channel": "book.ETH-23JAN26.none.20.100ms", "data": {"timestamp": 1768627536096, "change_id": 105155947282, "instrument_name": "ETH-23JAN26", "bids": [[3291.75, 4899.0], [3291.5, 3651.0], [3291.25, 11354.0], [3291.0, 3510.0], [3290.75, 10555.0], [3290.5, 2100.0], [3290.25, 627.0], [3290.0, 2727.0], [3289.75, 3821.0], [3289.5, 7037.0], [3288.0, 80.0], [3286.75, 5851.0], [3286.5, 19600.0], [3285.75, 1425.0], [3285.5, 4773.0], [3285.25, 356.0], [3285.0, 1193.0], [3284.75, 7252.0], [3284.5, 19092.0], [3284.25, 6499.0]], "asks": [[3292.25, 2717.0], [3292.5, 8251.0], [3292.75, 2727.0], [3293.0, 2727.0], [3293.25, 2727.0], [3293.5, 2727.0], [3293.75, 7903.0], [3294.0, 19440.0], [3294.75, 5.0], [3295.25, 500.0], [3296.0, 80.0], [3296.25, 2559.0], [3296.5, 6897.0], [3296.75, 6641.0], [3297.0, 22098.0], [3297.75, 6282.0], [3298.0, 22675.0], [3298.25, 5965.0], [3298.75, 150.0], [3300.0, 80.0]]}}}
{"jsonrpc": "2.0", "method": "subscription", "params": {"channel": "book.ETH-23JAN26.none.20.100ms", "data": {"timestamp": 1768627536571, "change_id": 105155947494, "instrument_name": "ETH-23JAN26", "bids": [[3291.75, 4899.0], [3291.5, 625.0], [3291.0, 3510.0], [3290.75, 10555.0], [3290.5, 2100.0], [3290.25, 627.0], [3290.0, 2727.0], [3289.75, 3821.0], [3289.5, 7037.0], [3288.0, 80.0], [3286.75, 5851.0], [3286.5, 19600.0], [3285.75, 1425.0], [3285.5, 4773.0], [3285.25, 356.0], [3285.0, 1193.0], [3284.75, 7252.0], [3284.5, 19092.0], [3284.25, 6499.0], [3284.0, 21772.0]], "asks": [[3292.25, 2717.0], [3292.5, 8251.0], [3292.75, 2727.0], [3293.0, 2727.0], [3293.25, 2727.0], [3293.5, 2727.0], [3293.75, 7903.0], [3294.0, 19440.0], [3294.75, 5.0], [3295.25, 500.0], [3296.0, 80.0], [3296.25, 2559.0], [3296.5, 6897.0], [3296.75, 6641.0], [3297.0, 22098.0], [3297.75, 6282.0], [3298.0, 22675.0], [3298.25, 5965.0], [3298.75, 150.0], [3300.0, 80.0]]}}}
{"jsonrpc": "2.0", "method": "subscription", "params": {"channel": "book.ETH-23JAN26.none.20.100ms", "data": {"timestamp": 1768627537355, "change_id": 105155948110, "instrument_name": "ETH-23JAN26", "bids": [[3291.75, 4899.0], [3291.5, 625.0], [3291.25, 11354.0], [3291.0, 3510.0], [3290.75, 10555.0], [3290.5, 2100.0], [3290.25, 627.0], [3290.0, 2727.0], [3289.75, 3821.0], [3289.5, 7037.0], [3288.0, 80.0], [3286.75, 5851.0], [3286.5, 19600.0], [3285.75, 1425.0], [3285.5, 4773.0], [3285.25, 356.0], [3285.0, 1193.0], [3284.75, 7252.0], [3284.5, 19092.0], [3284.25, 6499.0]], "asks": [[3292.25, 2717.0], [3292.5, 8251.0], [3292.75, 2727.0], [3293.0, 2727.0], [3293.25, 2727.0], [3293.5, 2727.0], [3293.75, 7903.0], [3294.0, 19440.0], [3294.75, 5.0], [3295.25, 500.0], [3296.0, 80.0], [3296.25, 2559.0], [3296.5, 6897.0], [3296.75, 6641.0], [3297.0, 22098.0], [3297.75, 6282.0], [3298.0, 22675.0], [3298.25, 5965.0], [3298.75, 150.0], [3300.0, 80.0]]}}}
{"jsonrpc": "2.0", "method": "subscription", "params": {"channel": "book.ETH-23JAN26.none.20.100ms", "data": {"timestamp": 1768627537357, "change_id": 105155948111, "instrument_name": "ETH-23JAN26", "bids": [[3291.75, 4899.0], [3291.5, 3651.0], [3291.25, 11354.0], [3291.0, 3510.0], [3290.75, 10555.0], [3290.5, 2100.0], [3290.25, 627.0], [3290.0, 2727.0], [3289.75, 3821.0], [3289.5, 7037.0], [3288.0, 80.0], [3286.75, 5851.0], [3286.5, 19600.0], [3285.75, 1425.0], [3285.5, 4773.0], [3285.25, 356.0], [3285.0, 1193.0], [3284.75, 7252.0], [3284.5, 19092.0], [3284.25, 6499.0]], "asks": [[3292.25, 2717.0], [3292.5, 8251.0], [3292.75, 2727.0], [3293.0, 2727.0], [3293.25, 2727.0], [3293.5, 2727.0], [3293.75, 7903.0], [3294.0, 19440.0], [3294.75, 5.0], [3295.25, 500.0], [3296.0, 80.0], [3296.25, 2559.0], [3296.5, 6897.0], [3296.75, 6641.0], [3297.0, 22098.0], [3297.75, 6282.0], [3298.0, 22675.0], [3298.25, 5965.0], [3298.75, 150.0], [3300.0, 80.0]]}}}
{"jsonrpc": "2.0", "method": "subscription", "params": {"channel": "book.ETH-23JAN26.none.20.100ms", "data": {"timestamp": 1768627538682, "change_id": 105155948998, "instrument_name": "ETH-23JAN26", "bids": [[3291.75, 4899.0], [3291.5, 625.0], [3291.0, 3510.0], [3290.75, 10555.0], [3290.5, 2100.0], [3290.25, 627.0], [3290.0, 2727.0], [3289.75, 3821.0], [3289.5, 7037.0], [3288.0, 80.0], [3286.75, 5851.0], [3286.5, 19600.0], [3285.75, 1425.0], [3285.5, 4773.0], [3285.25, 356.0], [3285.0, 1193.0], [3284.75, 7252.0], [3284.5, 19092.0], [3284.25, 6499.0], [3284.0, 21772.0]], "asks": [[3292.25, 2717.0], [3292.5, 8251.0], [3292.75, 2727.0], [3293.0, 2727.0], [3293.25, 2727.0], [3293.5, 2727.0], [3293.75, 7903.0], [3294.0, 19440.0], [3294.75, 5.0], [3295.25, 500.0], [3296.0, 80.0], [3296.25, 2559.0], [3296.5, 6897.0], [3296.75, 6641.0], [3297.0, 22098.0], [3297.75, 6282.0], [3298.0, 22675.0], [3298.25, 5965.0], [3298.75, 150.0], [3300.0, 80.0]]}}}
{"jsonrpc": "2.0", "method": "subscription", "params": {"channel": "book.ETH-23JAN26.none.20.100ms", "data": {"timestamp": 1768627539083, "change_id": 105155949470, "instrument_name": "ETH-23JAN26", "bids": [[3291.75, 4899.0], [3291.5, 3637.0], [3291.25, 11354.0], [3291.0, 3510.0], [3290.75, 10555.0], [3290.5, 2100.0], [3290.25, 627.0], [3290.0, 2727.0], [3289.75, 3821.0], [3289.5, 7037.0], [3288.0, 80.0], [3286.75, 5851.0], [3286.5, 19600.0], [3285.75, 1425.0], [3285.5, 4773.0], [3285.25, 356.0], [3285.0, 1193.0], [3284.75, 7252.0], [3284.5, 19092.0], [3284.25, 6499.0]], "asks": [[3292.25, 2717.0], [3292.5, 8251.0], [3292.75, 2727.0], [3293.0, 2727.0], [3293.25, 2727.0], [3293.5, 2727.0], [3293.75, 7903.0], [3294.0, 19440.0], [3294.75, 5.0], [3295.25, 500.0], [3296.0, 80.0], [3296.25, 2559.0], [3296.5, 6897.0], [3296.75, 6641.0], [3297.0, 22098.0], [3297.75, 6282.0], [3298.0, 22675.0], [3298.25, 5965.0], [3298.75, 150.0], [3300.0, 80.0]]}}}
{"jsonrpc": "2.0", "method": "subscription", "params": {"channel": "book.ETH-23JAN26.none.20.100ms", "data": {"timestamp": 1768627539774, "change_id": 105155949719, "instrument_name": "ETH-23JAN26", "bids": [[3291.75, 4899.0], [3291.5, 625.0], [3291.0, 3510.0], [3290.75, 10555.0], [3290.5, 2100.0], [3290.25, 627.0], [3290.0, 2727.0], [3289.75, 3821.0], [3289.5, 7037.0], [3288.0, 80.0], [3286.75, 5851.0], [3286.5, 19600.0], [3285.75, 1425.0], [3285.5, 4773.0], [3285.25, 356.0], [3285.0, 1193.0], [3284.75, 7252.0], [3284.5, 19092.0], [3284.25, 6499.0], [3284.0, 21772.0]], "asks": [[3292.25, 2717.0], [3292.5, 8251.0], [3292.75, 2727.0], [3293.0, 2727.0], [3293.25, 2727.0], [3293.5, 2727.0], [3293.75, 7903.0], [3294.0, 19440.0], [3294.75, 5.0], [3295.25, 500.0], [3296.0, 80.0], [3296.25, 2559.0], [3296.5, 6897.0], [3296.75, 6641.0], [3297.0, 22098.0], [3297.75, 6282.0], [3298.0, 22675.0], [3298.25, 5965.0], [3298.75, 150.0], [3300.0, 80.0]]}}}
{"jsonrpc": "2.0", "method": "subscription", "params": {"channel": "book.ETH-23JAN26.none.20.100ms", "data": {"timestamp": 1768627540136, "change_id": 105155950182, "instrument_name": "ETH-23JAN26", "bids": [[3291.75, 4899.0], [3291.5, 3637.0], [3291.25, 11354.0], [3291.0, 3510.0], [3290.75, 10555.0], [3290.5, 2100.0], [3290.25, 627.0], [3290.0, 2727.0], [3289.75, 3821.0], [3289.5, 7037.0], [3288.0, 80.0], [3286.75, 5851.0], [3286.5, 19600.0], [3285.75, 1425.0], [3285.5, 4773.0], [3285.25, 356.0], [3285.0, 1193.0], [3284.75, 7252.0], [3284.5, 19092.0], [3284.25, 6499.0]], "asks": [[3292.25, 2717.0], [3292.5, 8251.0], [3292.75, 2727.0], [3293.0, 2727.0], [3293.25, 2727.0], [3293.5, 2727.0], [3293.75, 7903.0], [3294.0, 19440.0], [3294.75, 5.0], [3295.25, 500.0], [3296.0, 80.0], [3296.25, 2559.0], [3296.5, 6897.0], [3296.75, 6641.0], [3297.0, 22098.0], [3297.75, 6282.0], [3298.0, 22675.0], [3298.25, 5965.0], [3298.75, 150.0], [3300.0, 80.0]]}}}
