{"jsonrpc": "2.0", "id": 1, "result": ["book.ETH-19SEP25.none.20.100ms"], "usIn": 1758208990255835, "usOut": 1758208990256166, "usDiff": 331, "testnet": false}
{"jsonrpc": "2.0", "method": "subscription", "params": {"channel": "book.ETH-19SEP25.none.20.100ms", "data": {"timestamp": 1758208990219, "change_id": 87026576682, "instrument_name": "ETH-19SEP25", "bids": [[4601.0, 13914.0], [4600.75, 53054.0], [4599.75, 160.0], [4597.25, 2055.0], [4597.0, 5002.0], [4596.0, 554.0], [4595.75, 20041.0], [4595.5, 25497.0], [4595.0, 554.0], [4594.25, 563.0], [4593.75, 7266.0], [4593.5, 22317.0], [4592.75, 550.0], [4592.25, 8419.0], [4592.0, 5002.0], [4591.75, 90552.0], [4589.0, 20899.0], [4588.75, 25027.0], [4588.5, 14058.0], [4587.5, 550.0]], "asks": [[4601.25, 5032.0], [4601.5, 30.0], [4601.75, 7314.0], [4602.0, 30.0], [4602.25, 14903.0], [4602.5, 40027.0], [4602.75, 5600.0], [4603.0, 235.0], [4603.25, 1280.0], [4603.75, 554.0], [4604.0, 30.0], [4604.25, 554.0], [4604.75, 9567.0], [4605.0, 30030.0], [4605.25, 6627.0], [4605.5, 25382.0], [4605.75, 552.0], [4606.0, 19281.0], [4608.25, 559.0], [4608.5, 1.0]]}}}
{"jsonrpc": "2.0", "method": "subscription", "params": {"channel": "book.ETH-19SEP25.none.20.100ms", "data": {"timestamp": 1758208990491, "change_id": 87026577116, "instrument_name": "ETH-19SEP25", "bids": [[4601.0, 28287.0], [4600.75, 25205.0], [4600.5, 1250.0], [4599.75, 160.0], [4597.25, 2055.0], [4597.0, 5002.0], [4596.0, 554.0], [4595.75, 27690.0], [4595.5, 25497.0], [4595.0, 554.0], [4594.25, 563.0], [4593.75, 7266.0], [4593.5, 22317.0], [4592.75, 550.0], [4592.5, 2075.0], [4592.25, 8419.0], [4592.0, 5002.0], [4591.75, 90552.0], [4589.0, 20899.0], [4588.75, 25027.0]], "asks": [[4601.25, 5032.0], [4601.5, 30.0], [4601.75, 7474.0], [4602.0, 30.0], [4602.25, 14743.0], [4602.5, 41277.0], [4602.75, 5600.0], [4603.0, 30.0], [4603.25, 30.0], [4603.75, 554.0], [4604.0, 30.0], [4604.25, 554.0], [4604.75, 9567.0], [4605.0, 30030.0], [4605.25, 14242.0], [4605.5, 25382.0], [4605.75, 552.0], [4606.0, 19281.0], [4608.25, 559.0], [4608.5, 1.0]]}}}
{"jsonrpc": "2.0", "method": "subscription", "params": {"channel": "book.ETH-19SEP25.none.20.100ms", "data": {"timestamp": 1758208990643, "change_id": 87026577345, "instrument_name": "ETH-19SEP25", "bids": [[4601.0, 28287.0], [4600.75, 25205.0], [4600.5, 1250.0], [4599.75, 160.0], [4597.25, 2055.0], [4597.0, 5002.0], [4596.0, 554.0], [4595.75, 27690.0], [4595.5, 25497.0], [4595.0, 554.0], [4594.25, 563.0], [4593.75, 7266.0], [4593.5, 22317.0], [4592.75, 550.0], [4592.5, 2075.0], [4592.25, 8419.0], [4592.0, 5002.0], [4591.75, 90552.0], [4589.0, 20899.0], [4588.75, 25027.0]], "asks": [[4601.25, 5032.0], [4601.5, 30.0], [4601.75, 7474.0], [4602.0, 30.0], [4602.25, 5630.0], [4602.5, 41277.0], [4602.75, 5600.0], [4603.0, 30.0], [4603.25, 30.0], [4603.75, 554.0], [4604.0, 30.0], [4604.25, 554.0], [4604.75, 9567.0], [4605.0, 30030.0], [4605.25, 14242.0], [4605.5, 25382.0], [4605.75, 552.0], [4606.0, 19281.0], [4608.25, 559.0], [4608.5, 1.0]]}}}
{"jsonrpc": "2.0", "method": "subscription", "params": {"channel": "book.ETH-19SEP25.none.20.100ms", "data": {"timestamp": 1758208991177, "change_id": 87026578910, "instrument_name": "ETH-19SEP25", "bids": [[4601.0, 1000.0], [4600.75, 1000.0], [4600.5, 17753.0], [4600.25, 24000.0], [4600.0, 423.0], [4599.75, 1410.0], [4597.25, 2055.0], [4597.0, 5002.0], [4596.0, 554.0], [4595.75, 6075.0], [4595.5, 25497.0], [4595.0, 14977.0], [4594.25, 563.0], [4593.75, 7266.0], [4593.5, 22317.0], [4592.75, 550.0], [4592.5, 2075.0], [4592.25, 7123.0], [4592.0, 5002.0], [4591.75, 90552.0]], "asks": [[4601.25, 12346.0], [4601.5, 7073.0], [4601.75, 24160.0], [4602.0, 16031.0], [4602.25, 5630.0], [4602.5, 1455.0], [4602.75, 5600.0], [4603.0, 30.0], [4603.25, 30.0], [4603.75, 554.0], [4604.0, 30.0], [4604.25, 554.0], [4604.75, 558.0], [4605.0, 30030.0], [4605.25, 14242.0], [4605.5, 25382.0], [4605.75, 552.0], [4606.0, 19281.0], [4608.25, 559.0], [4608.5, 1.0]]}}}
{"jsonrpc": "2.0", "method": "subscription", "params": {"channel": "book.ETH-19SEP25.none.20.100ms", "data": {"timestamp": 1758208991505, "change_id": 87026580069, "instrument_name": "ETH-19SEP25", "bids": [[4601.0, 1000.0], [4600.75, 1000.0], [4599.0, 160.0], [4597.25, 554.0], [4597.0, 5002.0], [4596.0, 554.0], [4595.75, 6075.0], [4595.5, 550.0], [4595.0, 554.0], [4594.25, 563.0], [4594.0, 24947.0], [4593.75, 571.0], [4593.5, 22317.0], [4592.75, 550.0], [4592.25, 6918.0], [4592.0, 5002.0], [4591.75, 90552.0], [4589.0, 20899.0], [4588.75, 25027.0], [4588.5, 14058.0]], "asks": [[4601.25, 18106.0], [4601.5, 44003.0], [4602.0, 1280.0], [4602.25, 5630.0], [4602.75, 5600.0], [4603.0, 30.0], [4603.25, 30.0], [4603.75, 14693.0], [4604.0, 30.0], [4604.25, 554.0], [4604.75, 558.0], [4605.0, 30030.0], [4605.25, 6627.0], [4605.5, 25382.0], [4605.75, 552.0], [4606.0, 5032.0], [4608.25, 559.0], [4608.5, 1.0], [4610.75, 558.0], [4611.0, 5302.0]]}}}
{"jsonrpc": "2.0", "method": "subscription", "params": {"channel": "book.ETH-19SEP25.none.20.100ms", "data": {"timestamp": 1758208991765, "change_id": 87026581460, "instrument_name": "ETH-19SEP25", "bids": [[4600.0, 1000.0], [4599.75, 24000.0], [4599.5, 17567.0], [4599.25, 7314.0], [4598.25, 160.0], [4597.0, 5002.0], [4596.0, 554.0], [4595.5, 6625.0], [4595.0, 554.0], [4594.25, 563.0], [4594.0, 14287.0], [4593.75, 571.0], [4593.5, 22317.0], [4593.25, 556.0], [4593.0, 24947.0], [4592.75, 550.0], [4592.25, 6918.0], [4592.0, 5002.0], [4591.75, 90552.0], [4589.0, 20899.0]], "asks": [[4600.25, 13074.0], [4600.5, 5600.0], [4600.75, 16979.0], [4601.0, 41537.0], [4601.25, 10632.0], [4601.5, 30.0], [4602.0, 1280.0], [4602.25, 30.0], [4602.75, 5600.0], [4603.0, 30.0], [4603.25, 586.0], [4603.75, 14693.0], [4604.0, 30.0], [4604.25, 554.0], [4604.75, 558.0], [4605.0, 30030.0], [4605.25, 6627.0], [4605.5, 25382.0], [4605.75, 552.0], [4606.0, 5032.0]]}}}
{"jsonrpc": "2.0", "method": "subscription", "params": {"channel": "book.ETH-19SEP25.none.20.100ms", "data": {"timestamp": 1758208992160, "change_id": 87026582556, "instrument_name": "ETH-19SEP25", "bids": [[4600.0, 1000.0], [4599.75, 2990.0], [4599.5, 41567.0], [4599.25, 7519.0], [4599.0, 1250.0], [4598.25, 160.0], [4597.0, 5002.0], [4596.0, 554.0], [4595.5, 6625.0], [4594.25, 563.0], [4594.0, 14287.0], [4593.75, 571.0], [4593.5, 22317.0], [4593.25, 556.0], [4593.0, 24947.0], [4592.75, 550.0], [4592.25, 6918.0], [4592.0, 5002.0], [4591.75, 90552.0], [4589.0, 20899.0]], "asks": [[4600.25, 7474.0], [4600.5, 5600.0], [4600.75, 34261.0], [4601.0, 18787.0], [4601.25, 10632.0], [4601.5, 30.0], [4602.0, 30.0], [4602.25, 30.0], [4602.75, 5600.0], [4603.0, 30.0], [4603.25, 586.0], [4603.75, 14693.0], [4604.0, 30.0], [4604.75, 558.0], [4605.0, 30030.0], [4605.25, 6627.0], [4605.5, 25382.0], [4605.75, 552.0], [4606.0, 5032.0], [4608.25, 559.0]]}}}
{"jsonrpc": "2.0", "method": "subscription", "params": {"channel": "book.ETH-19SEP25.none.20.100ms", "data": {"timestamp": 1758208992501, "change_id": 87026583528, "instrument_name": "ETH-19SEP25", "bids": [[4600.0, 1000.0], [4599.5, 17567.0], [4599.25, 31940.0], [4598.25, 160.0], [4597.25, 1501.0], [4597.0, 5002.0], [4596.0, 554.0], [4595.75, 1988.0], [4595.5, 6625.0], [4594.25, 4849.0], [4594.0, 14287.0], [4593.75, 571.0], [4593.5, 22317.0], [4593.25, 556.0], [4592.75, 550.0], [4592.5, 24947.0], [4592.25, 6918.0], [4592.0, 32168.0], [4591.75, 90552.0], [4589.0, 20899.0]], "asks": [[4600.25, 13074.0], [4600.5, 15066.0], [4600.75, 10287.0], [4601.0, 18787.0], [4601.25, 10632.0], [4601.5, 30.0], [4602.0, 30.0], [4602.25, 30.0], [4602.5, 1680.0], [4602.75, 5600.0], [4603.0, 30.0], [4603.25, 586.0], [4603.75, 14693.0], [4604.0, 30.0], [4604.75, 9567.0], [4605.0, 30030.0], [4605.25, 6627.0], [4605.5, 25382.0], [4605.75, 552.0], [4606.0, 5032.0]]}}}
{"jsonrpc": "2.0", "method": "subscription", "params": {"channel": "book.ETH-19SEP25.none.20.100ms", "data": {"timestamp": 1758208992808, "change_id": 87026584265, "instrument_name": "ETH-19SEP25", "bids": [[4600.0, 1000.0], [4599.5, 1000.0], [4599.25, 4229.0], [4599.0, 35626.0], [4598.75, 14373.0], [4598.5, 1250.0], [4598.25, 160.0], [4597.25, 1501.0], [4597.0, 5002.0], [4596.0, 554.0], [4595.75, 1988.0], [4595.5, 6625.0], [4594.25, 4849.0], [4594.0, 14287.0], [4593.75, 571.0], [4593.5, 22317.0], [4593.25, 556.0], [4592.75, 550.0], [4592.5, 24947.0], [4592.25, 562.0]], "asks": [[4600.25, 13074.0], [4600.5, 45627.0], [4600.75, 5805.0], [4601.0, 4414.0], [4601.25, 10632.0], [4601.5, 30.0], [4602.0, 30.0], [4602.25, 30.0], [4602.75, 5600.0], [4603.0, 30.0], [4603.25, 586.0], [4603.75, 14693.0], [4604.0, 30.0], [4604.75, 9567.0], [4605.0, 30030.0], [4605.25, 6627.0], [4605.5, 25382.0], [4605.75, 552.0], [4606.0, 5032.0], [4608.25, 559.0]]}}}
{"jsonrpc": "2.0", "method": "subscription", "params": {"channel": "book.ETH-19SEP25.none.20.100ms", "data": {"timestamp": 1758208993009, "change_id": 87026584486, "instrument_name": "ETH-19SEP25", "bids": [[4600.0, 1000.0], [4599.5, 1000.0], [4599.25, 4229.0], [4599.0, 35626.0], [4598.75, 14373.0], [4598.5, 1250.0], [4598.25, 160.0], [4597.25, 1501.0], [4597.0, 5002.0], [4596.0, 554.0], [4595.75, 1988.0], [4595.5, 6625.0], [4594.25, 4849.0], [4594.0, 14287.0], [4593.75, 571.0], [4593.5, 22317.0], [4593.25, 556.0], [4592.75, 550.0], [4592.5, 24947.0], [4592.25, 562.0]], "asks": [[4600.25, 13074.0], [4600.5, 45627.0], [4600.75, 5805.0], [4601.0, 4414.0], [4601.25, 10632.0], [4601.5, 30.0], [4602.0, 30.0], [4602.25, 30.0], [4602.75, 5600.0], [4603.0, 30.0], [4603.25, 586.0], [4603.75, 14693.0], [4604.0, 30.0], [4604.75, 9567.0], [4605.0, 30030.0], [4605.25, 6627.0], [4605.5, 25382.0], [4605.75, 552.0], [4606.0, 5032.0], [4608.25, 560.0]]}}}
{"jsonrpc": "2.0", "method": "subscription", "params": {"channel": "book.ETH-19SEP25.none.20.100ms", "data": {"timestamp": 1758208993491, "change_id": 87026586706, "instrument_name": "ETH-19SEP25", "bids": [[4600.0, 1000.0], [4598.75, 3783.0], [4598.5, 25475.0], [4598.25, 27962.0], [4598.0, 2250.0], [4597.25, 1661.0], [4597.0, 5002.0], [4596.0, 554.0], [4595.75, 1962.0], [4595.5, 6625.0], [4594.25, 4849.0], [4594.0, 14287.0], [4593.75, 776.0], [4593.5, 22317.0], [4593.25, 556.0], [4592.75, 550.0], [4592.25, 562.0], [4592.0, 5002.0], [4591.75, 90552.0], [4590.25, 24947.0]], "asks": [[4600.25, 13074.0], [4600.5, 46672.0], [4600.75, 5600.0], [4601.0, 3190.0], [4601.25, 10632.0], [4601.5, 30.0], [4602.0, 30.0], [4602.25, 586.0], [4602.5, 1680.0], [4602.75, 5600.0], [4603.0, 30.0], [4603.25, 586.0], [4603.75, 14693.0], [4604.0, 30.0], [4604.75, 9567.0], [4605.0, 32018.0], [4605.25, 6627.0], [4605.5, 25382.0], [4605.75, 552.0], [4606.0, 5032.0]]}}}
{"jsonrpc": "2.0", "method": "subscription", "params": {"channel": "book.ETH-19SEP25.none.20.100ms", "data": {"timestamp": 1758208993764, "change_id": 87026587573, "instrument_name": "ETH-19SEP25", "bids": [[4600.0, 1000.0], [4598.75, 3783.0], [4598.5, 30017.0], [4598.25, 27962.0], [4598.0, 2250.0], [4597.25, 1661.0], [4597.0, 5002.0], [4596.0, 554.0], [4595.75, 1962.0], [4595.5, 6625.0], [4594.25, 4849.0], [4594.0, 14287.0], [4593.75, 776.0], [4593.5, 22317.0], [4593.25, 556.0], [4592.75, 550.0], [4592.25, 552.0], [4592.0, 5002.0], [4591.75, 90552.0], [4590.25, 24947.0]], "asks": [[4600.25, 13074.0], [4600.5, 46672.0], [4600.75, 5600.0], [4601.0, 3190.0], [4601.25, 10632.0], [4601.5, 30.0], [4602.0, 30.0], [4602.25, 586.0], [4602.5, 1680.0], [4602.75, 6156.0], [4603.0, 30.0], [4603.25, 6661.0], [4603.75, 14693.0], [4604.0, 30.0], [4604.75, 9567.0], [4605.0, 30235.0], [4605.25, 552.0], [4605.5, 25382.0], [4605.75, 552.0], [4606.0, 5032.0]]}}}
{"jsonrpc": "2.0", "method": "subscription", "params": {"channel": "book.ETH-19SEP25.none.20.100ms", "data": {"timestamp": 1758208994015, "change_id": 87026588061, "instrument_name": "ETH-19SEP25", "bids": [[4600.0, 1000.0], [4599.0, 3978.0], [4598.75, 24000.0], [4598.5, 6017.0], [4598.25, 27962.0], [4598.0, 2250.0], [4597.75, 160.0], [4597.25, 1501.0], [4597.0, 5002.0], [4596.0, 554.0], [4595.75, 1962.0], [4595.5, 6625.0], [4594.25, 4849.0], [4594.0, 14287.0], [4593.75, 776.0], [4593.5, 22317.0], [4593.25, 556.0], [4592.75, 550.0], [4592.25, 552.0], [4592.0, 5002.0]], "asks": [[4600.25, 13074.0], [4600.5, 46672.0], [4600.75, 5600.0], [4601.0, 3190.0], [4601.25, 10632.0], [4601.5, 30.0], [4602.0, 30.0], [4602.25, 586.0], [4602.5, 1680.0], [4602.75, 6156.0], [4603.0, 30.0], [4603.25, 6661.0], [4603.75, 14693.0], [4604.0, 30.0], [4604.75, 9567.0], [4605.0, 30235.0], [4605.25, 552.0], [4605.5, 25382.0], [4605.75, 552.0], [4606.0, 5032.0]]}}}
{"jsonrpc": "2.0", "method": "subscription", "params": {"channel": "book.ETH-19SEP25.none.20.100ms", "data": {"timestamp": 1758208994461, "change_id": 87026589097, "instrument_name": "ETH-19SEP25", "bids": [[4600.0, 1000.0], [4599.0, 3978.0], [4598.75, 24205.0], [4598.5, 7267.0], [4598.25, 27492.0], [4598.0, 1000.0], [4597.75, 160.0], [4597.25, 1501.0], [4597.0, 5002.0], [4596.0, 554.0], [4595.75, 1962.0], [4595.5, 6625.0], [4594.25, 4849.0], [4594.0, 14287.0], [4593.75, 7240.0], [4593.5, 22317.0], [4593.25, 556.0], [4592.75, 550.0], [4592.25, 552.0], [4592.0, 32168.0]], "asks": [[4600.25, 13074.0], [4600.5, 41072.0], [4600.75, 5600.0], [4601.0, 3190.0], [4601.25, 10632.0], [4601.5, 30.0], [4602.0, 30.0], [4602.25, 586.0], [4602.5, 1680.0], [4602.75, 6156.0], [4603.0, 6631.0], [4603.25, 22002.0], [4603.75, 14693.0], [4604.0, 30.0], [4604.75, 558.0], [4605.0, 235.0], [4605.25, 8167.0], [4605.5, 25382.0], [4605.75, 552.0], [4606.0, 5032.0]]}}}
{"jsonrpc": "2.0", "method": "subscription", "params": {"channel": "book.ETH-19SEP25.none.20.100ms", "data": {"timestamp": 1758208994817, "change_id": 87026589899, "instrument_name": "ETH-19SEP25", "bids": [[4600.0, 1000.0], [4598.5, 6017.0], [4598.25, 51492.0], [4598.0, 1423.0], [4597.75, 1410.0], [4597.25, 1501.0], [4597.0, 5002.0], [4596.0, 554.0], [4595.75, 1962.0], [4595.5, 6625.0], [4594.25, 563.0], [4593.75, 7240.0], [4593.5, 22317.0], [4592.75, 550.0], [4592.5, 13956.0], [4592.25, 552.0], [4592.0, 32168.0], [4591.75, 90552.0], [4589.0, 25506.0], [4588.5, 14058.0]], "asks": [[4600.25, 13074.0], [4600.5, 41072.0], [4600.75, 5600.0], [4601.0, 3190.0], [4601.25, 10632.0], [4601.5, 30.0], [4602.0, 30.0], [4602.25, 586.0], [4602.5, 1680.0], [4602.75, 6156.0], [4603.0, 6631.0], [4603.25, 22002.0], [4603.75, 14693.0], [4604.0, 30.0], [4604.75, 558.0], [4605.0, 235.0], [4605.25, 8167.0], [4605.5, 25382.0], [4605.75, 552.0], [4606.0, 5032.0]]}}}
{"jsonrpc": "2.0", "method": "subscription", "params": {"channel": "book.ETH-19SEP25.none.20.100ms", "data": {"timestamp": 1758208995125, "change_id": 87026590389, "instrument_name": "ETH-19SEP25", "bids": [[4600.0, 1000.0], [4598.5, 6017.0], [4598.25, 51492.0], [4598.0, 1423.0], [4597.75, 1410.0], [4597.25, 1501.0], [4597.0, 5002.0], [4596.0, 554.0], [4595.75, 1962.0], [4595.5, 6625.0], [4594.25, 563.0], [4593.75, 7240.0], [4593.5, 22317.0], [4592.75, 550.0], [4592.5, 13956.0], [4592.25, 552.0], [4592.0, 32168.0], [4591.75, 90552.0], [4589.0, 25506.0], [4588.5, 14058.0]], "asks": [[4600.25, 13074.0], [4600.5, 41072.0], [4600.75, 5600.0], [4601.0, 3190.0], [4601.25, 10632.0], [4601.5, 30.0], [4602.0, 30.0], [4602.25, 586.0], [4602.5, 1680.0], [4602.75, 6156.0], [4603.0, 6631.0], [4603.25, 22002.0], [4603.75, 14693.0], [4604.0, 30.0], [4604.75, 558.0], [4605.0, 235.0], [4605.25, 8167.0], [4605.5, 25382.0], [4605.75, 552.0], [4606.0, 5032.0]]}}}
{"jsonrpc": "2.0", "method": "subscription", "params": {"channel": "book.ETH-19SEP25.none.20.100ms", "data": {"timestamp": 1758208995468, "change_id": 87026591230, "instrument_name": "ETH-19SEP25", "bids": [[4600.0, 1000.0], [4599.0, 7280.0], [4598.75, 29805.0], [4598.5, 6017.0], [4598.25, 28742.0], [4598.0, 1000.0], [4597.75, 160.0], [4597.25, 1501.0], [4597.0, 5002.0], [4596.0, 554.0], [4595.75, 1962.0], [4595.5, 6625.0], [4594.25, 563.0], [4593.75, 7240.0], [4593.5, 22317.0], [4593.25, 555.0], [4592.75, 4737.0], [4592.5, 13956.0], [4592.25, 552.0], [4592.0, 32168.0]], "asks": [[4600.25, 13074.0], [4600.5, 41072.0], [4600.75, 5600.0], [4601.0, 3190.0], [4601.25, 10632.0], [4601.5, 30.0], [4602.0, 30.0], [4602.25, 586.0], [4602.5, 1680.0], [4602.75, 6156.0], [4603.0, 6631.0], [4603.25, 22002.0], [4603.5, 4408.0], [4603.75, 14693.0], [4604.0, 30.0], [4604.75, 558.0], [4605.0, 235.0], [4605.25, 8167.0], [4605.5, 25382.0], [4605.75, 2062.0]]}}}
{"jsonrpc": "2.0", "method": "subscription", "params": {"channel": "book.ETH-19SEP25.none.20.100ms", "data": {"timestamp": 1758208995636, "change_id": 87026591511, "instrument_name": "ETH-19SEP25", "bids": [[4600.0, 1000.0], [4599.0, 1680.0], [4598.75, 29805.0], [4598.5, 6017.0], [4598.25, 23142.0], [4598.0, 1000.0], [4597.75, 160.0], [4597.25, 1501.0], [4597.0, 5002.0], [4596.0, 554.0], [4595.75, 1962.0], [4595.5, 6625.0], [4594.25, 563.0], [4593.75, 7240.0], [4593.5, 22317.0], [4593.25, 555.0], [4592.75, 4737.0], [4592.5, 13956.0], [4592.25, 552.0], [4592.0, 32168.0]], "asks": [[4600.25, 13074.0], [4600.5, 41072.0], [4600.75, 5600.0], [4601.0, 3190.0], [4601.25, 10632.0], [4601.5, 30.0], [4602.0, 30.0], [4602.25, 586.0], [4602.5, 1680.0], [4602.75, 6156.0], [4603.0, 6631.0], [4603.25, 22002.0], [4603.5, 4408.0], [4603.75, 14693.0], [4604.0, 30.0], [4604.75, 558.0], [4605.0, 235.0], [4605.25, 8167.0], [4605.5, 25382.0], [4605.75, 2062.0]]}}}
{"jsonrpc": "2.0", "method": "subscription", "params": {"channel": "book.ETH-19SEP25.none.20.100ms", "data": {"timestamp": 1758208995832, "change_id": 87026591877, "instrument_name": "ETH-19SEP25", "bids": [[4600.0, 1000.0], [4599.0, 1680.0], [4598.75, 29805.0], [4598.5, 6017.0], [4598.25, 23142.0], [4598.0, 1000.0], [4597.75, 160.0], [4597.25, 1501.0], [4597.0, 5002.0], [4596.0, 554.0], [4595.75, 1962.0], [4595.5, 6625.0], [4594.25, 563.0], [4593.75, 7240.0], [4593.5, 22317.0], [4593.25, 555.0], [4592.75, 4737.0], [4592.5, 13956.0], [4592.25, 552.0], [4592.0, 32168.0]], "asks": [[4600.25, 13074.0], [4600.5, 41072.0], [4600.75, 5600.0], [4601.0, 3190.0], [4601.25, 10632.0], [4601.5, 30.0], [4602.0, 30.0], [4602.25, 586.0], [4602.5, 1680.0], [4602.75, 6156.0], [4603.0, 6631.0], [4603.25, 22002.0], [4603.5, 4408.0], [4603.75, 14693.0], [4604.0, 30.0], [4604.75, 558.0], [4605.0, 235.0], [4605.25, 8167.0], [4605.5, 25382.0], [4605.75, 2062.0]]}}}
{"jsonrpc": "2.0", "method": "subscription", "params": {"channel": "book.ETH-19SEP25.none.20.100ms", "data": {"timestamp": 1758208996409, "change_id": 87026592701, "instrument_name": "ETH-19SEP25", "bids": [[4600.0, 1000.0], [4599.0, 1680.0], [4598.75, 31254.0], [4598.5, 11617.0], [4598.25, 23142.0], [4598.0, 1000.0], [4597.75, 160.0], [4597.25, 1501.0], [4597.0, 5002.0], [4596.0, 554.0], [4595.75, 1962.0], [4595.5, 6625.0], [4594.25, 563.0], [4593.75, 7240.0], [4593.5, 22317.0], [4593.25, 555.0], [4592.75, 4737.0], [4592.5, 13956.0], [4592.25, 552.0], [4592.0, 32168.0]], "asks": [[4600.25, 13074.0], [4600.5, 41072.0], [4600.75, 5600.0], [4601.0, 3190.0], [4601.25, 10632.0], [4601.5, 30.0], [4602.0, 30.0], [4602.25, 586.0], [4602.5, 1680.0], [4602.75, 6156.0], [4603.0, 235.0], [4603.25, 6661.0], [4603.5, 4408.0], [4603.75, 14693.0], [4604.0, 30.0], [4604.75, 558.0], [4605.0, 235.0], [4605.25, 8167.0], [4605.5, 25382.0], [4605.75, 2062.0]]}}}
{"jsonrpc": "2.0", "method": "subscription", "params": {"channel": "book.ETH-19SEP25.none.20.100ms", "data": {"timestamp": 1758208996886, "change_id": 87026593452, "instrument_name": "ETH-19SEP25", "bids": [[4600.0, 1000.0], [4599.0, 1680.0], [4598.75, 31254.0], [4598.5, 11617.0], [4598.25, 23142.0], [4598.0, 1000.0], [4597.75, 160.0], [4597.25, 1501.0], [4597.0, 5002.0], [4596.0, 554.0], [4595.75, 1962.0], [4595.5, 6625.0], [4594.25, 563.0], [4593.75, 7240.0], [4593.5, 22317.0], [4593.25, 555.0], [4592.75, 4737.0], [4592.5, 13956.0], [4592.25, 1991.0], [4592.0, 31963.0]], "asks": [[4600.25, 13074.0], [4600.5, 41072.0], [4600.75, 5600.0], [4601.0, 3190.0], [4601.25, 10632.0], [4601.5, 30.0], [4602.0, 30.0], [4602.25, 586.0], [4602.5, 1680.0], [4602.75, 6156.0], [4603.0, 2003.0], [4603.25, 6661.0], [4603.5, 4408.0], [4603.75, 14693.0], [4604.0, 30.0], [4604.75, 558.0], [4605.0, 235.0], [4605.25, 8167.0], [4605.5, 25382.0], [4605.75, 2062.0]]}}}
{"jsonrpc": "2.0", "method": "subscription", "params": {"channel": "book.ETH-19SEP25.none.20.100ms", "data": {"timestamp": 1758208997462, "change_id": 87026594302, "instrument_name": "ETH-19SEP25", "bids": [[4600.0, 1000.0], [4599.0, 1680.0], [4598.75, 24205.0], [4598.5, 6017.0], [4598.25, 23142.0], [4598.0, 1000.0], [4597.75, 160.0], [4597.25, 1501.0], [4597.0, 5002.0], [4596.0, 554.0], [4595.75, 1962.0], [4595.5, 6625.0], [4594.25, 563.0], [4593.75, 7240.0], [4593.5, 22317.0], [4593.25, 555.0], [4592.75, 4737.0], [4592.5, 13956.0], [4592.25, 1991.0], [4592.0, 31963.0]], "asks": [[4600.25, 13074.0], [4600.5, 41072.0], [4600.75, 5600.0], [4601.0, 3190.0], [4601.25, 10632.0], [4601.5, 30.0], [4602.0, 30.0], [4602.25, 586.0], [4602.5, 1680.0], [4602.75, 6156.0], [4603.0, 2003.0], [4603.25, 6661.0], [4603.5, 4408.0], [4603.75, 14693.0], [4604.0, 30.0], [4604.5, 9167.0], [4604.75, 30558.0], [4605.0, 235.0], [4605.25, 8167.0], [4605.5, 25382.0]]}}}
{"jsonrpc": "2.0", "method": "subscription", "params": {"channel": "book.ETH-19SEP25.none.20.100ms", "data": {"timestamp": 1758208997511, "change_id": 87026594408, "instrument_name": "ETH-19SEP25", "bids": [[4600.0, 1000.0], [4599.0, 1680.0], [4598.75, 24205.0], [4598.5, 6017.0], [4598.25, 23142.0], [4598.0, 1000.0], [4597.75, 160.0], [4597.25, 1501.0], [4597.0, 5002.0], [4596.0, 554.0], [4595.75, 1962.0], [4595.5, 6625.0], [4594.25, 563.0], [4593.75, 7240.0], [4593.5, 22317.0], [4593.25, 555.0], [4592.75, 4737.0], [4592.5, 13956.0], [4592.25, 1991.0], [4592.0, 31963.0]], "asks": [[4600.25, 13074.0], [4600.5, 41072.0], [4600.75, 5600.0], [4601.0, 3190.0], [4601.25, 10632.0], [4601.5, 30.0], [4602.0, 30.0], [4602.25, 586.0], [4602.5, 1680.0], [4602.75, 6156.0], [4603.0, 2003.0], [4603.25, 6661.0], [4603.5, 4408.0], [4603.75, 14693.0], [4604.0, 30.0], [4604.5, 9167.0], [4604.75, 30558.0], [4605.0, 235.0], [4605.25, 8167.0], [4605.5, 25382.0]]}}}
{"jsonrpc": "2.0", "method": "subscription", "params": {"channel": "book.ETH-19SEP25.none.20.100ms", "data": {"timestamp": 1758208998269, "change_id": 87026595268, "instrument_name": "ETH-19SEP25", "bids": [[4600.0, 1000.0], [4599.0, 7280.0], [4598.75, 24205.0], [4598.5, 6017.0], [4598.25, 23142.0], [4598.0, 1000.0], [4597.75, 160.0], [4597.25, 1501.0], [4597.0, 5002.0], [4596.0, 554.0], [4595.75, 1962.0], [4595.5, 6625.0], [4594.25, 563.0], [4593.75, 7240.0], [4593.5, 22317.0], [4593.25, 555.0], [4592.75, 4737.0], [4592.5, 14503.0], [4592.25, 3262.0], [4592.0, 31963.0]], "asks": [[4600.25, 13074.0], [4600.5, 41072.0], [4600.75, 5600.0], [4601.0, 3190.0], [4601.25, 10632.0], [4601.5, 30.0], [4602.0, 30.0], [4602.25, 586.0], [4602.5, 1680.0], [4602.75, 6156.0], [4603.0, 2003.0], [4603.25, 6661.0], [4603.5, 4408.0], [4603.75, 14693.0], [4604.0, 30.0], [4604.5, 9167.0], [4604.75, 30558.0], [4605.0, 235.0], [4605.25, 8167.0], [4605.5, 25382.0]]}}}
{"jsonrpc": "2.0", "method": "subscription", "params": {"channel": "book.ETH-19SEP25.none.20.100ms", "data": {"timestamp": 1758208998745, "change_id": 87026595836, "instrument_name": "ETH-19SEP25", "bids": [[4600.0, 1000.0], [4599.0, 7280.0], [4598.75, 24205.0], [4598.5, 6017.0], [4598.25, 23142.0], [4598.0, 1000.0], [4597.75, 160.0], [4597.25, 1501.0], [4597.0, 5002.0], [4596.0, 554.0], [4595.75, 1988.0], [4595.5, 6625.0], [4594.25, 563.0], [4593.75, 7240.0], [4593.5, 22317.0], [4593.25, 555.0], [4592.75, 4737.0], [4592.5, 14503.0], [4592.25, 3262.0], [4592.0, 31963.0]], "asks": [[4600.25, 13074.0], [4600.5, 41072.0], [4600.75, 6500.0], [4601.0, 6190.0], [4601.25, 10632.0], [4601.5, 30.0], [4602.0, 30.0], [4602.25, 586.0], [4602.5, 1680.0], [4602.75, 6156.0], [4603.0, 2003.0], [4603.25, 6661.0], [4603.5, 4408.0], [4603.75, 14693.0], [4604.0, 30.0], [4604.5, 9167.0], [4604.75, 30558.0], [4605.0, 235.0], [4605.25, 8167.0], [4605.5, 25382.0]]}}}
{"jsonrpc": "2.0", "method": "subscription", "params": {"channel": "book.ETH-19SEP25.none.20.100ms", "data": {"timestamp": 1758208999103, "change_id": 87026596382, "instrument_name": "ETH-19SEP25", "bids": [[4600.0, 1000.0], [4599.25, 2847.0], [4599.0, 33702.0], [4598.75, 14578.0], [4598.5, 2385.0], [4598.25, 8769.0], [4598.0, 1000.0], [4597.75, 160.0], [4597.25, 1501.0], [4597.0, 5002.0], [4596.0, 554.0], [4595.75, 1988.0], [4595.5, 6625.0], [4594.25, 563.0], [4593.75, 7240.0], [4593.5, 22317.0], [4593.25, 555.0], [4592.75, 4737.0], [4592.5, 14503.0], [4592.25, 8347.0]], "asks": [[4600.25, 13074.0], [4600.5, 41072.0], [4600.75, 6500.0], [4601.0, 6190.0], [4601.25, 10632.0], [4601.5, 30.0], [4602.0, 30.0], [4602.25, 586.0], [4602.5, 1680.0], [4602.75, 6156.0], [4603.0, 2003.0], [4603.25, 6661.0], [4603.5, 4408.0], [4603.75, 14693.0], [4604.0, 30.0], [4604.5, 9167.0], [4604.75, 30558.0], [4605.0, 235.0], [4605.25, 8167.0], [4605.5, 25382.0]]}}}
{"jsonrpc": "2.0", "method": "subscription", "params": {"channel": "book.ETH-19SEP25.none.20.100ms", "data": {"timestamp": 1758208999241, "change_id": 87026596908, "instrument_name": "ETH-19SEP25", "bids": [[4600.0, 1000.0], [4599.25, 2847.0], [4599.0, 33702.0], [4598.75, 14578.0], [4598.5, 2385.0], [4598.25, 8929.0], [4598.0, 1000.0], [4597.25, 1501.0], [4597.0, 5002.0], [4596.0, 554.0], [4595.75, 1988.0], [4595.5, 6625.0], [4594.25, 563.0], [4593.75, 7240.0], [4593.5, 22317.0], [4593.25, 555.0], [4592.75, 4737.0], [4592.5, 15960.0], [4592.25, 8347.0], [4592.0, 31963.0]], "asks": [[4600.25, 13074.0], [4600.5, 41072.0], [4600.75, 6500.0], [4601.0, 6190.0], [4601.25, 10632.0], [4601.5, 30.0], [4602.0, 30.0], [4602.25, 586.0], [4602.5, 1680.0], [4602.75, 6156.0], [4603.0, 2003.0], [4603.25, 6661.0], [4603.5, 205.0], [4603.75, 554.0], [4604.0, 30.0], [4604.5, 9167.0], [4604.75, 34758.0], [4605.0, 14206.0], [4605.25, 8167.0], [4605.5, 25382.0]]}}}
{"jsonrpc": "2.0", "method": "subscription", "params": {"channel": "book.ETH-19SEP25.none.20.100ms", "data": {"timestamp": 1758208999692, "change_id": 87026597790, "instrument_name": "ETH-19SEP25", "bids": [[4600.0, 1000.0], [4599.5, 4210.0], [4599.25, 40027.0], [4599.0, 5805.0], [4598.75, 1455.0], [4598.5, 2385.0], [4598.25, 7474.0], [4598.0, 1000.0], [4597.25, 1501.0], [4597.0, 5002.0], [4596.0, 554.0], [4595.75, 1988.0], [4595.5, 6625.0], [4594.5, 13926.0], [4594.25, 563.0], [4593.75, 7240.0], [4593.5, 22317.0], [4593.25, 555.0], [4592.75, 550.0], [4592.5, 2004.0]], "asks": [[4600.25, 5760.0], [4600.5, 25449.0], [4600.75, 10699.0], [4601.0, 20912.0], [4601.25, 11882.0], [4601.5, 30.0], [4602.0, 235.0], [4602.25, 586.0], [4602.5, 1680.0], [4602.75, 6156.0], [4603.0, 2003.0], [4603.25, 6661.0], [4603.75, 554.0], [4604.0, 30.0], [4604.5, 14378.0], [4604.75, 30558.0], [4605.0, 235.0], [4605.25, 8167.0], [4605.5, 25382.0], [4605.75, 1857.0]]}}}
{"jsonrpc": "2.0", "method": "subscription", "params": {"channel": "book.ETH-19SEP25.none.20.100ms", "data": {"timestamp": 1758209000042, "change_id": 87026598132, "instrument_name": "ETH-19SEP25", "bids": [[4600.0, 1000.0], [4599.5, 4210.0], [4599.25, 40027.0], [4599.0, 5805.0], [4598.75, 1455.0], [4598.5, 2385.0], [4598.25, 7474.0], [4598.0, 1000.0], [4597.25, 1501.0], [4597.0, 5002.0], [4596.0, 554.0], [4595.75, 1988.0], [4595.5, 6625.0], [4594.5, 13926.0], [4594.25, 563.0], [4593.75, 7240.0], [4593.5, 22317.0], [4593.25, 25502.0], [4592.75, 550.0], [4592.5, 2004.0]], "asks": [[4600.25, 13073.0], [4600.5, 25449.0], [4600.75, 11949.0], [4601.0, 20912.0], [4601.25, 10632.0], [4601.5, 30.0], [4602.0, 235.0], [4602.25, 586.0], [4602.5, 1680.0], [4602.75, 6156.0], [4603.0, 2003.0], [4603.25, 6661.0], [4603.75, 554.0], [4604.0, 30.0], [4604.5, 14378.0], [4604.75, 30558.0], [4605.0, 235.0], [4605.25, 8167.0], [4605.5, 25382.0], [4605.75, 1857.0]]}}}
{"jsonrpc": "2.0", "method": "subscription", "params": {"channel": "book.ETH-19SEP25.none.20.100ms", "data": {"timestamp": 1758209000707, "change_id": 87026599302, "instrument_name": "ETH-19SEP25", "bids": [[4600.0, 1000.0], [4599.25, 1654.0], [4599.0, 13102.0], [4598.75, 39828.0], [4598.5, 2385.0], [4598.25, 7679.0], [4598.0, 1000.0], [4597.25, 1501.0], [4597.0, 5002.0], [4596.0, 554.0], [4595.75, 1988.0], [4595.5, 6625.0], [4594.75, 4178.0], [4594.5, 13926.0], [4594.25, 563.0], [4593.75, 7240.0], [4593.5, 22317.0], [4593.25, 25502.0], [4592.75, 550.0], [4592.5, 2004.0]], "asks": [[4600.25, 13073.0], [4600.5, 39822.0], [4600.75, 7750.0], [4601.0, 6539.0], [4601.25, 10632.0], [4601.5, 30.0], [4602.0, 235.0], [4602.25, 586.0], [4602.5, 1680.0], [4602.75, 6156.0], [4603.0, 2003.0], [4603.25, 6661.0], [4603.75, 554.0], [4604.0, 30.0], [4604.5, 23545.0], [4604.75, 30558.0], [4605.0, 235.0], [4605.25, 8167.0], [4605.5, 25382.0], [4605.75, 1857.0]]}}}
{"jsonrpc": "2.0", "method": "subscription", "params": {"channel": "book.ETH-19SEP25.none.20.100ms", "data": {"timestamp": 1758209001003, "change_id": 87026599683, "instrument_name": "ETH-19SEP25", "bids": [[4600.0, 1000.0], [4599.25, 1654.0], [4599.0, 13102.0], [4598.75, 39828.0], [4598.5, 2385.0], [4598.25, 7679.0], [4598.0, 1000.0], [4597.25, 1501.0], [4597.0, 5002.0], [4596.0, 554.0], [4595.75, 1988.0], [4595.5, 6625.0], [4594.75, 4178.0], [4594.5, 13926.0], [4594.25, 563.0], [4593.75, 571.0], [4593.25, 25502.0], [4592.75, 550.0], [4592.5, 2004.0], [4592.25, 8349.0]], "asks": [[4600.25, 14323.0], [4600.5, 39822.0], [4600.75, 6500.0], [4601.0, 6539.0], [4601.25, 10632.0], [4601.5, 30.0], [4602.0, 235.0], [4602.25, 4787.0], [4602.5, 15682.0], [4602.75, 6156.0], [4603.0, 2003.0], [4603.25, 6661.0], [4603.75, 554.0], [4604.0, 30.0], [4604.5, 9167.0], [4604.75, 30558.0], [4605.0, 235.0], [4605.25, 8167.0], [4605.5, 25382.0], [4605.75, 1857.0]]}}}
{"jsonrpc": "2.0", "method": "subscription", "params": {"channel": "book.ETH-19SEP25.none.20.100ms", "data": {"timestamp": 1758209001134, "change_id": 87026599852, "instrument_name": "ETH-19SEP25", "bids": [[4600.0, 1000.0], [4599.25, 1654.0], [4599.0, 13102.0], [4598.75, 39828.0], [4598.5, 2385.0], [4598.25, 7679.0], [4598.0, 1000.0], [4597.25, 1501.0], [4597.0, 5002.0], [4596.0, 554.0], [4595.75, 24322.0], [4595.5, 6625.0], [4594.75, 4178.0], [4594.5, 13926.0], [4594.25, 563.0], [4593.75, 571.0], [4593.25, 25502.0], [4592.75, 550.0], [4592.5, 2004.0], [4592.25, 8349.0]], "asks": [[4600.25, 14323.0], [4600.5, 39822.0], [4600.75, 6500.0], [4601.0, 6539.0], [4601.25, 10632.0], [4601.5, 30.0], [4602.0, 235.0], [4602.25, 4787.0], [4602.5, 15682.0], [4602.75, 6156.0], [4603.0, 2003.0], [4603.25, 6661.0], [4603.75, 554.0], [4604.0, 30.0], [4604.5, 9167.0], [4604.75, 30558.0], [4605.0, 235.0], [4605.25, 8167.0], [4605.5, 25382.0], [4605.75, 1857.0]]}}}
{"jsonrpc": "2.0", "method": "subscription", "params": {"channel": "book.ETH-19SEP25.none.20.100ms", "data": {"timestamp": 1758209001678, "change_id": 87026601347, "instrument_name": "ETH-19SEP25", "bids": [[4600.0, 1000.0], [4598.5, 5268.0], [4598.25, 30611.0], [4598.0, 22686.0], [4597.25, 1501.0], [4597.0, 5162.0], [4596.0, 554.0], [4595.75, 24322.0], [4595.5, 6625.0], [4594.25, 563.0], [4593.75, 571.0], [4593.25, 25502.0], [4592.75, 550.0], [4592.5, 6047.0], [4592.25, 22429.0], [4592.0, 31963.0], [4591.75, 90552.0], [4591.0, 7508.0], [4590.75, 25027.0], [4589.0, 559.0]], "asks": [[4600.25, 14323.0], [4600.5, 39822.0], [4600.75, 6500.0], [4601.0, 6539.0], [4601.25, 10632.0], [4601.5, 30.0], [4602.0, 235.0], [4602.25, 4787.0], [4602.5, 15682.0], [4602.75, 6156.0], [4603.0, 2003.0], [4603.25, 6661.0], [4603.75, 554.0], [4604.0, 30.0], [4604.5, 9167.0], [4604.75, 30558.0], [4605.0, 235.0], [4605.25, 8167.0], [4605.5, 25382.0], [4605.75, 1857.0]]}}}
{"jsonrpc": "2.0", "method": "subscription", "params": {"channel": "book.ETH-19SEP25.none.20.100ms", "data": {"timestamp": 1758209001939, "change_id": 87026601701, "instrument_name": "ETH-19SEP25", "bids": [[4600.0, 1000.0], [4598.5, 5268.0], [4598.25, 24205.0], [4598.0, 22686.0], [4597.5, 1250.0], [4597.0, 160.0], [4596.75, 1501.0], [4596.5, 5002.0], [4596.0, 554.0], [4595.75, 24322.0], [4595.5, 6625.0], [4594.25, 563.0], [4593.75, 571.0], [4593.25, 25502.0], [4592.75, 550.0], [4592.5, 6047.0], [4592.25, 22429.0], [4592.0, 26961.0], [4591.75, 90552.0], [4591.5, 5002.0]], "asks": [[4600.25, 14323.0], [4600.5, 92822.0], [4600.75, 6500.0], [4601.0, 6539.0], [4601.25, 10632.0], [4601.5, 30.0], [4602.0, 235.0], [4602.25, 4787.0], [4602.5, 15682.0], [4602.75, 6156.0], [4603.0, 2003.0], [4603.25, 6661.0], [4603.75, 554.0], [4604.0, 30.0], [4604.5, 205.0], [4604.75, 558.0], [4605.0, 235.0], [4605.25, 8167.0], [4605.5, 25382.0], [4605.75, 1857.0]]}}}
{"jsonrpc": "2.0", "method": "subscription", "params": {"channel": "book.ETH-19SEP25.none.20.100ms", "data": {"timestamp": 1758209002224, "change_id": 87026602226, "instrument_name": "ETH-19SEP25", "bids": [[4600.0, 1000.0], [4598.5, 5268.0], [4598.25, 24205.0], [4598.0, 22686.0], [4597.5, 1250.0], [4597.0, 160.0], [4596.75, 1501.0], [4596.5, 5002.0], [4596.0, 554.0], [4595.75, 24322.0], [4595.5, 6625.0], [4594.25, 563.0], [4593.75, 571.0], [4593.25, 25502.0], [4592.75, 550.0], [4592.5, 6047.0], [4592.25, 22429.0], [4592.0, 26961.0], [4591.75, 90552.0], [4591.5, 5002.0]], "asks": [[4600.25, 14323.0], [4600.5, 92822.0], [4600.75, 6500.0], [4601.0, 6539.0], [4601.25, 10632.0], [4601.5, 30.0], [4602.0, 235.0], [4602.25, 4787.0], [4602.5, 15682.0], [4602.75, 556.0], [4603.0, 2003.0], [4603.25, 6661.0], [4603.75, 554.0], [4604.0, 30.0], [4604.5, 205.0], [4604.75, 558.0], [4605.0, 235.0], [4605.25, 8167.0], [4605.5, 25382.0], [4605.75, 1857.0]]}}}
{"jsonrpc": "2.0", "method": "subscription", "params": {"channel": "book.ETH-19SEP25.none.20.100ms", "data": {"timestamp": 1758209003027, "change_id": 87026603053, "instrument_name": "ETH-19SEP25", "bids": [[4600.0, 1000.0], [4598.5, 5268.0], [4598.25, 30380.0], [4598.0, 23936.0], [4597.5, 160.0], [4596.75, 1501.0], [4596.5, 5002.0], [4596.0, 7254.0], [4595.75, 24322.0], [4595.5, 6625.0], [4594.25, 563.0], [4593.75, 571.0], [4593.5, 7651.0], [4593.25, 25502.0], [4592.75, 550.0], [4592.5, 6047.0], [4592.25, 22429.0], [4592.0, 26961.0], [4591.75, 92053.0], [4591.5, 5002.0]], "asks": [[4600.25, 14323.0], [4600.5, 92822.0], [4600.75, 6500.0], [4601.0, 6539.0], [4601.25, 10632.0], [4601.5, 30.0], [4602.0, 235.0], [4602.25, 4787.0], [4602.5, 15682.0], [4602.75, 556.0], [4603.0, 2003.0], [4603.25, 6661.0], [4603.75, 554.0], [4604.0, 30.0], [4604.5, 205.0], [4604.75, 558.0], [4605.0, 235.0], [4605.25, 8167.0], [4605.5, 25382.0], [4605.75, 1857.0]]}}}
{"jsonrpc": "2.0", "method": "subscription", "params": {"channel": "book.ETH-19SEP25.none.20.100ms", "data": {"timestamp": 1758209003282, "change_id": 87026603662, "instrument_name": "ETH-19SEP25", "bids": [[4600.0, 1000.0], [4598.5, 5268.0], [4598.25, 30380.0], [4598.0, 16623.0], [4597.75, 7313.0], [4597.5, 160.0], [4596.75, 1501.0], [4596.5, 5002.0], [4596.0, 7254.0], [4595.75, 24322.0], [4595.5, 6625.0], [4594.25, 563.0], [4593.75, 571.0], [4593.5, 7651.0], [4593.25, 25502.0], [4592.75, 550.0], [4592.5, 6047.0], [4592.25, 22429.0], [4592.0, 26961.0], [4591.75, 92053.0]], "asks": [[4600.25, 14323.0], [4600.5, 92822.0], [4600.75, 6500.0], [4601.0, 6539.0], [4601.25, 10632.0], [4601.5, 30.0], [4602.0, 235.0], [4602.25, 4787.0], [4602.5, 15682.0], [4602.75, 556.0], [4603.0, 2003.0], [4603.25, 6661.0], [4603.75, 554.0], [4604.0, 30.0], [4604.5, 205.0], [4604.75, 558.0], [4605.0, 235.0], [4605.25, 8167.0], [4605.5, 25382.0], [4605.75, 1857.0]]}}}
{"jsonrpc": "2.0", "method": "subscription", "params": {"channel": "book.ETH-19SEP25.none.20.100ms", "data": {"timestamp": 1758209003689, "change_id": 87026604247, "instrument_name": "ETH-19SEP25", "bids": [[4600.0, 1000.0], [4598.75, 2943.0], [4598.5, 24000.0], [4598.25, 6380.0], [4598.0, 16623.0], [4597.75, 7313.0], [4597.5, 160.0], [4596.75, 1501.0], [4596.5, 5002.0], [4596.0, 7254.0], [4595.75, 24322.0], [4595.5, 6625.0], [4594.25, 563.0], [4593.75, 571.0], [4593.5, 7651.0], [4593.25, 25502.0], [4592.75, 550.0], [4592.5, 6047.0], [4592.25, 22429.0], [4592.0, 26961.0]], "asks": [[4600.25, 14323.0], [4600.5, 92822.0], [4600.75, 6500.0], [4601.0, 6539.0], [4601.25, 10632.0], [4601.5, 30.0], [4602.0, 235.0], [4602.25, 4787.0], [4602.5, 15682.0], [4602.75, 556.0], [4603.0, 2003.0], [4603.25, 6661.0], [4603.75, 554.0], [4604.0, 30.0], [4604.5, 205.0], [4604.75, 558.0], [4605.0, 235.0], [4605.25, 8167.0], [4605.5, 25382.0], [4605.75, 1857.0]]}}}
{"jsonrpc": "2.0", "method": "subscription", "params": {"channel": "book.ETH-19SEP25.none.20.100ms", "data": {"timestamp": 1758209003893, "change_id": 87026604466, "instrument_name": "ETH-19SEP25", "bids": [[4600.0, 1000.0], [4598.75, 2943.0], [4598.5, 38373.0], [4598.25, 205.0], [4598.0, 2250.0], [4597.75, 7313.0], [4597.5, 160.0], [4596.75, 1501.0], [4596.5, 5002.0], [4596.0, 7254.0], [4595.75, 24322.0], [4595.5, 6625.0], [4594.25, 563.0], [4593.75, 571.0], [4593.5, 7651.0], [4593.25, 25502.0], [4592.75, 550.0], [4592.5, 6047.0], [4592.25, 22429.0], [4592.0, 26961.0]], "asks": [[4600.25, 14323.0], [4600.5, 92822.0], [4600.75, 6500.0], [4601.0, 6539.0], [4601.25, 10632.0], [4601.5, 30.0], [4602.0, 235.0], [4602.25, 4787.0], [4602.5, 15682.0], [4602.75, 556.0], [4603.0, 2003.0], [4603.25, 6661.0], [4603.75, 554.0], [4604.0, 30.0], [4604.5, 205.0], [4604.75, 558.0], [4605.0, 235.0], [4605.25, 8167.0], [4605.5, 25382.0], [4605.75, 1857.0]]}}}
{"jsonrpc": "2.0", "method": "subscription", "params": {"channel": "book.ETH-19SEP25.none.20.100ms", "data": {"timestamp": 1758209004206, "change_id": 87026604947, "instrument_name": "ETH-19SEP25", "bids": [[4600.0, 1000.0], [4599.0, 5600.0], [4598.75, 6716.0], [4598.5, 38373.0], [4598.25, 205.0], [4598.0, 4444.0], [4597.75, 7313.0], [4597.5, 160.0], [4596.75, 1501.0], [4596.5, 5002.0], [4596.0, 7254.0], [4595.75, 24322.0], [4595.5, 6625.0], [4594.25, 563.0], [4593.75, 571.0], [4593.5, 7651.0], [4593.25, 25502.0], [4592.75, 550.0], [4592.5, 6047.0], [4592.25, 22429.0]], "asks": [[4600.25, 14323.0], [4600.5, 92822.0], [4600.75, 6500.0], [4601.0, 6539.0], [4601.25, 10632.0], [4601.5, 30.0], [4602.0, 235.0], [4602.25, 4787.0], [4602.5, 15682.0], [4602.75, 556.0], [4603.0, 2003.0], [4603.25, 6661.0], [4603.75, 554.0], [4604.0, 30.0], [4604.5, 205.0], [4604.75, 558.0], [4605.0, 235.0], [4605.25, 8167.0], [4605.5, 25382.0], [4605.75, 1857.0]]}}}
{"jsonrpc": "2.0", "method": "subscription", "params": {"channel": "book.ETH-19SEP25.none.20.100ms", "data": {"timestamp": 1758209004695, "change_id": 87026605515, "instrument_name": "ETH-19SEP25", "bids": [[4600.0, 1000.0], [4598.75, 6716.0], [4598.5, 38373.0], [4598.25, 205.0], [4598.0, 4444.0], [4597.75, 7313.0], [4597.5, 160.0], [4596.75, 1501.0], [4596.5, 5002.0], [4596.0, 7254.0], [4595.75, 24322.0], [4595.5, 6625.0], [4594.25, 563.0], [4593.75, 571.0], [4593.5, 7651.0], [4593.25, 25502.0], [4592.75, 550.0], [4592.5, 6047.0], [4592.25, 22429.0], [4592.0, 26961.0]], "asks": [[4600.25, 14323.0], [4600.5, 92822.0], [4600.75, 6500.0], [4601.0, 6539.0], [4601.25, 10632.0], [4601.5, 30.0], [4602.0, 235.0], [4602.25, 4787.0], [4602.5, 15682.0], [4602.75, 556.0], [4603.0, 2003.0], [4603.25, 6661.0], [4603.75, 554.0], [4604.0, 30.0], [4604.5, 205.0], [4604.75, 558.0], [4605.0, 235.0], [4605.25, 8167.0], [4605.5, 25382.0], [4605.75, 1857.0]]}}}
{"jsonrpc": "2.0", "method": "subscription", "params": {"channel": "book.ETH-19SEP25.none.20.100ms", "data": {"timestamp": 1758209004999, "change_id": 87026605907, "instrument_name": "ETH-19SEP25", "bids": [[4600.0, 1000.0], [4598.75, 2943.0], [4598.5, 14373.0], [4598.25, 24649.0], [4598.0, 4444.0], [4597.75, 7313.0], [4597.5, 160.0], [4596.75, 1501.0], [4596.5, 5002.0], [4596.0, 7254.0], [4595.75, 24322.0], [4595.5, 6625.0], [4594.25, 563.0], [4593.75, 571.0], [4593.5, 7651.0], [4593.25, 25502.0], [4592.75, 550.0], [4592.5, 6047.0], [4592.25, 22429.0], [4591.75, 2053.0]], "asks": [[4600.25, 14323.0], [4600.5, 92822.0], [4600.75, 6500.0], [4601.0, 6539.0], [4601.25, 10632.0], [4601.5, 30.0], [4602.0, 235.0], [4602.25, 4787.0], [4602.5, 15682.0], [4602.75, 556.0], [4603.0, 2003.0], [4603.25, 6661.0], [4603.5, 9166.0], [4603.75, 30554.0], [4604.0, 30.0], [4604.5, 205.0], [4604.75, 558.0], [4605.0, 235.0], [4605.25, 8167.0], [4605.5, 25382.0]]}}}
{"jsonrpc": "2.0", "method": "subscription", "params": {"channel": "book.ETH-19SEP25.none.20.100ms", "data": {"timestamp": 1758209005390, "change_id": 87026606527, "instrument_name": "ETH-19SEP25", "bids": [[4600.0, 1000.0], [4598.75, 8043.0], [4598.5, 14373.0], [4598.25, 24649.0], [4598.0, 4444.0], [4597.75, 7313.0], [4597.5, 160.0], [4596.75, 1501.0], [4596.5, 5002.0], [4596.0, 7254.0], [4595.75, 24322.0], [4595.5, 6625.0], [4594.25, 563.0], [4593.75, 571.0], [4593.5, 7651.0], [4593.25, 25502.0], [4592.75, 550.0], [4592.5, 6047.0], [4592.25, 22429.0], [4591.75, 2053.0]], "asks": [[4600.25, 14323.0], [4600.5, 92822.0], [4600.75, 6500.0], [4601.0, 6539.0], [4601.25, 10632.0], [4601.5, 30.0], [4602.0, 235.0], [4602.25, 4787.0], [4602.5, 15682.0], [4602.75, 556.0], [4603.0, 2003.0], [4603.25, 6661.0], [4603.5, 9166.0], [4603.75, 30554.0], [4604.0, 30.0], [4604.5, 205.0], [4604.75, 558.0], [4605.0, 235.0], [4605.25, 8167.0], [4605.5, 25382.0]]}}}
{"jsonrpc": "2.0", "method": "subscription", "params": {"channel": "book.ETH-19SEP25.none.20.100ms", "data": {"timestamp": 1758209005443, "change_id": 87026606553, "instrument_name": "ETH-19SEP25", "bids": [[4600.0, 1000.0], [4598.75, 8043.0], [4598.5, 14373.0], [4598.25, 24649.0], [4598.0, 4444.0], [4597.75, 7313.0], [4597.5, 160.0], [4596.75, 1501.0], [4596.5, 5002.0], [4596.0, 7254.0], [4595.75, 24322.0], [4595.5, 6625.0], [4594.25, 563.0], [4593.75, 571.0], [4593.5, 7651.0], [4593.25, 25502.0], [4592.75, 550.0], [4592.5, 6047.0], [4592.25, 22429.0], [4591.75, 2053.0]], "asks": [[4600.25, 14323.0], [4600.5, 92822.0], [4600.75, 6500.0], [4601.0, 6539.0], [4601.25, 10632.0], [4601.5, 30.0], [4602.0, 235.0], [4602.25, 4787.0], [4602.5, 15682.0], [4602.75, 556.0], [4603.0, 2003.0], [4603.25, 6661.0], [4603.5, 9166.0], [4603.75, 30554.0], [4604.0, 30.0], [4604.5, 205.0], [4604.75, 558.0], [4605.0, 235.0], [4605.25, 8167.0], [4605.5, 25382.0]]}}}
{"jsonrpc": "2.0", "method": "subscription", "params": {"channel": "book.ETH-19SEP25.none.20.100ms", "data": {"timestamp": 1758209005849, "change_id": 87026607082, "instrument_name": "ETH-19SEP25", "bids": [[4600.0, 1000.0], [4598.75, 8043.0], [4598.5, 38373.0], [4598.25, 649.0], [4598.0, 4444.0], [4597.75, 7313.0], [4597.5, 160.0], [4596.75, 1501.0], [4596.5, 5002.0], [4596.0, 7254.0], [4595.75, 24322.0], [4595.5, 6625.0], [4594.25, 563.0], [4593.75, 571.0], [4593.5, 7651.0], [4593.25, 25502.0], [4592.75, 550.0], [4592.5, 6047.0], [4592.25, 22429.0], [4591.75, 2053.0]], "asks": [[4600.25, 14323.0], [4600.5, 92822.0], [4600.75, 6500.0], [4601.0, 6539.0], [4601.25, 10632.0], [4601.5, 30.0], [4602.0, 235.0], [4602.25, 4787.0], [4602.5, 15682.0], [4602.75, 556.0], [4603.0, 2003.0], [4603.25, 6661.0], [4603.5, 9166.0], [4603.75, 30554.0], [4604.0, 30.0], [4604.5, 205.0], [4604.75, 558.0], [4605.0, 235.0], [4605.25, 8167.0], [4605.5, 25382.0]]}}}
{"jsonrpc": "2.0", "method": "subscription", "params": {"channel": "book.ETH-19SEP25.none.20.100ms", "data": {"timestamp": 1758209006402, "change_id": 87026607810, "instrument_name": "ETH-19SEP25", "bids": [[4600.0, 1000.0], [4598.75, 8043.0], [4598.5, 38373.0], [4598.25, 649.0], [4598.0, 4444.0], [4597.75, 7313.0], [4597.5, 160.0], [4596.75, 1501.0], [4596.5, 5002.0], [4596.0, 7254.0], [4595.75, 24322.0], [4595.5, 6625.0], [4594.25, 563.0], [4593.75, 571.0], [4593.5, 7651.0], [4593.25, 25502.0], [4592.75, 550.0], [4592.5, 6047.0], [4592.25, 22429.0], [4591.75, 2053.0]], "asks": [[4600.25, 14323.0], [4600.5, 92822.0], [4600.75, 6500.0], [4601.0, 6539.0], [4601.25, 10632.0], [4601.5, 30.0], [4602.0, 235.0], [4602.25, 4787.0], [4602.5, 21573.0], [4602.75, 25938.0], [4603.0, 2003.0], [4603.25, 6661.0], [4603.5, 9166.0], [4603.75, 30554.0], [4604.0, 30.0], [4604.5, 205.0], [4604.75, 558.0], [4605.0, 235.0], [4605.25, 552.0], [4605.75, 1857.0]]}}}
{"jsonrpc": "2.0", "method": "subscription", "params": {"channel": "book.ETH-19SEP25.none.20.100ms", "data": {"timestamp": 1758209007064, "change_id": 87026608942, "instrument_name": "ETH-19SEP25", "bids": [[4600.0, 1000.0], [4599.25, 28290.0], [4599.0, 16903.0], [4598.75, 5305.0], [4598.5, 1250.0], [4598.0, 2354.0], [4597.75, 7313.0], [4596.75, 1501.0], [4596.5, 5002.0], [4596.0, 7254.0], [4595.75, 24322.0], [4595.5, 6625.0], [4594.5, 4473.0], [4594.25, 14911.0], [4593.75, 571.0], [4593.5, 7651.0], [4593.25, 25502.0], [4592.75, 550.0], [4592.5, 2004.0], [4592.25, 7115.0]], "asks": [[4600.25, 5760.0], [4600.5, 81312.0], [4600.75, 15273.0], [4601.0, 6539.0], [4601.25, 10632.0], [4601.5, 30.0], [4602.0, 235.0], [4602.25, 4787.0], [4602.5, 21573.0], [4602.75, 25938.0], [4603.0, 2003.0], [4603.25, 6661.0], [4603.5, 9166.0], [4603.75, 30554.0], [4604.0, 30.0], [4604.5, 205.0], [4604.75, 558.0], [4605.0, 235.0], [4605.25, 552.0], [4605.75, 1857.0]]}}}
{"jsonrpc": "2.0", "method": "subscription", "params": {"channel": "book.ETH-19SEP25.none.20.100ms", "data": {"timestamp": 1758209007393, "change_id": 87026609705, "instrument_name": "ETH-19SEP25", "bids": [[4600.0, 1000.0], [4599.5, 6388.0], [4599.25, 28290.0], [4599.0, 16903.0], [4598.75, 5305.0], [4598.5, 1250.0], [4598.0, 2354.0], [4597.75, 7313.0], [4596.75, 1501.0], [4596.5, 5002.0], [4596.0, 7254.0], [4595.75, 24322.0], [4595.5, 6625.0], [4594.5, 4473.0], [4594.25, 14911.0], [4593.75, 571.0], [4593.5, 7651.0], [4593.25, 25502.0], [4592.75, 550.0], [4592.5, 2004.0]], "asks": [[4600.25, 5760.0], [4600.5, 81312.0], [4600.75, 16523.0], [4601.0, 4484.0], [4601.25, 5032.0], [4601.5, 30.0], [4602.0, 235.0], [4602.25, 4787.0], [4602.5, 21573.0], [4602.75, 25938.0], [4603.0, 2003.0], [4603.25, 6661.0], [4603.5, 9166.0], [4603.75, 30554.0], [4604.0, 30.0], [4604.5, 205.0], [4604.75, 558.0], [4605.0, 235.0], [4605.25, 552.0], [4605.75, 1857.0]]}}}
{"jsonrpc": "2.0", "method": "subscription", "params": {"channel": "book.ETH-19SEP25.none.20.100ms", "data": {"timestamp": 1758209007725, "change_id": 87026610377, "instrument_name": "ETH-19SEP25", "bids": [[4600.0, 1000.0], [4599.5, 6388.0], [4599.25, 28290.0], [4599.0, 18153.0], [4598.75, 5305.0], [4598.5, 160.0], [4598.0, 2194.0], [4597.75, 7313.0], [4596.75, 1501.0], [4596.5, 5002.0], [4596.0, 7254.0], [4595.75, 24322.0], [4595.5, 6625.0], [4594.5, 4473.0], [4594.25, 14911.0], [4593.75, 571.0], [4593.5, 7651.0], [4593.25, 25502.0], [4592.75, 550.0], [4592.5, 2004.0]], "asks": [[4600.25, 13073.0], [4600.5, 77000.0], [4600.75, 16523.0], [4601.0, 4484.0], [4601.25, 5032.0], [4601.5, 30.0], [4602.0, 235.0], [4602.25, 586.0], [4602.5, 7571.0], [4602.75, 25938.0], [4603.0, 2003.0], [4603.25, 6661.0], [4603.5, 9166.0], [4603.75, 30554.0], [4604.0, 30.0], [4604.5, 205.0], [4604.75, 4634.0], [4605.0, 235.0], [4605.25, 552.0], [4605.75, 1857.0]]}}}
{"jsonrpc": "2.0", "method": "subscription", "params": {"channel": "book.ETH-19SEP25.none.20.100ms", "data": {"timestamp": 1758209007972, "change_id": 87026610787, "instrument_name": "ETH-19SEP25", "bids": [[4600.0, 1000.0], [4599.25, 4290.0], [4599.0, 40903.0], [4598.75, 5305.0], [4598.5, 205.0], [4598.25, 8563.0], [4597.75, 160.0], [4596.75, 1501.0], [4596.5, 5002.0], [4596.0, 7254.0], [4595.75, 24322.0], [4595.5, 6625.0], [4594.5, 4473.0], [4594.25, 14911.0], [4593.75, 571.0], [4593.5, 7651.0], [4593.25, 25502.0], [4592.75, 550.0], [4592.5, 2004.0], [4592.25, 7115.0]], "asks": [[4600.25, 13073.0], [4600.5, 81687.0], [4600.75, 16523.0], [4601.0, 4484.0], [4601.25, 5032.0], [4601.5, 30.0], [4602.0, 235.0], [4602.25, 4972.0], [4602.5, 22190.0], [4602.75, 25938.0], [4603.0, 2003.0], [4603.25, 6661.0], [4603.5, 9166.0], [4603.75, 30554.0], [4604.0, 30.0], [4604.5, 205.0], [4604.75, 558.0], [4605.0, 235.0], [4605.25, 552.0], [4605.75, 1857.0]]}}}
{"jsonrpc": "2.0", "method": "subscription", "params": {"channel": "book.ETH-19SEP25.none.20.100ms", "data": {"timestamp": 1758209008338, "change_id": 87026611567, "instrument_name": "ETH-19SEP25", "bids": [[4600.0, 1000.0], [4599.5, 9388.0], [4599.25, 32885.0], [4599.0, 16903.0], [4598.75, 6555.0], [4598.5, 205.0], [4598.25, 7473.0], [4596.75, 1501.0], [4596.5, 5002.0], [4596.0, 7254.0], [4595.75, 24322.0], [4595.5, 6625.0], [4594.5, 4473.0], [4594.25, 14911.0], [4593.75, 571.0], [4593.5, 7651.0], [4593.25, 25502.0], [4592.75, 550.0], [4592.5, 2004.0], [4592.25, 7115.0]], "asks": [[4600.25, 13073.0], [4600.5, 81687.0], [4600.75, 16318.0], [4601.0, 4484.0], [4601.25, 5032.0], [4601.5, 30.0], [4602.0, 235.0], [4602.25, 4972.0], [4602.5, 22190.0], [4602.75, 25938.0], [4603.0, 2003.0], [4603.25, 6661.0], [4603.5, 9166.0], [4603.75, 30554.0], [4604.0, 30.0], [4604.5, 205.0], [4604.75, 558.0], [4605.0, 235.0], [4605.25, 552.0], [4605.75, 1857.0]]}}}
{"jsonrpc": "2.0", "method": "subscription", "params": {"channel": "book.ETH-19SEP25.none.20.100ms", "data": {"timestamp": 1758209008395, "change_id": 87026611586, "instrument_name": "ETH-19SEP25", "bids": [[4600.0, 1000.0], [4599.5, 9388.0], [4599.25, 28085.0], [4599.0, 16903.0], [4598.75, 6555.0], [4598.5, 205.0], [4598.25, 7473.0], [4596.75, 1501.0], [4596.5, 5002.0], [4596.0, 7254.0], [4595.75, 24322.0], [4595.5, 6625.0], [4594.5, 4473.0], [4594.25, 14911.0], [4593.75, 571.0], [4593.5, 7651.0], [4593.25, 25502.0], [4592.75, 550.0], [4592.5, 2004.0], [4592.25, 7115.0]], "asks": [[4600.25, 13073.0], [4600.5, 81687.0], [4600.75, 16318.0], [4601.0, 4484.0], [4601.25, 5032.0], [4601.5, 30.0], [4602.0, 235.0], [4602.25, 4972.0], [4602.5, 22190.0], [4602.75, 25938.0], [4603.0, 2003.0], [4603.25, 6661.0], [4603.5, 9166.0], [4603.75, 30554.0], [4604.0, 30.0], [4604.5, 205.0], [4604.75, 558.0], [4605.0, 235.0], [4605.25, 552.0], [4605.75, 1857.0]]}}}
{"jsonrpc": "2.0", "method": "subscription", "params": {"channel": "book.ETH-19SEP25.none.20.100ms", "data": {"timestamp": 1758209009615, "change_id": 87026613204, "instrument_name": "ETH-19SEP25", "bids": [[4600.0, 1000.0], [4599.5, 29600.0], [4599.25, 4085.0], [4599.0, 16903.0], [4598.75, 6555.0], [4598.5, 2216.0], [4598.25, 7473.0], [4596.75, 1501.0], [4596.5, 5002.0], [4596.0, 7254.0], [4595.75, 24322.0], [4595.5, 6625.0], [4594.5, 4473.0], [4594.25, 14911.0], [4594.0, 7655.0], [4593.75, 25518.0], [4593.5, 205.0], [4593.25, 555.0], [4592.75, 550.0], [4592.5, 2004.0]], "asks": [[4600.25, 13073.0], [4600.5, 57687.0], [4600.75, 23636.0], [4601.0, 28484.0], [4601.25, 5032.0], [4601.5, 30.0], [4602.0, 235.0], [4602.25, 4972.0], [4602.5, 22190.0], [4602.75, 25938.0], [4603.0, 2003.0], [4603.25, 6661.0], [4603.5, 9166.0], [4603.75, 30554.0], [4604.0, 30.0], [4604.5, 205.0], [4604.75, 558.0], [4605.0, 235.0], [4605.25, 552.0], [4605.75, 1857.0]]}}}
{"jsonrpc": "2.0", "method": "subscription", "params": {"channel": "book.ETH-19SEP25.none.20.100ms", "data": {"timestamp": 1758209010035, "change_id": 87026613581, "instrument_name": "ETH-19SEP25", "bids": [[4600.0, 1000.0], [4599.5, 29600.0], [4599.25, 4085.0], [4599.0, 16903.0], [4598.75, 6555.0], [4598.5, 2216.0], [4598.25, 7473.0], [4596.75, 1501.0], [4596.5, 5002.0], [4596.0, 7254.0], [4595.75, 24322.0], [4595.5, 6625.0], [4594.5, 4473.0], [4594.25, 14911.0], [4594.0, 7655.0], [4593.75, 25518.0], [4593.5, 205.0], [4593.25, 555.0], [4592.75, 550.0], [4592.5, 2004.0]], "asks": [[4600.25, 5760.0], [4600.5, 57687.0], [4600.75, 23636.0], [4601.0, 28484.0], [4601.25, 5032.0], [4601.5, 30.0], [4602.0, 235.0], [4602.25, 4972.0], [4602.5, 22190.0], [4602.75, 25938.0], [4603.0, 2003.0], [4603.25, 6661.0], [4603.5, 9166.0], [4603.75, 30554.0], [4604.0, 30.0], [4604.5, 205.0], [4604.75, 558.0], [4605.0, 235.0], [4605.25, 552.0], [4605.75, 1857.0]]}}}
{"jsonrpc": "2.0", "method": "subscription", "params": {"channel": "book.ETH-19SEP25.none.20.100ms", "data": {"timestamp": 1758209010141, "change_id": 87026613744, "instrument_name": "ETH-19SEP25", "bids": [[4600.0, 1000.0], [4599.5, 31280.0], [4599.25, 9685.0], [4599.0, 16903.0], [4598.75, 6555.0], [4598.5, 2216.0], [4598.25, 7473.0], [4596.75, 1501.0], [4596.5, 5002.0], [4596.0, 7254.0], [4595.75, 24322.0], [4595.5, 6625.0], [4594.5, 4473.0], [4594.25, 14911.0], [4594.0, 7655.0], [4593.75, 25518.0], [4593.5, 205.0], [4593.25, 555.0], [4592.75, 550.0], [4592.5, 2004.0]], "asks": [[4600.25, 13073.0], [4600.5, 57687.0], [4600.75, 23636.0], [4601.0, 28484.0], [4601.25, 5032.0], [4601.5, 30.0], [4602.0, 235.0], [4602.25, 4972.0], [4602.5, 22190.0], [4602.75, 25938.0], [4603.0, 2003.0], [4603.25, 6661.0], [4603.5, 9166.0], [4603.75, 30554.0], [4604.0, 30.0], [4604.5, 205.0], [4604.75, 558.0], [4605.0, 235.0], [4605.25, 552.0], [4605.75, 1857.0]]}}}
{"jsonrpc": "2.0", "method": "subscription", "params": {"channel": "book.ETH-19SEP25.none.20.100ms", "data": {"timestamp": 1758209010702, "change_id": 87026614925, "instrument_name": "ETH-19SEP25", "bids": [[4600.0, 1000.0], [4599.75, 29785.0], [4599.5, 21653.0], [4599.25, 5805.0], [4599.0, 2530.0], [4598.75, 6555.0], [4598.5, 2216.0], [4598.25, 7473.0], [4596.75, 1501.0], [4596.5, 5561.0], [4596.0, 7254.0], [4595.75, 24322.0], [4595.5, 6625.0], [4594.5, 4473.0], [4594.25, 14911.0], [4594.0, 7655.0], [4593.75, 25518.0], [4593.5, 205.0], [4592.75, 550.0], [4592.5, 2004.0]], "asks": [[4600.25, 160.0], [4600.5, 3000.0], [4601.0, 25897.0], [4601.25, 29237.0], [4601.5, 1280.0], [4602.0, 235.0], [4602.25, 586.0], [4602.5, 7571.0], [4602.75, 25938.0], [4603.0, 2003.0], [4603.25, 6661.0], [4603.5, 9166.0], [4603.75, 30554.0], [4604.0, 30.0], [4604.5, 4356.0], [4604.75, 14606.0], [4605.0, 235.0], [4605.25, 552.0], [4605.75, 1857.0], [4606.0, 5032.0]]}}}
{"jsonrpc": "2.0", "method": "subscription", "params": {"channel": "book.ETH-19SEP25.none.20.100ms", "data": {"timestamp": 1758209010963, "change_id": 87026615198, "instrument_name": "ETH-19SEP25", "bids": [[4600.0, 1000.0], [4599.75, 29785.0], [4599.5, 21653.0], [4599.25, 7055.0], [4599.0, 2530.0], [4598.75, 5465.0], [4598.5, 2216.0], [4598.25, 7313.0], [4596.75, 1501.0], [4596.5, 5561.0], [4596.0, 7254.0], [4595.75, 24322.0], [4595.5, 6625.0], [4594.5, 4473.0], [4594.25, 14911.0], [4594.0, 7655.0], [4593.75, 25518.0], [4592.75, 550.0], [4592.5, 2004.0], [4592.25, 7115.0]], "asks": [[4600.25, 7473.0], [4600.5, 3000.0], [4601.0, 31235.0], [4601.25, 19610.0], [4601.5, 1280.0], [4602.0, 235.0], [4602.25, 4827.0], [4602.5, 21709.0], [4602.75, 25938.0], [4603.0, 2003.0], [4603.25, 6661.0], [4603.5, 9166.0], [4603.75, 30554.0], [4604.0, 30.0], [4604.5, 205.0], [4604.75, 558.0], [4605.0, 235.0], [4605.25, 552.0], [4605.75, 1857.0], [4606.0, 5032.0]]}}}
{"jsonrpc": "2.0", "method": "subscription", "params": {"channel": "book.ETH-19SEP25.none.20.100ms", "data": {"timestamp": 1758209011132, "change_id": 87026615235, "instrument_name": "ETH-19SEP25", "bids": [[4600.0, 6600.0], [4599.75, 29785.0], [4599.5, 21653.0], [4599.25, 33190.0], [4599.0, 1000.0], [4598.75, 160.0], [4598.5, 2216.0], [4598.25, 7313.0], [4596.75, 1501.0], [4596.5, 5561.0], [4596.0, 7254.0], [4595.75, 24322.0], [4595.5, 6625.0], [4594.5, 4473.0], [4594.25, 14911.0], [4594.0, 7655.0], [4593.75, 25518.0], [4592.75, 550.0], [4592.5, 2004.0], [4592.25, 7115.0]], "asks": [[4600.25, 7473.0], [4600.5, 3000.0], [4600.75, 5600.0], [4601.0, 31235.0], [4601.25, 19610.0], [4601.5, 1280.0], [4602.0, 235.0], [4602.25, 4827.0], [4602.5, 21709.0], [4602.75, 25938.0], [4603.0, 2003.0], [4603.25, 6661.0], [4603.5, 9166.0], [4603.75, 30554.0], [4604.0, 30.0], [4604.5, 205.0], [4604.75, 558.0], [4605.0, 235.0], [4605.25, 552.0], [4605.75, 1857.0]]}}}
{"jsonrpc": "2.0", "method": "subscription", "params": {"channel": "book.ETH-19SEP25.none.20.100ms", "data": {"timestamp": 1758209011510, "change_id": 87026615938, "instrument_name": "ETH-19SEP25", "bids": [[4600.0, 1000.0], [4599.75, 29785.0], [4599.5, 21653.0], [4599.25, 33190.0], [4599.0, 1000.0], [4598.75, 160.0], [4598.5, 2216.0], [4598.25, 7313.0], [4596.75, 1501.0], [4596.5, 5561.0], [4596.0, 7254.0], [4595.75, 24322.0], [4595.5, 6625.0], [4594.5, 4473.0], [4594.25, 14911.0], [4594.0, 7655.0], [4593.75, 25518.0], [4592.75, 550.0], [4592.5, 1662.0], [4592.25, 7115.0]], "asks": [[4600.25, 7473.0], [4600.5, 3000.0], [4600.75, 5600.0], [4601.0, 32485.0], [4601.25, 19405.0], [4601.5, 30.0], [4602.0, 235.0], [4602.25, 4827.0], [4602.5, 21709.0], [4602.75, 25938.0], [4603.0, 2003.0], [4603.25, 6661.0], [4603.5, 9166.0], [4603.75, 30554.0], [4604.0, 30.0], [4604.5, 205.0], [4604.75, 558.0], [4605.0, 235.0], [4605.25, 552.0], [4605.75, 1857.0]]}}}
{"jsonrpc": "2.0", "method": "subscription", "params": {"channel": "book.ETH-19SEP25.none.20.100ms", "data": {"timestamp": 1758209012024, "change_id": 87026616364, "instrument_name": "ETH-19SEP25", "bids": [[4600.0, 1000.0], [4599.75, 4105.0], [4599.5, 16053.0], [4599.25, 57190.0], [4599.0, 1000.0], [4598.75, 160.0], [4598.5, 2216.0], [4598.25, 7313.0], [4596.75, 1501.0], [4596.5, 5561.0], [4596.0, 7254.0], [4595.75, 24322.0], [4595.5, 6625.0], [4594.5, 4473.0], [4594.25, 14911.0], [4594.0, 7655.0], [4593.75, 25518.0], [4592.75, 550.0], [4592.5, 1662.0], [4592.25, 7115.0]], "asks": [[4600.25, 7473.0], [4600.5, 3000.0], [4600.75, 6849.0], [4601.0, 8485.0], [4601.25, 19405.0], [4601.5, 30.0], [4602.0, 235.0], [4602.25, 4827.0], [4602.5, 21709.0], [4602.75, 25938.0], [4603.0, 2003.0], [4603.25, 6661.0], [4603.5, 9166.0], [4603.75, 30554.0], [4604.0, 30.0], [4604.5, 205.0], [4604.75, 558.0], [4605.0, 235.0], [4605.25, 552.0], [4605.75, 1857.0]]}}}
{"jsonrpc": "2.0", "method": "subscription", "params": {"channel": "book.ETH-19SEP25.none.20.100ms", "data": {"timestamp": 1758209012223, "change_id": 87026616823, "instrument_name": "ETH-19SEP25", "bids": [[4600.0, 1000.0], [4599.75, 4105.0], [4599.5, 40053.0], [4599.25, 33190.0], [4599.0, 1000.0], [4598.75, 160.0], [4598.5, 2216.0], [4598.25, 7313.0], [4596.75, 1501.0], [4596.5, 5561.0], [4596.0, 7254.0], [4595.75, 24322.0], [4595.5, 6625.0], [4594.5, 4473.0], [4594.25, 14911.0], [4594.0, 7655.0], [4593.75, 25518.0], [4592.75, 550.0], [4592.5, 1662.0], [4592.25, 7115.0]], "asks": [[4600.25, 13073.0], [4600.5, 3000.0], [4600.75, 30849.0], [4601.0, 8485.0], [4601.25, 19405.0], [4601.5, 30.0], [4602.0, 235.0], [4602.25, 4827.0], [4602.5, 21709.0], [4602.75, 25938.0], [4603.0, 2003.0], [4603.25, 6661.0], [4603.5, 9166.0], [4603.75, 30554.0], [4604.0, 30.0], [4604.5, 205.0], [4604.75, 558.0], [4605.0, 235.0], [4605.25, 552.0], [4605.75, 1857.0]]}}}
{"jsonrpc": "2.0", "method": "subscription", "params": {"channel": "book.ETH-19SEP25.none.20.100ms", "data": {"timestamp": 1758209012879, "change_id": 87026617541, "instrument_name": "ETH-19SEP25", "bids": [[4600.0, 1000.0], [4599.75, 4105.0], [4599.5, 40053.0], [4599.25, 33190.0], [4599.0, 1000.0], [4598.75, 160.0], [4598.5, 2216.0], [4598.25, 7313.0], [4596.75, 1501.0], [4596.5, 5561.0], [4596.0, 7254.0], [4595.75, 24322.0], [4595.5, 6625.0], [4594.5, 4473.0], [4594.25, 14911.0], [4594.0, 7655.0], [4593.75, 25518.0], [4592.75, 550.0], [4592.5, 1662.0], [4592.25, 7115.0]], "asks": [[4600.25, 13073.0], [4600.5, 3000.0], [4600.75, 30849.0], [4601.0, 8485.0], [4601.25, 19405.0], [4601.5, 30.0], [4602.0, 235.0], [4602.25, 4827.0], [4602.5, 21709.0], [4602.75, 25938.0], [4603.0, 2003.0], [4603.25, 6661.0], [4603.5, 9166.0], [4603.75, 30554.0], [4604.0, 30.0], [4604.5, 205.0], [4604.75, 558.0], [4605.0, 235.0], [4605.25, 552.0], [4605.75, 1857.0]]}}}
{"jsonrpc": "2.0", "method": "subscription", "params": {"channel": "book.ETH-19SEP25.none.20.100ms", "data": {"timestamp": 1758209013962, "change_id": 87026618615, "instrument_name": "ETH-19SEP25", "bids": [[4600.0, 1000.0], [4599.75, 4105.0], [4599.5, 40053.0], [4599.25, 33190.0], [4599.0, 1000.0], [4598.75, 160.0], [4598.5, 2011.0], [4598.25, 7313.0], [4596.75, 1501.0], [4596.5, 5561.0], [4596.0, 7254.0], [4595.75, 24322.0], [4595.5, 6625.0], [4594.5, 4473.0], [4594.25, 14911.0], [4594.0, 7655.0], [4593.75, 25518.0], [4592.75, 550.0], [4592.5, 1662.0], [4592.25, 7115.0]], "asks": [[4600.25, 13073.0], [4600.5, 3000.0], [4600.75, 30849.0], [4601.0, 8485.0], [4601.25, 19405.0], [4601.5, 30.0], [4602.0, 235.0], [4602.25, 4827.0], [4602.5, 21709.0], [4602.75, 25938.0], [4603.0, 2003.0], [4603.25, 6661.0], [4603.5, 9166.0], [4603.75, 30554.0], [4604.0, 30.0], [4604.5, 205.0], [4604.75, 558.0], [4605.0, 235.0], [4605.25, 552.0], [4605.75, 1857.0]]}}}
{"jsonrpc": "2.0", "method": "subscription", "params": {"channel": "book.ETH-19SEP25.none.20.100ms", "data": {"timestamp": 1758209014636, "change_id": 87026619715, "instrument_name": "ETH-19SEP25", "bids": [[4600.0, 1000.0], [4599.75, 4105.0], [4599.5, 45498.0], [4599.25, 33190.0], [4599.0, 1000.0], [4598.75, 160.0], [4598.5, 2011.0], [4598.25, 7313.0], [4596.75, 1501.0], [4596.5, 5561.0], [4596.0, 7254.0], [4595.75, 24322.0], [4595.5, 6625.0], [4594.5, 4473.0], [4594.25, 14911.0], [4594.0, 7655.0], [4593.75, 25518.0], [4592.75, 550.0], [4592.5, 1662.0], [4592.25, 7115.0]], "asks": [[4600.25, 7473.0], [4600.5, 3000.0], [4600.75, 29600.0], [4601.0, 8485.0], [4601.25, 19405.0], [4601.5, 30.0], [4602.0, 235.0], [4602.25, 586.0], [4602.5, 7571.0], [4602.75, 25938.0], [4603.0, 2003.0], [4603.25, 6661.0], [4603.5, 9166.0], [4603.75, 30554.0], [4604.0, 4285.0], [4604.25, 14183.0], [4604.5, 205.0], [4604.75, 558.0], [4605.0, 235.0], [4605.25, 552.0]]}}}
{"jsonrpc": "2.0", "method": "subscription", "params": {"channel": "book.ETH-19SEP25.none.20.100ms", "data": {"timestamp": 1758209014929, "change_id": 87026619968, "instrument_name": "ETH-19SEP25", "bids": [[4600.0, 1000.0], [4599.75, 4105.0], [4599.5, 45498.0], [4599.25, 33190.0], [4599.0, 1000.0], [4598.75, 160.0], [4598.5, 2011.0], [4598.25, 7313.0], [4596.75, 1501.0], [4596.5, 5561.0], [4596.0, 7254.0], [4595.75, 24322.0], [4595.5, 6625.0], [4594.5, 4473.0], [4594.25, 14911.0], [4594.0, 7655.0], [4593.75, 25518.0], [4592.75, 550.0], [4592.5, 1662.0], [4592.25, 7115.0]], "asks": [[4600.25, 160.0], [4600.5, 3000.0], [4600.75, 29600.0], [4601.0, 8485.0], [4601.25, 19405.0], [4601.5, 30.0], [4602.0, 235.0], [4602.25, 586.0], [4602.5, 7571.0], [4602.75, 25938.0], [4603.0, 2003.0], [4603.25, 6661.0], [4603.5, 9166.0], [4603.75, 30554.0], [4604.0, 4285.0], [4604.25, 14183.0], [4604.5, 205.0], [4604.75, 558.0], [4605.0, 235.0], [4605.25, 552.0]]}}}
{"jsonrpc": "2.0", "method": "subscription", "params": {"channel": "book.ETH-19SEP25.none.20.100ms", "data": {"timestamp": 1758209015311, "change_id": 87026620768, "instrument_name": "ETH-19SEP25", "bids": [[4600.0, 19673.0], [4599.75, 28105.0], [4599.5, 7125.0], [4599.25, 33190.0], [4599.0, 1000.0], [4598.75, 160.0], [4598.5, 2011.0], [4598.25, 7313.0], [4596.75, 1501.0], [4596.5, 5561.0], [4596.0, 7254.0], [4595.75, 24322.0], [4595.5, 6625.0], [4594.5, 4473.0], [4594.25, 14911.0], [4594.0, 7655.0], [4593.75, 25518.0], [4592.75, 550.0], [4592.5, 1662.0], [4592.25, 7115.0]], "asks": [[4600.25, 160.0], [4600.5, 3000.0], [4600.75, 5600.0], [4601.0, 11123.0], [4601.25, 43405.0], [4601.5, 235.0], [4601.75, 1250.0], [4602.0, 235.0], [4602.25, 586.0], [4602.5, 7571.0], [4602.75, 25938.0], [4603.0, 2003.0], [4603.25, 6661.0], [4603.5, 9166.0], [4603.75, 30554.0], [4604.0, 4285.0], [4604.25, 14183.0], [4604.5, 205.0], [4604.75, 558.0], [4605.0, 235.0]]}}}
{"jsonrpc": "2.0", "method": "subscription", "params": {"channel": "book.ETH-19SEP25.none.20.100ms", "data": {"timestamp": 1758209015585, "change_id": 87026621209, "instrument_name": "ETH-19SEP25", "bids": [[4600.0, 19673.0], [4599.75, 28105.0], [4599.5, 7125.0], [4599.25, 33190.0], [4599.0, 3242.0], [4598.75, 7472.0], [4596.75, 1501.0], [4596.5, 5561.0], [4596.0, 7254.0], [4595.75, 24322.0], [4595.5, 6625.0], [4594.75, 7484.0], [4594.5, 29420.0], [4594.25, 14911.0], [4594.0, 205.0], [4593.75, 571.0], [4592.75, 550.0], [4592.5, 1662.0], [4592.25, 7115.0], [4591.75, 2053.0]], "asks": [[4600.25, 7472.0], [4600.5, 3000.0], [4600.75, 5600.0], [4601.0, 11874.0], [4601.25, 44655.0], [4601.5, 30.0], [4602.0, 235.0], [4602.25, 586.0], [4602.5, 7571.0], [4602.75, 25938.0], [4603.0, 2003.0], [4603.25, 6661.0], [4603.5, 9166.0], [4603.75, 30554.0], [4604.0, 4285.0], [4604.25, 14183.0], [4604.5, 205.0], [4604.75, 558.0], [4605.0, 235.0], [4605.25, 552.0]]}}}
{"jsonrpc": "2.0", "method": "subscription", "params": {"channel": "book.ETH-19SEP25.none.20.100ms", "data": {"timestamp": 1758209015952, "change_id": 87026621541, "instrument_name": "ETH-19SEP25", "bids": [[4600.0, 19673.0], [4599.75, 28105.0], [4599.5, 7125.0], [4599.25, 33190.0], [4599.0, 3242.0], [4598.75, 7472.0], [4596.75, 1501.0], [4596.5, 5561.0], [4596.0, 7254.0], [4595.75, 24322.0], [4595.5, 6625.0], [4594.75, 7484.0], [4594.5, 29420.0], [4594.25, 14911.0], [4594.0, 205.0], [4593.75, 571.0], [4592.75, 550.0], [4592.5, 1662.0], [4592.25, 7115.0], [4591.75, 2053.0]], "asks": [[4600.25, 7472.0], [4600.5, 3000.0], [4600.75, 5600.0], [4601.0, 3000.0], [4601.25, 44655.0], [4601.5, 30.0], [4602.0, 235.0], [4602.25, 586.0], [4602.5, 7571.0], [4602.75, 25938.0], [4603.0, 2003.0], [4603.25, 6661.0], [4603.5, 9166.0], [4603.75, 30554.0], [4604.0, 4285.0], [4604.25, 14183.0], [4604.5, 205.0], [4604.75, 558.0], [4605.0, 235.0], [4605.25, 552.0]]}}}
{"jsonrpc": "2.0", "method": "subscription", "params": {"channel": "book.ETH-19SEP25.none.20.100ms", "data": {"timestamp": 1758209016068, "change_id": 87026621579, "instrument_name": "ETH-19SEP25", "bids": [[4600.0, 19673.0], [4599.75, 28105.0], [4599.5, 7125.0], [4599.25, 33190.0], [4599.0, 3242.0], [4598.75, 7472.0], [4596.75, 1501.0], [4596.5, 5561.0], [4596.0, 7254.0], [4595.75, 24322.0], [4595.5, 6625.0], [4594.75, 7484.0], [4594.5, 29420.0], [4594.25, 14911.0], [4594.0, 205.0], [4593.75, 571.0], [4592.75, 550.0], [4592.5, 1662.0], [4592.25, 7115.0], [4591.75, 2053.0]], "asks": [[4600.25, 7472.0], [4600.5, 3000.0], [4600.75, 5600.0], [4601.0, 8600.0], [4601.25, 44655.0], [4601.5, 30.0], [4602.0, 235.0], [4602.25, 586.0], [4602.5, 7571.0], [4602.75, 25938.0], [4603.0, 2003.0], [4603.25, 6661.0], [4603.5, 9166.0], [4603.75, 30554.0], [4604.0, 4285.0], [4604.25, 14183.0], [4604.5, 205.0], [4604.75, 558.0], [4605.0, 235.0], [4605.25, 552.0]]}}}
{"jsonrpc": "2.0", "method": "subscription", "params": {"channel": "book.ETH-19SEP25.none.20.100ms", "data": {"timestamp": 1758209017300, "change_id": 87026623139, "instrument_name": "ETH-19SEP25", "bids": [[4600.0, 19673.0], [4599.75, 28105.0], [4599.5, 7125.0], [4599.25, 33190.0], [4599.0, 3242.0], [4598.75, 7472.0], [4596.75, 1501.0], [4596.5, 5561.0], [4596.0, 7254.0], [4595.75, 24322.0], [4595.5, 6625.0], [4594.75, 7484.0], [4594.5, 29420.0], [4594.25, 14911.0], [4594.0, 205.0], [4593.75, 571.0], [4592.75, 550.0], [4592.5, 1662.0], [4592.25, 7115.0], [4591.75, 2053.0]], "asks": [[4600.25, 7312.0], [4600.5, 3000.0], [4600.75, 5600.0], [4601.0, 8760.0], [4601.25, 44655.0], [4601.5, 30.0], [4602.0, 235.0], [4602.25, 586.0], [4602.5, 7571.0], [4602.75, 25938.0], [4603.0, 2003.0], [4603.25, 6661.0], [4603.5, 9166.0], [4603.75, 30554.0], [4604.0, 4285.0], [4604.25, 14183.0], [4604.5, 205.0], [4604.75, 558.0], [4605.0, 235.0], [4605.25, 552.0]]}}}
{"jsonrpc": "2.0", "method": "subscription", "params": {"channel": "book.ETH-19SEP25.none.20.100ms", "data": {"timestamp": 1758209017401, "change_id": 87026623231, "instrument_name": "ETH-19SEP25", "bids": [[4600.0, 15373.0], [4599.75, 28105.0], [4599.5, 7125.0], [4599.25, 33190.0], [4599.0, 3242.0], [4598.75, 7472.0], [4596.75, 1501.0], [4596.5, 5561.0], [4596.0, 7254.0], [4595.75, 24322.0], [4595.5, 6625.0], [4594.75, 7484.0], [4594.5, 29420.0], [4594.25, 14911.0], [4594.0, 205.0], [4593.75, 571.0], [4592.75, 550.0], [4592.5, 1662.0], [4592.25, 7115.0], [4591.75, 2053.0]], "asks": [[4600.25, 7312.0], [4600.5, 3000.0], [4600.75, 5600.0], [4601.0, 32760.0], [4601.25, 20655.0], [4601.5, 30.0], [4602.0, 235.0], [4602.25, 586.0], [4602.5, 7571.0], [4602.75, 25938.0], [4603.0, 2003.0], [4603.25, 6661.0], [4603.5, 9166.0], [4603.75, 30554.0], [4604.0, 4285.0], [4604.25, 14183.0], [4604.5, 205.0], [4604.75, 558.0], [4605.0, 235.0], [4605.25, 552.0]]}}}
{"jsonrpc": "2.0", "method": "subscription", "params": {"channel": "book.ETH-19SEP25.none.20.100ms", "data": {"timestamp": 1758209017679, "change_id": 87026623689, "instrument_name": "ETH-19SEP25", "bids": [[4600.0, 15373.0], [4599.75, 28105.0], [4599.5, 7125.0], [4599.25, 33190.0], [4599.0, 3242.0], [4598.75, 7472.0], [4596.75, 1501.0], [4596.5, 5561.0], [4596.0, 7254.0], [4595.75, 24322.0], [4595.5, 6625.0], [4594.75, 7484.0], [4594.5, 29420.0], [4594.25, 14911.0], [4594.0, 205.0], [4593.75, 571.0], [4592.75, 550.0], [4592.5, 1662.0], [4592.25, 7115.0], [4591.75, 2053.0]], "asks": [[4600.25, 7312.0], [4600.5, 3000.0], [4600.75, 5600.0], [4601.0, 32760.0], [4601.25, 20655.0], [4601.5, 30.0], [4602.0, 235.0], [4602.25, 586.0], [4602.5, 7571.0], [4602.75, 25938.0], [4603.0, 235.0], [4603.25, 586.0], [4603.5, 9166.0], [4603.75, 36629.0], [4604.0, 4285.0], [4604.25, 14183.0], [4604.5, 205.0], [4604.75, 558.0], [4605.0, 235.0], [4605.25, 552.0]]}}}
{"jsonrpc": "2.0", "method": "subscription", "params": {"channel": "book.ETH-19SEP25.none.20.100ms", "data": {"timestamp": 1758209018188, "change_id": 87026624176, "instrument_name": "ETH-19SEP25", "bids": [[4600.0, 1000.0], [4599.75, 42478.0], [4599.5, 7125.0], [4599.25, 33190.0], [4599.0, 3242.0], [4598.75, 7472.0], [4596.75, 1501.0], [4596.5, 5561.0], [4596.0, 7254.0], [4595.75, 24322.0], [4595.5, 6625.0], [4594.75, 7484.0], [4594.5, 29420.0], [4594.25, 14911.0], [4594.0, 205.0], [4593.75, 571.0], [4592.75, 550.0], [4592.5, 1662.0], [4592.25, 7115.0], [4591.75, 2053.0]], "asks": [[4600.25, 12912.0], [4600.5, 3160.0], [4600.75, 5600.0], [4601.0, 38797.0], [4601.25, 20655.0], [4601.5, 30.0], [4602.0, 235.0], [4602.25, 586.0], [4602.5, 7571.0], [4602.75, 25938.0], [4603.0, 235.0], [4603.25, 586.0], [4603.5, 9166.0], [4603.75, 36629.0], [4604.0, 4285.0], [4604.25, 14183.0], [4604.5, 205.0], [4604.75, 558.0], [4605.0, 235.0], [4605.25, 552.0]]}}}
{"jsonrpc": "2.0", "method": "subscription", "params": {"channel": "book.ETH-19SEP25.none.20.100ms", "data": {"timestamp": 1758209018934, "change_id": 87026624993, "instrument_name": "ETH-19SEP25", "bids": [[4600.0, 1000.0], [4599.75, 42478.0], [4599.5, 7125.0], [4599.25, 33190.0], [4599.0, 3242.0], [4598.75, 7472.0], [4596.75, 1501.0], [4596.5, 5561.0], [4596.0, 7254.0], [4595.75, 24322.0], [4595.5, 6625.0], [4594.75, 7484.0], [4594.5, 29420.0], [4594.25, 14911.0], [4594.0, 205.0], [4593.75, 571.0], [4592.75, 550.0], [4592.5, 1662.0], [4592.25, 7115.0], [4591.75, 2053.0]], "asks": [[4600.25, 7312.0], [4600.5, 3160.0], [4600.75, 5600.0], [4601.0, 38797.0], [4601.25, 20655.0], [4601.5, 30.0], [4602.0, 235.0], [4602.25, 586.0], [4602.5, 7571.0], [4602.75, 25938.0], [4603.0, 235.0], [4603.25, 586.0], [4603.5, 9166.0], [4603.75, 36629.0], [4604.0, 4285.0], [4604.25, 14183.0], [4604.5, 205.0], [4604.75, 558.0], [4605.0, 235.0], [4605.25, 552.0]]}}}
{"jsonrpc": "2.0", "method": "subscription", "params": {"channel": "book.ETH-19SEP25.none.20.100ms", "data": {"timestamp": 1758209019035, "change_id": 87026625006, "instrument_name": "ETH-19SEP25", "bids": [[4600.0, 6600.0], [4599.75, 42478.0], [4599.5, 7125.0], [4599.25, 33190.0], [4599.0, 3242.0], [4598.75, 7472.0], [4596.75, 1501.0], [4596.5, 5561.0], [4596.0, 7254.0], [4595.75, 24322.0], [4595.5, 6625.0], [4594.75, 7484.0], [4594.5, 29420.0], [4594.25, 14911.0], [4594.0, 205.0], [4593.75, 571.0], [4592.75, 550.0], [4592.5, 1662.0], [4592.25, 7115.0], [4591.75, 2053.0]], "asks": [[4600.25, 7312.0], [4600.5, 3160.0], [4600.75, 5600.0], [4601.0, 38797.0], [4601.25, 20655.0], [4601.5, 30.0], [4602.0, 235.0], [4602.25, 586.0], [4602.5, 7571.0], [4602.75, 25938.0], [4603.0, 235.0], [4603.25, 586.0], [4603.5, 9166.0], [4603.75, 36629.0], [4604.0, 4285.0], [4604.25, 14183.0], [4604.5, 205.0], [4604.75, 558.0], [4605.0, 235.0], [4605.25, 552.0]]}}}
{"jsonrpc": "2.0", "method": "subscription", "params": {"channel": "book.ETH-19SEP25.none.20.100ms", "data": {"timestamp": 1758209019617, "change_id": 87026626009, "instrument_name": "ETH-19SEP25", "bids": [[4600.0, 6600.0], [4599.75, 42478.0], [4599.5, 7125.0], [4599.25, 33190.0], [4599.0, 3242.0], [4598.75, 7472.0], [4596.75, 1501.0], [4596.5, 5561.0], [4596.0, 7254.0], [4595.75, 24322.0], [4595.5, 6625.0], [4594.75, 7484.0], [4594.5, 29420.0], [4594.25, 14911.0], [4594.0, 205.0], [4593.75, 571.0], [4592.75, 550.0], [4592.5, 1662.0], [4592.25, 7115.0], [4591.75, 2053.0]], "asks": [[4600.25, 7312.0], [4600.5, 3160.0], [4600.75, 5600.0], [4601.0, 32600.0], [4601.25, 20655.0], [4601.5, 30.0], [4602.0, 30.0], [4602.25, 30.0], [4602.5, 7571.0], [4602.75, 25382.0], [4603.0, 235.0], [4603.25, 586.0], [4603.5, 9166.0], [4603.75, 36629.0], [4604.0, 4285.0], [4604.25, 14183.0], [4604.5, 205.0], [4604.75, 558.0], [4605.0, 235.0], [4605.25, 552.0]]}}}
{"jsonrpc": "2.0", "method": "subscription", "params": {"channel": "book.ETH-19SEP25.none.20.100ms", "data": {"timestamp": 1758209019921, "change_id": 87026626448, "instrument_name": "ETH-19SEP25", "bids": [[4600.0, 1000.0], [4599.75, 16027.0], [4599.5, 12972.0], [4599.25, 55940.0], [4599.0, 1000.0], [4598.75, 7472.0], [4598.5, 1250.0], [4596.75, 1501.0], [4596.5, 5561.0], [4596.0, 7254.0], [4595.75, 24322.0], [4595.5, 6625.0], [4594.75, 7484.0], [4594.5, 29420.0], [4594.25, 14911.0], [4594.0, 205.0], [4593.75, 571.0], [4592.75, 550.0], [4592.5, 1662.0], [4592.25, 7115.0]], "asks": [[4600.25, 10312.0], [4600.5, 3160.0], [4600.75, 32154.0], [4601.0, 14797.0], [4601.25, 20655.0], [4601.5, 30.0], [4602.0, 30.0], [4602.25, 30.0], [4602.5, 7571.0], [4602.75, 25382.0], [4603.0, 235.0], [4603.25, 586.0], [4603.5, 9166.0], [4603.75, 36629.0], [4604.0, 4285.0], [4604.25, 14183.0], [4604.5, 205.0], [4604.75, 558.0], [4605.0, 235.0], [4605.25, 552.0]]}}}
{"jsonrpc": "2.0", "method": "subscription", "params": {"channel": "book.ETH-19SEP25.none.20.100ms", "data": {"timestamp": 1758209020154, "change_id": 87026626637, "instrument_name": "ETH-19SEP25", "bids": [[4600.0, 1000.0], [4599.75, 16027.0], [4599.5, 12972.0], [4599.25, 55940.0], [4599.0, 2250.0], [4598.75, 7472.0], [4596.75, 1501.0], [4596.5, 5561.0], [4596.0, 7254.0], [4595.75, 24322.0], [4595.5, 6625.0], [4594.75, 7484.0], [4594.5, 29420.0], [4594.25, 14911.0], [4594.0, 205.0], [4593.75, 571.0], [4592.75, 550.0], [4592.5, 1662.0], [4592.25, 7115.0], [4591.75, 2053.0]], "asks": [[4600.25, 15912.0], [4600.5, 3160.0], [4600.75, 32154.0], [4601.0, 14797.0], [4601.25, 20655.0], [4601.5, 30.0], [4602.0, 30.0], [4602.25, 30.0], [4602.5, 7571.0], [4602.75, 25382.0], [4603.0, 235.0], [4603.25, 586.0], [4603.5, 9166.0], [4603.75, 36629.0], [4604.0, 4285.0], [4604.25, 14183.0], [4604.5, 205.0], [4604.75, 558.0], [4605.0, 235.0], [4605.25, 552.0]]}}}
{"jsonrpc": "2.0", "method": "subscription", "params": {"channel": "book.ETH-19SEP25.none.20.100ms", "data": {"timestamp": 1758209020620, "change_id": 87026627385, "instrument_name": "ETH-19SEP25", "bids": [[4600.0, 1000.0], [4599.75, 16027.0], [4599.5, 12972.0], [4599.25, 55940.0], [4599.0, 2250.0], [4598.75, 7472.0], [4596.75, 1501.0], [4596.5, 5561.0], [4596.0, 7254.0], [4595.75, 24322.0], [4595.5, 6625.0], [4594.75, 7484.0], [4594.5, 29420.0], [4594.25, 14911.0], [4594.0, 205.0], [4593.75, 571.0], [4592.75, 550.0], [4592.5, 1662.0], [4592.25, 7115.0], [4591.75, 2053.0]], "asks": [[4600.25, 10312.0], [4600.5, 3160.0], [4600.75, 29600.0], [4601.0, 14797.0], [4601.25, 20655.0], [4601.5, 30.0], [4601.75, 4129.0], [4602.0, 13764.0], [4602.25, 30.0], [4602.5, 7571.0], [4602.75, 25382.0], [4603.0, 235.0], [4603.25, 586.0], [4603.5, 9166.0], [4603.75, 36629.0], [4604.0, 30.0], [4604.5, 205.0], [4604.75, 558.0], [4605.0, 235.0], [4605.25, 552.0]]}}}
{"jsonrpc": "2.0", "method": "subscription", "params": {"channel": "book.ETH-19SEP25.none.20.100ms", "data": {"timestamp": 1758209020711, "change_id": 87026627525, "instrument_name": "ETH-19SEP25", "bids": [[4600.0, 1000.0], [4599.75, 21366.0], [4599.5, 31125.0], [4599.25, 32384.0], [4599.0, 4492.0], [4598.75, 7472.0], [4596.75, 1501.0], [4596.5, 5561.0], [4596.0, 7254.0], [4595.75, 24322.0], [4595.5, 6625.0], [4594.75, 7484.0], [4594.5, 29420.0], [4594.25, 14911.0], [4594.0, 205.0], [4593.75, 571.0], [4592.75, 550.0], [4592.5, 1662.0], [4592.25, 7115.0], [4591.75, 2053.0]], "asks": [[4600.25, 10312.0], [4600.5, 3160.0], [4600.75, 5600.0], [4601.0, 18703.0], [4601.25, 44655.0], [4601.5, 30.0], [4601.75, 4129.0], [4602.0, 13764.0], [4602.25, 30.0], [4602.5, 7571.0], [4602.75, 25382.0], [4603.0, 235.0], [4603.25, 586.0], [4603.5, 9166.0], [4603.75, 36629.0], [4604.0, 30.0], [4604.5, 205.0], [4604.75, 558.0], [4605.0, 235.0], [4605.25, 552.0]]}}}
{"jsonrpc": "2.0", "method": "subscription", "params": {"channel": "book.ETH-19SEP25.none.20.100ms", "data": {"timestamp": 1758209021279, "change_id": 87026628636, "instrument_name": "ETH-19SEP25", "bids": [[4600.0, 6600.0], [4599.75, 45327.0], [4599.5, 12073.0], [4599.25, 39252.0], [4599.0, 1000.0], [4598.75, 160.0], [4597.0, 552.0], [4596.75, 1501.0], [4596.5, 5561.0], [4596.0, 7254.0], [4595.75, 24322.0], [4595.5, 6625.0], [4594.75, 7484.0], [4594.5, 29420.0], [4594.25, 14911.0], [4594.0, 205.0], [4593.75, 571.0], [4592.75, 550.0], [4592.5, 1662.0], [4592.25, 7115.0]], "asks": [[4600.25, 3000.0], [4600.5, 3000.0], [4601.0, 3000.0], [4601.25, 29192.0], [4601.5, 30.0], [4602.0, 30.0], [4602.25, 235.0], [4602.5, 8821.0], [4602.75, 25382.0], [4603.0, 14289.0], [4603.25, 586.0], [4603.5, 9166.0], [4603.75, 36629.0], [4604.0, 30.0], [4604.5, 205.0], [4604.75, 558.0], [4605.0, 235.0], [4605.25, 552.0], [4605.75, 1857.0], [4606.0, 5032.0]]}}}
{"jsonrpc": "2.0", "method": "subscription", "params": {"channel": "book.ETH-19SEP25.none.20.100ms", "data": {"timestamp": 1758209021473, "change_id": 87026629121, "instrument_name": "ETH-19SEP25", "bids": [[4600.0, 6600.0], [4599.75, 45327.0], [4599.5, 12073.0], [4599.25, 39252.0], [4599.0, 1000.0], [4598.75, 160.0], [4597.0, 552.0], [4596.75, 1501.0], [4596.5, 5561.0], [4596.0, 7254.0], [4595.75, 24322.0], [4595.5, 6625.0], [4595.0, 8036.0], [4594.75, 24947.0], [4594.5, 4473.0], [4594.25, 14911.0], [4594.0, 205.0], [4593.75, 571.0], [4592.75, 550.0], [4592.5, 1662.0]], "asks": [[4600.25, 10312.0], [4600.5, 3000.0], [4601.0, 3000.0], [4601.25, 29192.0], [4601.5, 30.0], [4601.75, 4321.0], [4602.0, 15653.0], [4602.25, 30.0], [4603.0, 14289.0], [4603.25, 586.0], [4603.5, 9166.0], [4603.75, 36629.0], [4604.0, 7645.0], [4604.25, 25382.0], [4604.5, 205.0], [4604.75, 558.0], [4605.0, 235.0], [4605.25, 552.0], [4605.75, 1857.0], [4606.0, 5032.0]]}}}
{"jsonrpc": "2.0", "method": "subscription", "params": {"channel": "book.ETH-19SEP25.none.20.100ms", "data": {"timestamp": 1758209021916, "change_id": 87026630792, "instrument_name": "ETH-19SEP25", "bids": [[4600.0, 7850.0], [4599.75, 52639.0], [4599.25, 365.0], [4599.0, 1000.0], [4597.0, 552.0], [4596.75, 1501.0], [4596.5, 5561.0], [4596.0, 7254.0], [4595.75, 24322.0], [4595.5, 6625.0], [4595.0, 8036.0], [4594.75, 24947.0], [4594.5, 4473.0], [4594.25, 14911.0], [4594.0, 205.0], [4593.75, 571.0], [4592.75, 550.0], [4592.5, 1662.0], [4592.25, 7115.0], [4591.75, 2053.0]], "asks": [[4600.25, 10312.0], [4600.5, 3000.0], [4601.0, 3000.0], [4601.25, 5192.0], [4601.5, 30.0], [4601.75, 28321.0], [4602.0, 5601.0], [4602.25, 14403.0], [4603.0, 14289.0], [4603.25, 586.0], [4603.5, 9166.0], [4603.75, 36629.0], [4604.0, 7645.0], [4604.25, 25382.0], [4604.5, 205.0], [4604.75, 558.0], [4605.0, 235.0], [4605.25, 552.0], [4605.75, 1857.0], [4606.0, 5032.0]]}}}
{"jsonrpc": "2.0", "method": "subscription", "params": {"channel": "book.ETH-19SEP25.none.20.100ms", "data": {"timestamp": 1758209022084, "change_id": 87026630992, "instrument_name": "ETH-19SEP25", "bids": [[4600.0, 39590.0], [4599.75, 47499.0], [4599.25, 205.0], [4599.0, 1000.0], [4597.0, 552.0], [4596.75, 1501.0], [4596.5, 5561.0], [4596.0, 7254.0], [4595.75, 24322.0], [4595.5, 6625.0], [4595.0, 8036.0], [4594.75, 24947.0], [4594.5, 4473.0], [4594.25, 14911.0], [4594.0, 205.0], [4593.75, 571.0], [4592.75, 550.0], [4592.5, 1662.0], [4592.25, 7115.0], [4591.75, 2053.0]], "asks": [[4600.25, 3000.0], [4600.5, 10312.0], [4601.0, 3000.0], [4601.25, 5192.0], [4601.5, 5630.0], [4601.75, 28321.0], [4602.0, 5601.0], [4602.25, 14403.0], [4602.75, 4225.0], [4603.0, 14289.0], [4603.25, 586.0], [4603.5, 9166.0], [4603.75, 36629.0], [4604.0, 7645.0], [4604.25, 25382.0], [4604.5, 205.0], [4604.75, 558.0], [4605.0, 235.0], [4605.25, 552.0], [4605.75, 1857.0]]}}}
{"jsonrpc": "2.0", "method": "subscription", "params": {"channel": "book.ETH-19SEP25.none.20.100ms", "data": {"timestamp": 1758209022588, "change_id": 87026632919, "instrument_name": "ETH-19SEP25", "bids": [[4600.0, 39590.0], [4599.75, 47499.0], [4599.25, 205.0], [4599.0, 1000.0], [4597.0, 552.0], [4596.75, 5608.0], [4596.5, 19318.0], [4596.0, 7254.0], [4595.75, 24322.0], [4595.5, 6625.0], [4595.0, 8036.0], [4594.75, 24947.0], [4594.5, 205.0], [4594.25, 563.0], [4594.0, 205.0], [4593.75, 571.0], [4592.75, 550.0], [4592.5, 1662.0], [4592.25, 7115.0], [4591.75, 2053.0]], "asks": [[4600.25, 3000.0], [4600.5, 3000.0], [4601.0, 3000.0], [4601.25, 5192.0], [4601.5, 5630.0], [4601.75, 24000.0], [4602.0, 30.0], [4602.25, 4342.0], [4602.5, 15623.0], [4603.0, 235.0], [4603.25, 586.0], [4603.5, 205.0], [4603.75, 6629.0], [4604.0, 21878.0], [4604.25, 25382.0], [4604.5, 205.0], [4604.75, 558.0], [4605.0, 235.0], [4605.25, 552.0], [4605.75, 1857.0]]}}}
{"jsonrpc": "2.0", "method": "subscription", "params": {"channel": "book.ETH-19SEP25.none.20.100ms", "data": {"timestamp": 1758209022665, "change_id": 87026633128, "instrument_name": "ETH-19SEP25", "bids": [[4600.0, 39590.0], [4599.75, 47499.0], [4599.25, 205.0], [4599.0, 1000.0], [4597.0, 552.0], [4596.75, 5608.0], [4596.5, 19318.0], [4596.0, 7254.0], [4595.75, 24322.0], [4595.5, 6625.0], [4595.25, 24947.0], [4595.0, 552.0], [4594.5, 205.0], [4594.25, 563.0], [4594.0, 205.0], [4593.75, 571.0], [4592.75, 550.0], [4592.5, 1662.0], [4592.25, 7115.0], [4591.75, 2053.0]], "asks": [[4600.25, 3000.0], [4600.5, 3000.0], [4600.75, 7312.0], [4601.0, 3000.0], [4601.25, 5192.0], [4601.5, 5630.0], [4601.75, 24000.0], [4602.0, 30.0], [4602.25, 4342.0], [4602.5, 15623.0], [4603.0, 235.0], [4603.25, 586.0], [4603.5, 205.0], [4603.75, 6629.0], [4604.0, 21878.0], [4604.25, 25382.0], [4604.5, 205.0], [4604.75, 558.0], [4605.0, 235.0], [4605.25, 552.0]]}}}
{"jsonrpc": "2.0", "method": "subscription", "params": {"channel": "book.ETH-19SEP25.none.20.100ms", "data": {"timestamp": 1758209023261, "change_id": 87026634456, "instrument_name": "ETH-19SEP25", "bids": [[4600.0, 39590.0], [4599.75, 47499.0], [4599.25, 205.0], [4599.0, 1000.0], [4597.0, 552.0], [4596.75, 5608.0], [4596.5, 19318.0], [4596.0, 7254.0], [4595.75, 24322.0], [4595.5, 14109.0], [4595.25, 24947.0], [4595.0, 552.0], [4594.5, 205.0], [4594.25, 563.0], [4594.0, 205.0], [4593.75, 571.0], [4592.75, 550.0], [4592.5, 1662.0], [4592.25, 7115.0], [4591.75, 2053.0]], "asks": [[4600.25, 3000.0], [4600.5, 3000.0], [4601.0, 10312.0], [4601.25, 5032.0], [4601.5, 29790.0], [4602.0, 30.0], [4602.25, 4342.0], [4602.5, 15623.0], [4603.0, 235.0], [4603.25, 586.0], [4603.5, 205.0], [4603.75, 10908.0], [4604.0, 21878.0], [4604.25, 25382.0], [4604.5, 205.0], [4604.75, 558.0], [4605.0, 235.0], [4605.25, 552.0], [4605.75, 1857.0], [4606.0, 5032.0]]}}}
{"jsonrpc": "2.0", "method": "subscription", "params": {"channel": "book.ETH-19SEP25.none.20.100ms", "data": {"timestamp": 1758209023587, "change_id": 87026635586, "instrument_name": "ETH-19SEP25", "bids": [[4600.0, 39590.0], [4599.75, 47499.0], [4599.25, 205.0], [4599.0, 1000.0], [4597.0, 552.0], [4596.75, 5608.0], [4596.5, 19318.0], [4596.0, 7254.0], [4595.75, 24322.0], [4595.5, 14109.0], [4595.25, 24947.0], [4595.0, 552.0], [4594.5, 205.0], [4594.25, 563.0], [4594.0, 205.0], [4593.75, 571.0], [4592.75, 550.0], [4592.5, 1662.0], [4592.25, 7115.0], [4591.75, 2053.0]], "asks": [[4600.25, 3000.0], [4600.5, 3000.0], [4601.0, 10312.0], [4601.25, 5032.0], [4601.5, 29790.0], [4601.75, 4670.0], [4602.0, 15653.0], [4602.25, 30.0], [4603.0, 235.0], [4603.25, 586.0], [4603.5, 205.0], [4603.75, 10908.0], [4604.0, 21878.0], [4604.25, 25382.0], [4604.5, 205.0], [4604.75, 558.0], [4605.0, 235.0], [4605.25, 552.0], [4605.75, 1857.0], [4606.0, 5032.0]]}}}
{"jsonrpc": "2.0", "method": "subscription", "params": {"channel": "book.ETH-19SEP25.none.20.100ms", "data": {"timestamp": 1758209024259, "change_id": 87026636861, "instrument_name": "ETH-19SEP25", "bids": [[4600.0, 13912.0], [4599.75, 40027.0], [4599.5, 205.0], [4599.25, 1455.0], [4599.0, 1160.0], [4597.0, 552.0], [4596.75, 5608.0], [4596.5, 19318.0], [4596.0, 7254.0], [4595.75, 24322.0], [4595.5, 14109.0], [4595.25, 24947.0], [4595.0, 552.0], [4594.5, 205.0], [4594.25, 563.0], [4594.0, 205.0], [4593.75, 571.0], [4592.75, 550.0], [4592.5, 1662.0], [4592.25, 7115.0]], "asks": [[4600.25, 3000.0], [4600.5, 3000.0], [4600.75, 5600.0], [4601.0, 10472.0], [4601.25, 29032.0], [4601.5, 5630.0], [4601.75, 4670.0], [4602.0, 15653.0], [4602.25, 30.0], [4603.0, 235.0], [4603.25, 586.0], [4603.5, 1963.0], [4603.75, 10908.0], [4604.0, 21878.0], [4604.25, 25382.0], [4604.5, 205.0], [4604.75, 558.0], [4605.0, 235.0], [4605.25, 552.0], [4605.75, 1857.0]]}}}
{"jsonrpc": "2.0", "method": "subscription", "params": {"channel": "book.ETH-19SEP25.none.20.100ms", "data": {"timestamp": 1758209024576, "change_id": 87026637290, "instrument_name": "ETH-19SEP25", "bids": [[4600.0, 13912.0], [4599.75, 41277.0], [4599.25, 205.0], [4599.0, 1160.0], [4597.0, 552.0], [4596.75, 5608.0], [4596.5, 19318.0], [4596.0, 7254.0], [4595.75, 24322.0], [4595.5, 14109.0], [4595.25, 24947.0], [4595.0, 552.0], [4594.5, 205.0], [4594.25, 563.0], [4594.0, 205.0], [4593.75, 571.0], [4592.75, 550.0], [4592.5, 1662.0], [4592.25, 7115.0], [4591.75, 2053.0]], "asks": [[4600.25, 3000.0], [4600.5, 3000.0], [4600.75, 5600.0], [4601.0, 10472.0], [4601.25, 29032.0], [4601.5, 5630.0], [4601.75, 4670.0], [4602.0, 15653.0], [4602.25, 30.0], [4603.0, 235.0], [4603.25, 586.0], [4603.5, 1963.0], [4603.75, 10908.0], [4604.0, 21878.0], [4604.25, 25382.0], [4604.5, 205.0], [4604.75, 558.0], [4605.0, 235.0], [4605.25, 552.0], [4605.75, 1857.0]]}}}
{"jsonrpc": "2.0", "method": "subscription", "params": {"channel": "book.ETH-19SEP25.none.20.100ms", "data": {"timestamp": 1758209024881, "change_id": 87026637701, "instrument_name": "ETH-19SEP25", "bids": [[4600.0, 13912.0], [4599.75, 41277.0], [4599.25, 205.0], [4599.0, 1160.0], [4597.0, 552.0], [4596.75, 5608.0], [4596.5, 19318.0], [4596.0, 7254.0], [4595.75, 24322.0], [4595.5, 14109.0], [4595.25, 24947.0], [4595.0, 552.0], [4594.5, 205.0], [4594.25, 563.0], [4594.0, 205.0], [4593.75, 571.0], [4592.75, 550.0], [4592.5, 1662.0], [4592.25, 7115.0], [4591.75, 2053.0]], "asks": [[4600.25, 3000.0], [4600.5, 3000.0], [4600.75, 5600.0], [4601.0, 10472.0], [4601.25, 29032.0], [4601.5, 5630.0], [4601.75, 4670.0], [4602.0, 15653.0], [4602.25, 30.0], [4603.0, 235.0], [4603.25, 586.0], [4603.5, 1963.0], [4603.75, 10908.0], [4604.0, 21878.0], [4604.25, 25382.0], [4604.5, 205.0], [4604.75, 558.0], [4605.0, 235.0], [4605.25, 552.0], [4605.75, 1857.0]]}}}
{"jsonrpc": "2.0", "method": "subscription", "params": {"channel": "book.ETH-19SEP25.none.20.100ms", "data": {"timestamp": 1758209025247, "change_id": 87026638331, "instrument_name": "ETH-19SEP25", "bids": [[4600.0, 45652.0], [4599.75, 41277.0], [4599.25, 205.0], [4599.0, 1160.0], [4597.0, 552.0], [4596.75, 5608.0], [4596.5, 19318.0], [4596.0, 7254.0], [4595.75, 24322.0], [4595.5, 14109.0], [4595.25, 24947.0], [4595.0, 552.0], [4594.5, 205.0], [4594.25, 563.0], [4594.0, 205.0], [4593.75, 571.0], [4592.75, 550.0], [4592.5, 1662.0], [4592.25, 7115.0], [4591.75, 2053.0]], "asks": [[4600.25, 3000.0], [4600.5, 3000.0], [4600.75, 5600.0], [4601.0, 16072.0], [4601.25, 29032.0], [4601.5, 5630.0], [4601.75, 4670.0], [4602.0, 15653.0], [4602.25, 30.0], [4603.0, 235.0], [4603.25, 586.0], [4603.5, 1963.0], [4603.75, 10908.0], [4604.0, 21878.0], [4604.25, 25382.0], [4604.5, 205.0], [4604.75, 558.0], [4605.0, 235.0], [4605.25, 552.0], [4605.75, 1857.0]]}}}
{"jsonrpc": "2.0", "method": "subscription", "params": {"channel": "book.ETH-19SEP25.none.20.100ms", "data": {"timestamp": 1758209025349, "change_id": 87026638437, "instrument_name": "ETH-19SEP25", "bids": [[4600.0, 45652.0], [4599.75, 41277.0], [4599.25, 205.0], [4599.0, 1160.0], [4597.0, 552.0], [4596.75, 5608.0], [4596.5, 19318.0], [4596.0, 7254.0], [4595.75, 24322.0], [4595.5, 14109.0], [4595.25, 24947.0], [4595.0, 552.0], [4594.5, 205.0], [4594.25, 563.0], [4594.0, 205.0], [4593.75, 571.0], [4592.75, 550.0], [4592.5, 1662.0], [4592.25, 7115.0], [4591.75, 2053.0]], "asks": [[4600.25, 3000.0], [4600.5, 3000.0], [4600.75, 5600.0], [4601.0, 16072.0], [4601.25, 29032.0], [4601.5, 5630.0], [4601.75, 4670.0], [4602.0, 15653.0], [4602.25, 30.0], [4603.0, 235.0], [4603.25, 586.0], [4603.5, 1963.0], [4603.75, 10908.0], [4604.0, 21878.0], [4604.25, 25382.0], [4604.5, 205.0], [4604.75, 558.0], [4605.0, 235.0], [4605.25, 552.0], [4605.5, 9166.0]]}}}
{"jsonrpc": "2.0", "method": "subscription", "params": {"channel": "book.ETH-19SEP25.none.20.100ms", "data": {"timestamp": 1758209025912, "change_id": 87026639139, "instrument_name": "ETH-19SEP25", "bids": [[4600.0, 45652.0], [4599.75, 41277.0], [4599.25, 205.0], [4599.0, 1160.0], [4597.0, 552.0], [4596.75, 5608.0], [4596.5, 19318.0], [4596.0, 7254.0], [4595.75, 24322.0], [4595.5, 14109.0], [4595.25, 24947.0], [4595.0, 552.0], [4594.5, 205.0], [4594.25, 563.0], [4594.0, 205.0], [4593.75, 571.0], [4592.75, 550.0], [4592.5, 1662.0], [4592.25, 7115.0], [4591.75, 2053.0]], "asks": [[4600.25, 3000.0], [4600.5, 3000.0], [4600.75, 5600.0], [4601.0, 16072.0], [4601.25, 29032.0], [4601.5, 5630.0], [4601.75, 4670.0], [4602.0, 15653.0], [4602.25, 30.0], [4603.0, 235.0], [4603.25, 586.0], [4603.5, 1963.0], [4603.75, 10908.0], [4604.0, 21878.0], [4604.25, 25382.0], [4604.5, 205.0], [4604.75, 558.0], [4605.0, 235.0], [4605.25, 552.0], [4605.5, 9166.0]]}}}
{"jsonrpc": "2.0", "method": "subscription", "params": {"channel": "book.ETH-19SEP25.none.20.100ms", "data": {"timestamp": 1758209026587, "change_id": 87026640424, "instrument_name": "ETH-19SEP25", "bids": [[4600.0, 8312.0], [4599.75, 16027.0], [4599.5, 7200.0], [4599.25, 24697.0], [4599.0, 2410.0], [4597.0, 552.0], [4596.75, 5608.0], [4596.5, 19318.0], [4596.0, 7254.0], [4595.75, 24322.0], [4595.5, 14109.0], [4595.25, 24947.0], [4595.0, 552.0], [4594.5, 205.0], [4594.25, 563.0], [4594.0, 205.0], [4593.75, 571.0], [4592.75, 550.0], [4592.5, 1662.0], [4592.25, 7115.0]], "asks": [[4600.25, 3000.0], [4600.5, 3000.0], [4600.75, 5600.0], [4601.0, 17582.0], [4601.25, 10822.0], [4601.5, 21253.0], [4602.0, 30.0], [4602.25, 30.0], [4603.0, 235.0], [4603.25, 586.0], [4603.5, 1963.0], [4603.75, 10908.0], [4604.0, 21878.0], [4604.25, 25382.0], [4604.5, 205.0], [4604.75, 558.0], [4605.0, 235.0], [4605.25, 552.0], [4605.5, 9166.0], [4605.75, 31857.0]]}}}
{"jsonrpc": "2.0", "method": "subscription", "params": {"channel": "book.ETH-19SEP25.none.20.100ms", "data": {"timestamp": 1758209026861, "change_id": 87026641257, "instrument_name": "ETH-19SEP25", "bids": [[4600.0, 1000.0], [4599.75, 21366.0], [4599.5, 25250.0], [4599.25, 205.0], [4599.0, 1160.0], [4597.0, 552.0], [4596.75, 5608.0], [4596.5, 19318.0], [4596.0, 7254.0], [4595.75, 24322.0], [4595.5, 14109.0], [4595.25, 24947.0], [4595.0, 552.0], [4594.5, 205.0], [4594.25, 563.0], [4594.0, 205.0], [4593.75, 571.0], [4592.75, 550.0], [4592.5, 1662.0], [4592.25, 7115.0]], "asks": [[4600.25, 3000.0], [4600.5, 10312.0], [4600.75, 29600.0], [4601.0, 8760.0], [4601.25, 10822.0], [4601.5, 21253.0], [4602.0, 30.0], [4602.25, 30.0], [4603.0, 235.0], [4603.25, 586.0], [4603.5, 1963.0], [4603.75, 10908.0], [4604.0, 21878.0], [4604.25, 25382.0], [4604.5, 205.0], [4604.75, 558.0], [4605.0, 235.0], [4605.25, 552.0], [4605.5, 9166.0], [4605.75, 31857.0]]}}}
{"jsonrpc": "2.0", "method": "subscription", "params": {"channel": "book.ETH-19SEP25.none.20.100ms", "data": {"timestamp": 1758209027238, "change_id": 87026642193, "instrument_name": "ETH-19SEP25", "bids": [[4600.0, 6600.0], [4599.75, 33378.0], [4599.5, 25250.0], [4599.25, 205.0], [4599.0, 1160.0], [4597.0, 552.0], [4596.75, 1501.0], [4596.5, 5561.0], [4596.0, 7254.0], [4595.75, 24322.0], [4595.5, 10028.0], [4595.25, 13779.0], [4595.0, 552.0], [4594.75, 24947.0], [4594.5, 205.0], [4594.25, 563.0], [4594.0, 205.0], [4593.75, 571.0], [4592.75, 550.0], [4592.5, 1662.0]], "asks": [[4600.25, 3000.0], [4600.5, 10312.0], [4600.75, 29600.0], [4601.0, 8760.0], [4601.25, 10822.0], [4601.5, 15653.0], [4602.0, 30.0], [4602.25, 30.0], [4603.0, 235.0], [4603.25, 586.0], [4603.5, 1963.0], [4603.75, 10908.0], [4604.0, 21878.0], [4604.25, 25382.0], [4604.5, 205.0], [4604.75, 558.0], [4605.0, 235.0], [4605.25, 552.0], [4605.5, 9166.0], [4605.75, 31857.0]]}}}
{"jsonrpc": "2.0", "method": "subscription", "params": {"channel": "book.ETH-19SEP25.none.20.100ms", "data": {"timestamp": 1758209027438, "change_id": 87026642472, "instrument_name": "ETH-19SEP25", "bids": [[4600.0, 1000.0], [4599.75, 28039.0], [4599.5, 1250.0], [4599.25, 7522.0], [4599.0, 25160.0], [4597.0, 552.0], [4596.75, 1501.0], [4596.5, 5561.0], [4596.0, 7254.0], [4595.75, 24322.0], [4595.5, 10028.0], [4595.25, 13779.0], [4595.0, 552.0], [4594.75, 24947.0], [4594.5, 205.0], [4594.25, 563.0], [4594.0, 205.0], [4593.75, 571.0], [4592.75, 550.0], [4592.5, 1662.0]], "asks": [[4600.25, 3000.0], [4600.5, 10472.0], [4600.75, 29600.0], [4601.0, 10110.0], [4601.25, 10822.0], [4601.5, 15653.0], [4602.0, 30.0], [4602.25, 30.0], [4603.0, 235.0], [4603.25, 586.0], [4603.5, 1963.0], [4603.75, 10908.0], [4604.0, 21878.0], [4604.25, 25382.0], [4604.5, 205.0], [4604.75, 558.0], [4605.0, 235.0], [4605.25, 552.0], [4605.5, 9166.0], [4605.75, 31857.0]]}}}
{"jsonrpc": "2.0", "method": "subscription", "params": {"channel": "book.ETH-19SEP25.none.20.100ms", "data": {"timestamp": 1758209027588, "change_id": 87026642878, "instrument_name": "ETH-19SEP25", "bids": [[4600.0, 1000.0], [4599.75, 34754.0], [4599.5, 40187.0], [4599.25, 24205.0], [4599.0, 1160.0], [4597.0, 552.0], [4596.75, 1501.0], [4596.5, 5561.0], [4596.0, 7254.0], [4595.75, 24322.0], [4595.5, 10028.0], [4595.25, 13779.0], [4595.0, 552.0], [4594.75, 24947.0], [4594.5, 205.0], [4594.25, 563.0], [4594.0, 205.0], [4593.75, 571.0], [4592.75, 550.0], [4592.5, 1662.0]], "asks": [[4600.25, 3000.0], [4600.5, 10472.0], [4600.75, 29600.0], [4601.0, 10110.0], [4601.25, 10822.0], [4601.5, 15653.0], [4602.0, 30.0], [4602.25, 30.0], [4603.0, 235.0], [4603.25, 586.0], [4603.5, 1963.0], [4603.75, 10908.0], [4604.0, 21878.0], [4604.25, 25382.0], [4604.5, 205.0], [4604.75, 558.0], [4605.0, 235.0], [4605.25, 552.0], [4605.5, 9166.0], [4605.75, 31857.0]]}}}
{"jsonrpc": "2.0", "method": "subscription", "params": {"channel": "book.ETH-19SEP25.none.20.100ms", "data": {"timestamp": 1758209028011, "change_id": 87026643370, "instrument_name": "ETH-19SEP25", "bids": [[4600.0, 6600.0], [4599.75, 34754.0], [4599.5, 40187.0], [4599.25, 24205.0], [4599.0, 1160.0], [4597.0, 552.0], [4596.75, 1501.0], [4596.5, 5561.0], [4596.0, 7254.0], [4595.75, 24322.0], [4595.5, 10028.0], [4595.25, 13779.0], [4595.0, 552.0], [4594.75, 24947.0], [4594.5, 205.0], [4594.25, 563.0], [4594.0, 205.0], [4593.75, 571.0], [4592.75, 550.0], [4592.5, 1662.0]], "asks": [[4600.25, 3000.0], [4600.5, 10472.0], [4600.75, 29600.0], [4601.0, 8600.0], [4601.25, 10822.0], [4601.5, 15653.0], [4602.0, 30.0], [4602.25, 30.0], [4603.0, 235.0], [4603.25, 586.0], [4603.5, 1963.0], [4603.75, 10908.0], [4604.0, 21878.0], [4604.25, 25382.0], [4604.5, 205.0], [4604.75, 558.0], [4605.0, 235.0], [4605.25, 552.0], [4605.5, 9166.0], [4605.75, 31857.0]]}}}
{"jsonrpc": "2.0", "method": "subscription", "params": {"channel": "book.ETH-19SEP25.none.20.100ms", "data": {"timestamp": 1758209028473, "change_id": 87026644836, "instrument_name": "ETH-19SEP25", "bids": [[4600.0, 6600.0], [4599.75, 41853.0], [4599.5, 57192.0], [4599.25, 205.0], [4599.0, 1160.0], [4597.0, 552.0], [4596.75, 1501.0], [4596.5, 5561.0], [4596.0, 7254.0], [4595.75, 24322.0], [4595.5, 10028.0], [4595.25, 13779.0], [4595.0, 8036.0], [4594.75, 24947.0], [4594.5, 205.0], [4594.25, 563.0], [4594.0, 205.0], [4593.75, 571.0], [4592.75, 550.0], [4592.5, 1662.0]], "asks": [[4600.25, 3000.0], [4600.5, 10472.0], [4600.75, 29600.0], [4601.0, 8600.0], [4601.25, 5032.0], [4601.5, 15653.0], [4602.0, 30.0], [4602.25, 30.0], [4603.0, 235.0], [4603.25, 586.0], [4603.5, 1963.0], [4603.75, 10908.0], [4604.0, 21878.0], [4604.25, 25382.0], [4604.5, 205.0], [4604.75, 558.0], [4605.0, 235.0], [4605.25, 552.0], [4605.5, 9166.0], [4605.75, 31857.0]]}}}
{"jsonrpc": "2.0", "method": "subscription", "params": {"channel": "book.ETH-19SEP25.none.20.100ms", "data": {"timestamp": 1758209028769, "change_id": 87026645250, "instrument_name": "ETH-19SEP25", "bids": [[4600.0, 1000.0], [4599.75, 41853.0], [4599.5, 57192.0], [4599.25, 205.0], [4599.0, 1160.0], [4597.0, 552.0], [4596.75, 1501.0], [4596.5, 5561.0], [4596.0, 7254.0], [4595.75, 24322.0], [4595.5, 10028.0], [4595.25, 13779.0], [4595.0, 8036.0], [4594.75, 24947.0], [4594.5, 205.0], [4594.25, 563.0], [4594.0, 205.0], [4593.75, 571.0], [4592.75, 550.0], [4592.5, 1662.0]], "asks": [[4600.25, 3000.0], [4600.5, 10472.0], [4600.75, 29600.0], [4601.0, 8600.0], [4601.25, 9728.0], [4601.5, 15653.0], [4602.0, 30.0], [4602.25, 30.0], [4603.0, 235.0], [4603.25, 586.0], [4603.5, 1963.0], [4603.75, 10908.0], [4604.0, 21878.0], [4604.25, 25382.0], [4604.5, 205.0], [4604.75, 558.0], [4605.0, 235.0], [4605.25, 552.0], [4605.5, 9166.0], [4605.75, 31857.0]]}}}
{"jsonrpc": "2.0", "method": "subscription", "params": {"channel": "book.ETH-19SEP25.none.20.100ms", "data": {"timestamp": 1758209028923, "change_id": 87026645478, "instrument_name": "ETH-19SEP25", "bids": [[4600.0, 1000.0], [4599.75, 41853.0], [4599.5, 57192.0], [4599.25, 205.0], [4599.0, 1160.0], [4597.0, 552.0], [4596.75, 1501.0], [4596.5, 5561.0], [4596.0, 7254.0], [4595.75, 24322.0], [4595.5, 10028.0], [4595.25, 13779.0], [4595.0, 8036.0], [4594.75, 24947.0], [4594.5, 205.0], [4594.25, 563.0], [4594.0, 205.0], [4593.75, 571.0], [4592.75, 550.0], [4592.5, 1662.0]], "asks": [[4600.25, 8600.0], [4600.5, 10472.0], [4600.75, 29600.0], [4601.0, 8600.0], [4601.25, 9728.0], [4601.5, 15653.0], [4602.0, 30.0], [4602.25, 30.0], [4603.0, 235.0], [4603.25, 586.0], [4603.5, 1963.0], [4603.75, 10908.0], [4604.0, 21878.0], [4604.25, 25382.0], [4604.5, 205.0], [4604.75, 558.0], [4605.0, 235.0], [4605.25, 552.0], [4605.5, 9166.0], [4605.75, 31857.0]]}}}
{"jsonrpc": "2.0", "method": "subscription", "params": {"channel": "book.ETH-19SEP25.none.20.100ms", "data": {"timestamp": 1758209029552, "change_id": 87026646573, "instrument_name": "ETH-19SEP25", "bids": [[4600.0, 1000.0], [4599.75, 34541.0], [4599.5, 57192.0], [4599.25, 205.0], [4599.0, 1160.0], [4597.0, 552.0], [4596.75, 1501.0], [4596.5, 5561.0], [4596.0, 7254.0], [4595.75, 24322.0], [4595.5, 10028.0], [4595.25, 13779.0], [4595.0, 8036.0], [4594.75, 24947.0], [4594.5, 205.0], [4594.25, 563.0], [4594.0, 205.0], [4593.75, 571.0], [4592.75, 550.0], [4592.5, 1662.0]], "asks": [[4600.25, 3000.0], [4600.5, 10472.0], [4600.75, 29600.0], [4601.0, 8600.0], [4601.25, 9728.0], [4601.5, 15653.0], [4602.0, 30.0], [4602.25, 30.0], [4603.0, 235.0], [4603.25, 586.0], [4603.5, 1963.0], [4603.75, 10908.0], [4604.0, 21878.0], [4604.25, 25382.0], [4604.5, 205.0], [4604.75, 558.0], [4605.0, 235.0], [4605.25, 552.0], [4605.5, 9166.0], [4605.75, 31857.0]]}}}
