{"jsonrpc": "2.0", "id": 1, "result": ["book.ETH-9JAN26.none.20.100ms", "book.ETH-2JAN26.none.20.100ms"], "usIn": 1767004169689457, "usOut": 1767004169689609, "usDiff": 152, "testnet": false}
{"jsonrpc": "2.0", "method": "subscription", "params": {"channel": "book.ETH-9JAN26.none.20.100ms", "data": {"timestamp": 1767004169595, "change_id": 103101110899, "instrument_name": "ETH-9JAN26", "bids": [[2973.25, 8.0], [2973.0, 2369.0], [2972.75, 10465.0], [2972.5, 909.0], [2972.25, 909.0], [2972.0, 6820.0], [2971.75, 2072.0], [2971.5, 6943.0], [2971.0, 373.0], [2970.75, 1250.0], [2970.25, 301.0], [2970.0, 1009.0], [2969.5, 6277.0], [2967.5, 341.0], [2967.25, 1144.0], [2966.75, 1366.0], [2966.5, 4576.0], [2966.25, 18307.0], [2966.0, 21239.0], [2965.5, 18942.0]], "asks": [[2974.75, 700.0], [2975.0, 2176.0], [2975.25, 999.0], [2975.5, 1756.0], [2975.75, 209.0], [2976.0, 700.0], [2976.25, 209.0], [2976.5, 700.0], [2976.75, 4140.0], [2977.0, 19071.0], [2977.25, 8703.0], [2978.5, 2103.0], [2978.75, 7045.0], [2979.0, 1009.0], [2979.5, 37143.0], [2982.25, 2002.0], [2982.5, 37916.0], [2986.75, 36776.0], [2988.5, 1144.0], [2990.75, 18557.0]]}}}
{"jsonrpc": "2.0", "method": "subscription", "params": {"channel": "book.ETH-2JAN26.none.20.100ms", "data": {"timestamp": 1767004169643, "change_id": 103101110915, "instrument_name": "ETH-2JAN26", "bids": [[2971.75, 570.0], [2971.5, 2434.0], [2971.25, 3799.0], [2971.0, 6446.0], [2970.5, 2437.0], [2970.25, 4375.0], [2970.0, 7537.0], [2969.0, 868.0], [2968.75, 3150.0], [2968.5, 500.0], [2968.0, 500.0], [2967.75, 7564.0], [2967.5, 25340.0], [2965.5, 1675.0], [2965.25, 5720.0], [2965.0, 7021.0], [2964.75, 24380.0], [2963.5, 18306.0], [2963.25, 51060.0], [2962.0, 40400.0]], "asks": [[2972.25, 105578.0], [2972.5, 2405.0], [2972.75, 2668.0], [2973.0, 3717.0], [2973.25, 2467.0], [2973.5, 2523.0], [2973.75, 9264.0], [2974.0, 24670.0], [2975.75, 7591.0], [2976.0, 25430.0], [2977.0, 2044.0], [2977.25, 6846.0], [2977.75, 14657.0], [2978.0, 49102.0], [2980.25, 500.0], [2980.5, 400.0], [2980.75, 40000.0], [2982.75, 50897.0], [2984.75, 74152.0], [2986.25, 40000.0]]}}}
{"jsonrpc": "2.0", "method": "subscription", "params": {"channel": "book.ETH-2JAN26.none.20.100ms", "data": {"timestamp": 1767004169894, "change_id": 103101111267, "instrument_name": "ETH-2JAN26", "bids": [[2971.75, 570.0], [2971.5, 2434.0], [2971.25, 3799.0], [2971.0, 6446.0], [2970.5, 2437.0], [2970.25, 4375.0], [2970.0, 7537.0], [2969.0, 1817.0], [2968.75, 1900.0], [2968.5, 500.0], [2968.0, 25840.0], [2965.5, 1675.0], [2965.25, 5720.0], [2965.0, 7021.0], [2964.75, 24380.0], [2963.5, 18306.0], [2963.25, 51060.0], [2962.0, 40400.0], [2959.5, 21252.0], [2959.25, 50992.0]], "asks": [[2972.25, 106047.0], [2972.5, 2405.0], [2972.75, 2668.0], [2973.0, 3717.0], [2973.25, 2467.0], [2973.5, 2523.0], [2973.75, 9264.0], [2974.0, 24670.0], [2975.75, 7591.0], [2976.0, 25430.0], [2977.0, 2044.0], [2977.25, 6846.0], [2977.75, 14657.0], [2978.0, 49102.0], [2980.25, 500.0], [2980.5, 400.0], [2980.75, 40000.0], [2982.75, 50897.0], [2984.75, 74152.0], [2986.25, 40000.0]]}}}
{"jsonrpc": "2.0", "method": "subscription", "params": {"channel": "book.ETH-9JAN26.none.20.100ms", "data": {"timestamp": 1767004169710, "change_id": 103101110951, "instrument_name": "ETH-9JAN26", "bids": [[2973.25, 8.0], [2973.0, 2369.0], [2972.75, 10465.0], [2972.5, 909.0], [2972.25, 909.0], [2972.0, 6820.0], [2971.75, 2072.0], [2971.5, 6943.0], [2971.0, 1250.0], [2970.25, 301.0], [2970.0, 1009.0], [2969.5, 6277.0], [2967.5, 341.0], [2967.25, 1144.0], [2966.75, 1366.0], [2966.5, 4576.0], [2966.25, 18307.0], [2966.0, 21239.0], [2965.5, 18942.0], [2964.75, 400.0]], "asks": [[2974.75, 700.0], [2975.0, 2176.0], [2975.25, 999.0], [2975.5, 1756.0], [2975.75, 209.0], [2976.0, 700.0], [2976.25, 209.0], [2976.5, 700.0], [2976.75, 4140.0], [2977.0, 19071.0], [2977.25, 8703.0], [2978.5, 2103.0], [2978.75, 7045.0], [2979.0, 1009.0], [2979.5, 37143.0], [2982.25, 2002.0], [2982.5, 37916.0], [2986.75, 36776.0], [2988.5, 1144.0], [2990.75, 18557.0]]}}}
{"jsonrpc": "2.0", "method": "subscription", "params": {"channel": "book.ETH-2JAN26.none.20.100ms", "data": {"timestamp": 1767004170191, "change_id": 103101111703, "instrument_name": "ETH-2JAN26", "bids": [[2971.75, 2470.0], [2971.5, 4027.0], [2971.25, 7610.0], [2971.0, 1000.0], [2970.75, 567.0], [2970.5, 2437.0], [2970.25, 4375.0], [2970.0, 7537.0], [2969.5, 1250.0], [2968.5, 500.0], [2968.0, 25840.0], [2965.5, 1675.0], [2965.25, 5720.0], [2965.0, 7021.0], [2964.75, 24380.0], [2963.5, 18306.0], [2963.25, 51060.0], [2962.0, 40400.0], [2959.5, 21252.0], [2959.25, 50992.0]], "asks": [[2972.25, 100034.0], [2972.5, 5951.0], [2972.75, 2668.0], [2973.0, 3717.0], [2973.25, 2467.0], [2973.5, 2523.0], [2973.75, 9264.0], [2974.0, 24670.0], [2975.75, 7591.0], [2976.0, 25430.0], [2977.0, 2044.0], [2977.25, 6846.0], [2977.75, 14657.0], [2978.0, 49102.0], [2980.25, 500.0], [2980.5, 400.0], [2980.75, 40000.0], [2982.75, 50897.0], [2984.75, 74152.0], [2986.25, 40000.0]]}}}
{"jsonrpc": "2.0", "method": "subscription", "params": {"channel": "book.ETH-9JAN26.none.20.100ms", "data": {"timestamp": 1767004170160, "change_id": 103101111651, "instrument_name": "ETH-9JAN26", "bids": [[2973.25, 8.0], [2973.0, 2369.0], [2972.75, 10465.0], [2972.5, 909.0], [2972.25, 909.0], [2972.0, 6820.0], [2971.75, 2072.0], [2971.5, 8193.0], [2970.25, 301.0], [2970.0, 1009.0], [2969.5, 6277.0], [2967.5, 341.0], [2967.25, 1144.0], [2966.75, 1366.0], [2966.5, 4576.0], [2966.25, 18307.0], [2966.0, 21239.0], [2965.5, 18942.0], [2964.75, 400.0], [2962.5, 37918.0]], "asks": [[2974.75, 700.0], [2975.0, 2176.0], [2975.25, 999.0], [2975.5, 1756.0], [2975.75, 209.0], [2976.0, 700.0], [2976.25, 209.0], [2976.5, 700.0], [2976.75, 4140.0], [2977.0, 19071.0], [2977.25, 8703.0], [2978.5, 2103.0], [2978.75, 7045.0], [2979.0, 1009.0], [2979.5, 37143.0], [2982.25, 2002.0], [2982.5, 37916.0], [2986.75, 36776.0], [2988.5, 1144.0], [2990.75, 18557.0]]}}}
{"jsonrpc": "2.0", "method": "subscription", "params": {"channel": "book.ETH-2JAN26.none.20.100ms", "data": {"timestamp": 1767004170442, "change_id": 103101111883, "instrument_name": "ETH-2JAN26", "bids": [[2971.75, 2470.0], [2971.5, 4027.0], [2971.25, 7610.0], [2971.0, 1000.0], [2970.75, 567.0], [2970.5, 2437.0], [2970.25, 4375.0], [2970.0, 7537.0], [2969.75, 1250.0], [2968.5, 500.0], [2968.0, 25840.0], [2965.5, 1675.0], [2965.25, 5720.0], [2965.0, 7021.0], [2964.75, 24380.0], [2963.5, 18306.0], [2963.25, 51060.0], [2962.0, 40400.0], [2959.5, 21252.0], [2959.25, 50992.0]], "asks": [[2972.25, 101191.0], [2972.5, 5951.0], [2972.75, 2668.0], [2973.0, 3717.0], [2973.25, 2467.0], [2973.5, 2523.0], [2973.75, 9264.0], [2974.0, 24670.0], [2975.75, 7591.0], [2976.0, 25430.0], [2977.0, 2044.0], [2977.25, 6846.0], [2977.75, 14657.0], [2978.0, 49102.0], [2980.25, 500.0], [2980.5, 400.0], [2980.75, 40000.0], [2982.75, 50897.0], [2984.75, 74152.0], [2986.25, 40000.0]]}}}
{"jsonrpc": "2.0", "method": "subscription", "params": {"channel": "book.ETH-9JAN26.none.20.100ms", "data": {"timestamp": 1767004170443, "change_id": 103101111886, "instrument_name": "ETH-9JAN26", "bids": [[2973.25, 8.0], [2973.0, 2369.0], [2972.75, 10465.0], [2972.5, 909.0], [2972.25, 909.0], [2972.0, 6820.0], [2971.75, 3322.0], [2971.5, 6943.0], [2970.25, 301.0], [2970.0, 1009.0], [2969.5, 6277.0], [2967.5, 341.0], [2967.25, 1144.0], [2966.75, 1366.0], [2966.5, 4576.0], [2966.25, 18307.0], [2966.0, 21239.0], [2965.5, 18942.0], [2964.75, 400.0], [2962.5, 37918.0]], "asks": [[2974.75, 700.0], [2975.0, 2176.0], [2975.25, 999.0], [2975.5, 1756.0], [2975.75, 209.0], [2976.0, 700.0], [2976.25, 209.0], [2976.5, 700.0], [2976.75, 4140.0], [2977.0, 19071.0], [2977.25, 8703.0], [2978.5, 2103.0], [2978.75, 7045.0], [2979.0, 1009.0], [2979.5, 37143.0], [2982.25, 2002.0], [2982.5, 37916.0], [2986.75, 36776.0], [2988.5, 1144.0], [2990.75, 18557.0]]}}}
{"jsonrpc": "2.0", "method": "subscription", "params": {"channel": "book.ETH-2JAN26.none.20.100ms", "data": {"timestamp": 1767004170825, "change_id": 103101112374, "instrument_name": "ETH-2JAN26", "bids": [[2971.5, 534.0], [2971.25, 2164.0], [2971.0, 2626.0], [2970.75, 6013.0], [2970.5, 2437.0], [2970.25, 4375.0], [2970.0, 7537.0], [2969.75, 1250.0], [2968.5, 500.0], [2968.0, 25840.0], [2965.5, 1675.0], [2965.25, 5720.0], [2965.0, 7021.0], [2964.75, 24380.0], [2963.5, 18306.0], [2963.25, 51060.0], [2962.0, 40400.0], [2959.5, 21252.0], [2959.25, 50992.0], [2957.25, 73227.0]], "asks": [[2972.0, 7880.0], [2972.25, 1900.0], [2972.5, 1314.0], [2972.75, 3617.0], [2973.0, 2467.0], [2973.25, 2467.0], [2973.5, 2523.0], [2973.75, 9264.0], [2974.0, 24670.0], [2975.75, 7591.0], [2976.0, 25430.0], [2977.0, 2044.0], [2977.25, 6846.0], [2977.75, 14657.0], [2978.0, 49102.0], [2980.25, 500.0], [2980.5, 400.0], [2980.75, 40000.0], [2982.75, 50897.0], [2984.75, 74152.0]]}}}
{"jsonrpc": "2.0", "method": "subscription", "params": {"channel": "book.ETH-9JAN26.none.20.100ms", "data": {"timestamp": 1767004170819, "change_id": 103101112371, "instrument_name": "ETH-9JAN26", "bids": [[2973.25, 8.0], [2973.0, 2369.0], [2972.75, 10465.0], [2972.5, 909.0], [2972.25, 909.0], [2972.0, 7193.0], [2971.75, 3322.0], [2971.5, 6943.0], [2970.25, 301.0], [2970.0, 1009.0], [2969.75, 1874.0], [2969.5, 6277.0], [2967.5, 341.0], [2967.25, 1144.0], [2966.75, 1366.0], [2966.5, 4576.0], [2966.25, 18307.0], [2966.0, 21239.0], [2965.5, 18942.0], [2964.75, 400.0]], "asks": [[2974.75, 2159.0], [2975.0, 926.0], [2975.25, 999.0], [2975.5, 1756.0], [2975.75, 209.0], [2976.0, 700.0], [2976.25, 209.0], [2976.5, 700.0], [2976.75, 4140.0], [2977.0, 19071.0], [2977.25, 6701.0], [2978.5, 2103.0], [2978.75, 7045.0], [2979.0, 1009.0], [2979.5, 37143.0], [2982.5, 37916.0], [2986.75, 36776.0], [2988.5, 1144.0], [2990.75, 18557.0], [2992.5, 4576.0]]}}}
{"jsonrpc": "2.0", "method": "subscription", "params": {"channel": "book.ETH-2JAN26.none.20.100ms", "data": {"timestamp": 1767004171185, "change_id": 103101112895, "instrument_name": "ETH-2JAN26", "bids": [[2971.5, 534.0], [2971.25, 2741.0], [2971.0, 4526.0], [2970.75, 6013.0], [2970.5, 2437.0], [2970.25, 4375.0], [2970.0, 7537.0], [2969.75, 1250.0], [2968.5, 500.0], [2968.25, 7713.0], [2968.0, 25840.0], [2965.5, 1675.0], [2965.25, 5720.0], [2965.0, 7021.0], [2964.75, 24380.0], [2963.5, 18306.0], [2963.25, 51060.0], [2962.0, 40400.0], [2959.5, 21252.0], [2959.25, 50992.0]], "asks": [[2972.0, 7880.0], [2972.25, 1900.0], [2972.5, 846.0], [2972.75, 3617.0], [2973.0, 2467.0], [2973.25, 2467.0], [2973.5, 2523.0], [2973.75, 9264.0], [2974.0, 24670.0], [2975.75, 7591.0], [2976.0, 25430.0], [2977.0, 2044.0], [2977.25, 6846.0], [2977.75, 14657.0], [2978.0, 49102.0], [2980.25, 500.0], [2980.5, 400.0], [2980.75, 40000.0], [2982.75, 50897.0], [2984.75, 74152.0]]}}}
{"jsonrpc": "2.0", "method": "subscription", "params": {"channel": "book.ETH-9JAN26.none.20.100ms", "data": {"timestamp": 1767004171197, "change_id": 103101112898, "instrument_name": "ETH-9JAN26", "bids": [[2973.25, 8.0], [2972.75, 209.0], [2972.5, 909.0], [2972.25, 909.0], [2972.0, 7193.0], [2971.75, 3322.0], [2971.5, 6943.0], [2970.25, 301.0], [2970.0, 1009.0], [2969.75, 1874.0], [2969.5, 6277.0], [2967.5, 341.0], [2967.25, 1144.0], [2966.75, 1366.0], [2966.5, 4576.0], [2966.25, 18307.0], [2966.0, 21239.0], [2965.5, 18942.0], [2964.75, 400.0], [2962.5, 37918.0]], "asks": [[2974.75, 2159.0], [2975.0, 926.0], [2975.25, 999.0], [2975.5, 1756.0], [2975.75, 209.0], [2976.0, 700.0], [2976.25, 209.0], [2976.5, 700.0], [2976.75, 4140.0], [2977.0, 19071.0], [2977.25, 8703.0], [2978.5, 2103.0], [2978.75, 7045.0], [2979.0, 1009.0], [2979.5, 37143.0], [2982.25, 2002.0], [2982.5, 37916.0], [2986.75, 36776.0], [2988.5, 1144.0], [2990.75, 18557.0]]}}}
{"jsonrpc": "2.0", "method": "subscription", "params": {"channel": "book.ETH-2JAN26.none.20.100ms", "data": {"timestamp": 1767004171319, "change_id": 103101112934, "instrument_name": "ETH-2JAN26", "bids": [[2971.5, 534.0], [2971.25, 2741.0], [2971.0, 4526.0], [2970.75, 6013.0], [2970.5, 2437.0], [2970.25, 4375.0], [2970.0, 8787.0], [2968.5, 500.0], [2968.25, 7713.0], [2968.0, 25840.0], [2965.5, 1675.0], [2965.25, 5720.0], [2965.0, 7021.0], [2964.75, 24380.0], [2963.5, 18306.0], [2963.25, 51060.0], [2962.0, 40400.0], [2959.5, 21252.0], [2959.25, 50992.0], [2957.25, 73227.0]], "asks": [[2972.0, 7880.0], [2972.25, 1900.0], [2972.5, 846.0], [2972.75, 3617.0], [2973.0, 2467.0], [2973.25, 2467.0], [2973.5, 2523.0], [2973.75, 9264.0], [2974.0, 24670.0], [2975.75, 7591.0], [2976.0, 25430.0], [2977.0, 2044.0], [2977.25, 6846.0], [2977.75, 14657.0], [2978.0, 49102.0], [2980.25, 500.0], [2980.5, 400.0], [2980.75, 40000.0], [2982.75, 50897.0], [2984.75, 74152.0]]}}}
{"jsonrpc": "2.0", "method": "subscription", "params": {"channel": "book.ETH-9JAN26.none.20.100ms", "data": {"timestamp": 1767004171319, "change_id": 103101112935, "instrument_name": "ETH-9JAN26", "bids": [[2973.25, 8.0], [2972.75, 209.0], [2972.5, 909.0], [2972.25, 909.0], [2972.0, 8070.0], [2971.75, 2072.0], [2971.5, 6943.0], [2970.25, 301.0], [2970.0, 1009.0], [2969.75, 1874.0], [2969.5, 6277.0], [2967.5, 341.0], [2967.25, 1144.0], [2966.75, 1366.0], [2966.5, 4576.0], [2966.25, 18307.0], [2966.0, 21239.0], [2965.5, 18942.0], [2964.75, 400.0], [2962.5, 37918.0]], "asks": [[2974.75, 2159.0], [2975.0, 926.0], [2975.25, 999.0], [2975.5, 1756.0], [2975.75, 209.0], [2976.0, 700.0], [2976.25, 209.0], [2976.5, 700.0], [2976.75, 4140.0], [2977.0, 19071.0], [2977.25, 8703.0], [2978.5, 2103.0], [2978.75, 7045.0], [2979.0, 1009.0], [2979.5, 37143.0], [2982.25, 2002.0], [2982.5, 37916.0], [2986.75, 36776.0], [2988.5, 1144.0], [2990.75, 18557.0]]}}}
{"jsonrpc": "2.0", "method": "subscription", "params": {"channel": "book.ETH-9JAN26.none.20.100ms", "data": {"timestamp": 1767004171827, "change_id": 103101113336, "instrument_name": "ETH-9JAN26", "bids": [[2973.25, 8.0], [2972.75, 209.0], [2972.5, 909.0], [2972.25, 3959.0], [2972.0, 6820.0], [2971.75, 2072.0], [2971.5, 6943.0], [2970.25, 301.0], [2970.0, 1009.0], [2969.75, 1874.0], [2969.5, 6277.0], [2967.5, 341.0], [2967.25, 1144.0], [2966.75, 1366.0], [2966.5, 4576.0], [2966.25, 18307.0], [2966.0, 21239.0], [2965.5, 18942.0], [2964.75, 400.0], [2962.5, 37918.0]], "asks": [[2974.75, 2159.0], [2975.0, 926.0], [2975.25, 999.0], [2975.5, 1756.0], [2975.75, 209.0], [2976.0, 700.0], [2976.25, 209.0], [2976.5, 700.0], [2976.75, 4140.0], [2977.0, 19071.0], [2977.25, 8703.0], [2978.5, 2103.0], [2978.75, 7045.0], [2979.0, 1009.0], [2979.5, 37143.0], [2982.25, 2002.0], [2982.5, 37916.0], [2986.75, 36776.0], [2988.5, 1144.0], [2990.75, 18557.0]]}}}
{"jsonrpc": "2.0", "method": "subscription", "params": {"channel": "book.ETH-2JAN26.none.20.100ms", "data": {"timestamp": 1767004171855, "change_id": 103101113340, "instrument_name": "ETH-2JAN26", "bids": [[2971.5, 534.0], [2971.25, 2741.0], [2971.0, 4526.0], [2970.75, 6013.0], [2970.5, 2742.0], [2970.25, 5625.0], [2970.0, 7537.0], [2968.5, 500.0], [2968.25, 7713.0], [2968.0, 25840.0], [2965.5, 1675.0], [2965.25, 5720.0], [2965.0, 7021.0], [2964.75, 24380.0], [2963.5, 18306.0], [2963.25, 51060.0], [2962.0, 40400.0], [2959.5, 21252.0], [2959.25, 50992.0], [2957.25, 73227.0]], "asks": [[2972.0, 13716.0], [2972.25, 101238.0], [2972.5, 846.0], [2972.75, 3617.0], [2973.0, 2467.0], [2973.25, 2467.0], [2973.5, 2523.0], [2973.75, 9264.0], [2974.0, 24670.0], [2975.75, 7591.0], [2976.0, 25430.0], [2977.0, 2044.0], [2977.25, 6846.0], [2977.75, 14657.0], [2978.0, 49102.0], [2980.25, 500.0], [2980.5, 400.0], [2980.75, 40000.0], [2982.75, 50897.0], [2984.75, 74152.0]]}}}
{"jsonrpc": "2.0", "method": "subscription", "params": {"channel": "book.ETH-9JAN26.none.20.100ms", "data": {"timestamp": 1767004172181, "change_id": 103101114092, "instrument_name": "ETH-9JAN26", "bids": [[2973.25, 8.0], [2972.75, 209.0], [2972.5, 909.0], [2972.25, 2709.0], [2972.0, 8070.0], [2971.75, 2072.0], [2971.5, 6943.0], [2970.25, 301.0], [2970.0, 1009.0], [2969.75, 1874.0], [2969.5, 6277.0], [2967.5, 341.0], [2967.25, 1144.0], [2966.75, 1366.0], [2966.5, 4576.0], [2966.25, 18307.0], [2966.0, 21239.0], [2965.5, 18942.0], [2964.75, 400.0], [2962.5, 37918.0]], "asks": [[2974.5, 1489.0], [2974.75, 909.0], [2975.0, 982.0], [2975.25, 999.0], [2975.5, 1700.0], [2975.75, 209.0], [2976.0, 700.0], [2976.25, 209.0], [2976.5, 999.0], [2976.75, 6142.0], [2977.0, 19071.0], [2977.25, 6701.0], [2978.5, 2103.0], [2978.75, 7045.0], [2979.0, 1009.0], [2979.5, 37143.0], [2981.75, 2002.0], [2982.5, 37916.0], [2986.75, 36776.0], [2988.5, 1144.0]]}}}
{"jsonrpc": "2.0", "method": "subscription", "params": {"channel": "book.ETH-2JAN26.none.20.100ms", "data": {"timestamp": 1767004172226, "change_id": 103101114121, "instrument_name": "ETH-2JAN26", "bids": [[2971.25, 8.0], [2971.0, 2900.0], [2970.75, 2120.0], [2970.5, 7883.0], [2970.25, 4375.0], [2970.0, 8787.0], [2968.25, 7713.0], [2968.0, 25840.0], [2965.5, 1675.0], [2965.25, 5720.0], [2965.0, 7021.0], [2964.75, 24380.0], [2963.5, 18306.0], [2963.25, 51060.0], [2962.0, 40400.0], [2959.5, 21252.0], [2959.25, 50992.0], [2957.25, 73227.0], [2957.0, 76662.0], [2955.5, 40000.0]], "asks": [[2971.75, 6473.0], [2972.0, 10765.0], [2972.25, 101494.0], [2972.5, 1755.0], [2972.75, 2367.0], [2973.0, 2523.0], [2973.25, 2467.0], [2973.5, 2467.0], [2973.75, 9264.0], [2974.0, 24670.0], [2975.75, 7591.0], [2976.0, 25430.0], [2977.0, 2044.0], [2977.25, 6846.0], [2977.75, 14657.0], [2978.0, 49102.0], [2980.25, 500.0], [2980.5, 400.0], [2980.75, 40000.0], [2982.75, 50897.0]]}}}
{"jsonrpc": "2.0", "method": "subscription", "params": {"channel": "book.ETH-2JAN26.none.20.100ms", "data": {"timestamp": 1767004172528, "change_id": 103101114479, "instrument_name": "ETH-2JAN26", "bids": [[2971.25, 874.0], [2971.0, 4526.0], [2970.75, 6013.0], [2970.5, 2437.0], [2970.25, 4375.0], [2970.0, 7537.0], [2968.75, 756.0], [2968.5, 1250.0], [2968.25, 7713.0], [2968.0, 25840.0], [2965.5, 1675.0], [2965.25, 5720.0], [2965.0, 7021.0], [2964.75, 24380.0], [2963.5, 18306.0], [2963.25, 51060.0], [2962.0, 40400.0], [2959.5, 21252.0], [2959.25, 50992.0], [2957.25, 73227.0]], "asks": [[2971.75, 2125.0], [2972.0, 7880.0], [2972.25, 2156.0], [2972.5, 1755.0], [2972.75, 2367.0], [2973.0, 2523.0], [2973.25, 2467.0], [2973.5, 2467.0], [2973.75, 9264.0], [2974.0, 24670.0], [2975.75, 7591.0], [2976.0, 25430.0], [2977.0, 2044.0], [2977.25, 6846.0], [2977.75, 14657.0], [2978.0, 49102.0], [2980.25, 500.0], [2980.5, 400.0], [2980.75, 40000.0], [2982.75, 50897.0]]}}}
{"jsonrpc": "2.0", "method": "subscription", "params": {"channel": "book.ETH-9JAN26.none.20.100ms", "data": {"timestamp": 1767004172536, "change_id": 103101114496, "instrument_name": "ETH-9JAN26", "bids": [[2973.25, 8.0], [2972.75, 209.0], [2972.5, 909.0], [2972.25, 909.0], [2972.0, 700.0], [2971.75, 2072.0], [2971.5, 13063.0], [2970.75, 373.0], [2970.5, 1250.0], [2970.25, 301.0], [2970.0, 1009.0], [2968.0, 1874.0], [2967.75, 6277.0], [2967.5, 341.0], [2967.25, 1144.0], [2966.75, 1366.0], [2966.5, 4576.0], [2966.25, 18307.0], [2966.0, 21239.0], [2965.5, 18942.0]], "asks": [[2974.5, 1489.0], [2974.75, 909.0], [2975.0, 982.0], [2975.25, 999.0], [2975.5, 1700.0], [2975.75, 209.0], [2976.0, 700.0], [2976.25, 209.0], [2976.5, 999.0], [2976.75, 6142.0], [2977.0, 26045.0], [2977.25, 6701.0], [2979.0, 1009.0], [2979.5, 37143.0], [2981.75, 2002.0], [2982.5, 37916.0], [2986.75, 36776.0], [2988.5, 1144.0], [2990.75, 18557.0], [2992.5, 4576.0]]}}}
{"jsonrpc": "2.0", "method": "subscription", "params": {"channel": "book.ETH-2JAN26.none.20.100ms", "data": {"timestamp": 1767004172826, "change_id": 103101114884, "instrument_name": "ETH-2JAN26", "bids": [[2971.25, 2389.0], [2971.0, 8346.0], [2970.75, 567.0], [2970.5, 2437.0], [2970.25, 4375.0], [2970.0, 7537.0], [2968.75, 1750.0], [2968.0, 500.0], [2966.0, 7564.0], [2965.75, 25340.0], [2965.5, 1675.0], [2965.25, 5720.0], [2965.0, 7021.0], [2964.75, 24380.0], [2963.5, 18306.0], [2963.25, 51060.0], [2962.0, 40400.0], [2959.5, 21252.0], [2959.25, 50992.0], [2957.25, 73227.0]], "asks": [[2972.0, 7880.0], [2972.25, 2156.0], [2972.5, 1755.0], [2972.75, 2367.0], [2973.0, 2523.0], [2973.25, 2467.0], [2973.5, 2467.0], [2973.75, 9264.0], [2974.0, 24670.0], [2975.5, 2059.0], [2975.75, 14488.0], [2976.0, 25430.0], [2977.75, 14657.0], [2978.0, 49102.0], [2980.25, 500.0], [2980.5, 400.0], [2980.75, 40000.0], [2982.75, 50897.0], [2984.75, 74152.0], [2986.25, 40000.0]]}}}
{"jsonrpc": "2.0", "method": "subscription", "params": {"channel": "book.ETH-9JAN26.none.20.100ms", "data": {"timestamp": 1767004172651, "change_id": 103101114609, "instrument_name": "ETH-9JAN26", "bids": [[2973.25, 8.0], [2972.75, 209.0], [2972.5, 909.0], [2972.25, 909.0], [2972.0, 700.0], [2971.75, 2072.0], [2971.5, 13063.0], [2970.75, 1250.0], [2970.25, 301.0], [2970.0, 1009.0], [2968.0, 1874.0], [2967.75, 6277.0], [2967.5, 341.0], [2967.25, 1144.0], [2966.75, 1366.0], [2966.5, 4576.0], [2966.25, 18307.0], [2966.0, 21239.0], [2965.5, 18942.0], [2964.75, 400.0]], "asks": [[2974.5, 1489.0], [2974.75, 909.0], [2975.0, 982.0], [2975.25, 999.0], [2975.5, 1700.0], [2975.75, 209.0], [2976.0, 700.0], [2976.25, 209.0], [2976.5, 999.0], [2976.75, 6142.0], [2977.0, 26045.0], [2977.25, 6701.0], [2979.0, 1009.0], [2979.5, 37143.0], [2981.75, 2002.0], [2982.5, 37916.0], [2986.75, 36776.0], [2988.5, 1144.0], [2990.75, 18557.0], [2992.5, 4576.0]]}}}
{"jsonrpc": "2.0", "method": "subscription", "params": {"channel": "book.ETH-2JAN26.none.20.100ms", "data": {"timestamp": 1767004173191, "change_id": 103101115581, "instrument_name": "ETH-2JAN26", "bids": [[2971.5, 5022.0], [2971.25, 7888.0], [2971.0, 1900.0], [2970.75, 567.0], [2970.5, 2437.0], [2970.25, 4375.0], [2970.0, 7537.0], [2969.0, 3150.0], [2968.75, 500.0], [2968.0, 500.0], [2966.0, 7564.0], [2965.75, 25340.0], [2965.5, 1675.0], [2965.25, 5720.0], [2965.0, 7021.0], [2964.75, 24380.0], [2963.5, 18306.0], [2963.25, 51060.0], [2962.0, 40400.0], [2959.5, 21252.0]], "asks": [[2972.0, 2125.0], [2972.25, 7346.0], [2972.5, 505.0], [2972.75, 2367.0], [2973.0, 2467.0], [2973.25, 2467.0], [2973.5, 2467.0], [2973.75, 9320.0], [2974.0, 24670.0], [2975.75, 7591.0], [2976.0, 25430.0], [2977.0, 6933.0], [2977.75, 14657.0], [2978.0, 49102.0], [2980.25, 500.0], [2980.5, 400.0], [2980.75, 40000.0], [2982.75, 50897.0], [2984.75, 74152.0], [2986.25, 40000.0]]}}}
{"jsonrpc": "2.0", "method": "subscription", "params": {"channel": "book.ETH-9JAN26.none.20.100ms", "data": {"timestamp": 1767004173199, "change_id": 103101115580, "instrument_name": "ETH-9JAN26", "bids": [[2973.25, 8.0], [2972.75, 209.0], [2972.5, 700.0], [2972.25, 209.0], [2972.0, 700.0], [2971.75, 3634.0], [2971.5, 13063.0], [2971.0, 1250.0], [2970.25, 301.0], [2970.0, 1009.0], [2968.0, 1874.0], [2967.75, 6277.0], [2967.5, 341.0], [2967.25, 1144.0], [2966.75, 1366.0], [2966.5, 4576.0], [2966.25, 18307.0], [2966.0, 21239.0], [2965.5, 18942.0], [2964.75, 400.0]], "asks": [[2974.75, 209.0], [2975.0, 982.0], [2975.25, 999.0], [2975.5, 1700.0], [2975.75, 209.0], [2976.0, 700.0], [2976.25, 209.0], [2976.5, 999.0], [2976.75, 6142.0], [2977.0, 19071.0], [2977.25, 6701.0], [2978.25, 2116.0], [2978.5, 7088.0], [2979.0, 1009.0], [2979.5, 37143.0], [2981.75, 2002.0], [2982.5, 37916.0], [2986.75, 36776.0], [2988.5, 1144.0], [2990.75, 18557.0]]}}}
{"jsonrpc": "2.0", "method": "subscription", "params": {"channel": "book.ETH-2JAN26.none.20.100ms", "data": {"timestamp": 1767004173419, "change_id": 103101115797, "instrument_name": "ETH-2JAN26", "bids": [[2971.5, 5022.0], [2971.25, 7888.0], [2971.0, 1900.0], [2970.75, 567.0], [2970.5, 2437.0], [2970.25, 4375.0], [2970.0, 7537.0], [2969.75, 1250.0], [2969.0, 1900.0], [2968.0, 500.0], [2966.0, 7564.0], [2965.75, 25340.0], [2965.5, 1675.0], [2965.25, 5720.0], [2965.0, 7021.0], [2964.75, 24380.0], [2963.5, 18306.0], [2963.25, 51060.0], [2962.0, 40400.0], [2959.5, 21252.0]], "asks": [[2972.0, 100014.0], [2972.25, 1626.0], [2972.5, 5951.0], [2972.75, 2668.0], [2973.0, 3717.0], [2973.25, 2467.0], [2973.5, 2467.0], [2973.75, 9320.0], [2974.0, 24670.0], [2975.75, 7591.0], [2976.0, 25430.0], [2977.0, 6933.0], [2977.75, 14657.0], [2978.0, 49102.0], [2980.25, 500.0], [2980.5, 400.0], [2980.75, 40000.0], [2982.75, 50897.0], [2984.75, 74152.0], [2986.25, 40000.0]]}}}
{"jsonrpc": "2.0", "method": "subscription", "params": {"channel": "book.ETH-9JAN26.none.20.100ms", "data": {"timestamp": 1767004173496, "change_id": 103101115868, "instrument_name": "ETH-9JAN26", "bids": [[2973.25, 8.0], [2973.0, 2520.0], [2972.75, 10465.0], [2972.5, 700.0], [2972.25, 209.0], [2972.0, 700.0], [2971.75, 4884.0], [2971.5, 13063.0], [2970.25, 301.0], [2970.0, 1009.0], [2968.0, 1874.0], [2967.75, 6277.0], [2967.5, 341.0], [2967.25, 1144.0], [2966.75, 1366.0], [2966.5, 4576.0], [2966.25, 18307.0], [2966.0, 21239.0], [2965.5, 18942.0], [2964.75, 400.0]], "asks": [[2975.0, 2232.0], [2975.25, 999.0], [2975.5, 1700.0], [2975.75, 209.0], [2976.0, 700.0], [2976.25, 209.0], [2976.5, 700.0], [2976.75, 4140.0], [2977.0, 19071.0], [2977.25, 6701.0], [2978.25, 2116.0], [2978.5, 7088.0], [2979.0, 1009.0], [2979.5, 37143.0], [2982.5, 37916.0], [2986.75, 36776.0], [2988.5, 1144.0], [2990.75, 18557.0], [2992.5, 4576.0], [2995.0, 37057.0]]}}}
{"jsonrpc": "2.0", "method": "subscription", "params": {"channel": "book.ETH-2JAN26.none.20.100ms", "data": {"timestamp": 1767004173660, "change_id": 103101116002, "instrument_name": "ETH-2JAN26", "bids": [[2971.5, 5022.0], [2971.25, 7888.0], [2971.0, 1900.0], [2970.75, 567.0], [2970.5, 2437.0], [2970.25, 4375.0], [2970.0, 8787.0], [2969.0, 2400.0], [2968.0, 500.0], [2966.0, 7564.0], [2965.75, 25340.0], [2965.5, 1675.0], [2965.25, 5720.0], [2965.0, 7021.0], [2964.75, 24380.0], [2963.5, 18306.0], [2963.25, 51060.0], [2962.0, 40400.0], [2959.5, 21252.0], [2959.25, 50992.0]], "asks": [[2972.25, 1626.0], [2972.5, 5951.0], [2972.75, 2668.0], [2973.0, 3717.0], [2973.25, 2467.0], [2973.5, 2467.0], [2973.75, 9320.0], [2974.0, 24670.0], [2975.75, 7591.0], [2976.0, 25430.0], [2977.0, 6933.0], [2977.75, 14657.0], [2978.0, 49102.0], [2980.25, 500.0], [2980.5, 400.0], [2980.75, 40000.0], [2982.75, 50897.0], [2984.75, 74152.0], [2986.25, 40000.0], [2986.75, 1144.0]]}}}
{"jsonrpc": "2.0", "method": "subscription", "params": {"channel": "book.ETH-9JAN26.none.20.100ms", "data": {"timestamp": 1767004173687, "change_id": 103101116025, "instrument_name": "ETH-9JAN26", "bids": [[2973.25, 8.0], [2973.0, 2520.0], [2972.75, 10465.0], [2972.5, 700.0], [2972.25, 209.0], [2972.0, 700.0], [2971.75, 4884.0], [2971.5, 13063.0], [2970.25, 301.0], [2970.0, 1009.0], [2968.0, 1874.0], [2967.75, 6277.0], [2967.5, 341.0], [2967.25, 1144.0], [2966.75, 1366.0], [2966.5, 4576.0], [2966.25, 18307.0], [2966.0, 21239.0], [2965.5, 18942.0], [2964.75, 400.0]], "asks": [[2975.0, 2176.0], [2975.25, 999.0], [2975.5, 1700.0], [2975.75, 265.0], [2976.0, 700.0], [2976.25, 209.0], [2976.5, 700.0], [2976.75, 4140.0], [2977.0, 19071.0], [2977.25, 6701.0], [2978.25, 2116.0], [2978.5, 7088.0], [2979.0, 1009.0], [2979.5, 37143.0], [2982.5, 37916.0], [2986.75, 36776.0], [2988.5, 1144.0], [2990.75, 18557.0], [2992.5, 4576.0], [2995.0, 37057.0]]}}}
{"jsonrpc": "2.0", "method": "subscription", "params": {"channel": "book.ETH-2JAN26.none.20.100ms", "data": {"timestamp": 1767004174125, "change_id": 103101116799, "instrument_name": "ETH-2JAN26", "bids": [[2971.5, 5022.0], [2971.25, 5988.0], [2971.0, 1900.0], [2970.75, 567.0], [2970.5, 2437.0], [2970.25, 5625.0], [2970.0, 7537.0], [2969.0, 500.0], [2968.0, 500.0], [2966.0, 7564.0], [2965.75, 25340.0], [2965.5, 1675.0], [2965.25, 5720.0], [2965.0, 7021.0], [2964.75, 24380.0], [2963.5, 18306.0], [2963.25, 51060.0], [2962.0, 40400.0], [2959.5, 21252.0], [2959.25, 50992.0]], "asks": [[2972.25, 8091.0], [2972.5, 105066.0], [2972.75, 2668.0], [2973.0, 3717.0], [2973.25, 2467.0], [2973.5, 2467.0], [2973.75, 9320.0], [2974.0, 24670.0], [2975.75, 7591.0], [2976.0, 25430.0], [2977.0, 6933.0], [2977.75, 14657.0], [2978.0, 49102.0], [2980.25, 500.0], [2980.5, 400.0], [2980.75, 40000.0], [2982.75, 50897.0], [2984.75, 74152.0], [2986.25, 40000.0], [2986.75, 1144.0]]}}}
{"jsonrpc": "2.0", "method": "subscription", "params": {"channel": "book.ETH-9JAN26.none.20.100ms", "data": {"timestamp": 1767004173946, "change_id": 103101116334, "instrument_name": "ETH-9JAN26", "bids": [[2973.25, 8.0], [2973.0, 2520.0], [2972.75, 10465.0], [2972.5, 700.0], [2972.25, 555.0], [2972.0, 1950.0], [2971.75, 3634.0], [2971.5, 13063.0], [2970.25, 301.0], [2970.0, 1009.0], [2968.0, 1874.0], [2967.75, 6277.0], [2967.5, 341.0], [2967.25, 1144.0], [2966.75, 1366.0], [2966.5, 4576.0], [2966.25, 18307.0], [2966.0, 21239.0], [2965.5, 18942.0], [2964.75, 400.0]], "asks": [[2975.0, 2176.0], [2975.25, 999.0], [2975.5, 1700.0], [2975.75, 265.0], [2976.0, 700.0], [2976.25, 209.0], [2976.5, 700.0], [2976.75, 4140.0], [2977.0, 19071.0], [2977.25, 6701.0], [2978.25, 2116.0], [2978.5, 7088.0], [2979.0, 1009.0], [2979.5, 37143.0], [2982.5, 37916.0], [2986.75, 36776.0], [2988.5, 1144.0], [2990.75, 18557.0], [2992.5, 4576.0], [2995.0, 37057.0]]}}}
{"jsonrpc": "2.0", "method": "subscription", "params": {"channel": "book.ETH-9JAN26.none.20.100ms", "data": {"timestamp": 1767004174461, "change_id": 103101116979, "instrument_name": "ETH-9JAN26", "bids": [[2973.25, 8.0], [2973.0, 2520.0], [2972.75, 10465.0], [2972.5, 700.0], [2972.25, 1459.0], [2972.0, 700.0], [2971.75, 3634.0], [2971.5, 13063.0], [2970.25, 301.0], [2970.0, 1009.0], [2968.0, 1874.0], [2967.75, 6277.0], [2967.5, 341.0], [2967.25, 1144.0], [2966.75, 1366.0], [2966.5, 4576.0], [2966.25, 18307.0], [2966.0, 21239.0], [2965.5, 18942.0], [2964.75, 400.0]], "asks": [[2975.0, 2176.0], [2975.25, 999.0], [2975.5, 1700.0], [2975.75, 265.0], [2976.0, 700.0], [2976.25, 209.0], [2976.5, 700.0], [2976.75, 4140.0], [2977.0, 19071.0], [2977.25, 8703.0], [2978.25, 2116.0], [2978.5, 7088.0], [2979.0, 1009.0], [2979.5, 37143.0], [2982.25, 2002.0], [2982.5, 37916.0], [2986.75, 36776.0], [2988.5, 1144.0], [2990.75, 18557.0], [2992.5, 4576.0]]}}}
{"jsonrpc": "2.0", "method": "subscription", "params": {"channel": "book.ETH-2JAN26.none.20.100ms", "data": {"timestamp": 1767004174740, "change_id": 103101117170, "instrument_name": "ETH-2JAN26", "bids": [[2971.5, 5022.0], [2971.25, 5988.0], [2971.0, 1900.0], [2970.75, 868.0], [2970.5, 3687.0], [2970.25, 4375.0], [2970.0, 7537.0], [2969.0, 500.0], [2968.0, 500.0], [2966.0, 7564.0], [2965.75, 25340.0], [2965.5, 1675.0], [2965.25, 5720.0], [2965.0, 7021.0], [2964.75, 24380.0], [2963.5, 18306.0], [2963.25, 51060.0], [2962.0, 40400.0], [2959.5, 21252.0], [2959.25, 50992.0]], "asks": [[2972.25, 8091.0], [2972.5, 105066.0], [2972.75, 2668.0], [2973.0, 3717.0], [2973.25, 2467.0], [2973.5, 2467.0], [2973.75, 9320.0], [2974.0, 24670.0], [2975.75, 7591.0], [2976.0, 25430.0], [2976.75, 2070.0], [2977.0, 6933.0], [2977.75, 14657.0], [2978.0, 49102.0], [2980.25, 500.0], [2980.5, 400.0], [2980.75, 40000.0], [2982.75, 50897.0], [2984.75, 74152.0], [2986.25, 40000.0]]}}}
{"jsonrpc": "2.0", "method": "subscription", "params": {"channel": "book.ETH-9JAN26.none.20.100ms", "data": {"timestamp": 1767004174742, "change_id": 103101117171, "instrument_name": "ETH-9JAN26", "bids": [[2973.25, 8.0], [2973.0, 2520.0], [2972.75, 10465.0], [2972.5, 1950.0], [2972.25, 209.0], [2972.0, 700.0], [2971.75, 3634.0], [2971.5, 13063.0], [2970.25, 301.0], [2970.0, 1009.0], [2968.0, 1874.0], [2967.75, 6277.0], [2967.5, 341.0], [2967.25, 1144.0], [2966.75, 1366.0], [2966.5, 4576.0], [2966.25, 18307.0], [2966.0, 21239.0], [2965.5, 18942.0], [2964.75, 400.0]], "asks": [[2975.0, 2176.0], [2975.25, 999.0], [2975.5, 1700.0], [2975.75, 265.0], [2976.0, 700.0], [2976.25, 209.0], [2976.5, 700.0], [2976.75, 4140.0], [2977.0, 19071.0], [2977.25, 8703.0], [2978.25, 2116.0], [2978.5, 7088.0], [2979.0, 1009.0], [2979.5, 37143.0], [2982.25, 2002.0], [2982.5, 37916.0], [2986.75, 36776.0], [2988.5, 1144.0], [2990.75, 18557.0], [2992.5, 4576.0]]}}}
{"jsonrpc": "2.0", "method": "subscription", "params": {"channel": "book.ETH-2JAN26.none.20.100ms", "data": {"timestamp": 1767004175114, "change_id": 103101117745, "instrument_name": "ETH-2JAN26", "bids": [[2971.5, 5022.0], [2971.25, 5988.0], [2971.0, 1900.0], [2970.75, 868.0], [2970.5, 3687.0], [2970.25, 4375.0], [2970.0, 7537.0], [2969.25, 1900.0], [2969.0, 500.0], [2968.0, 500.0], [2966.0, 7564.0], [2965.75, 25340.0], [2965.5, 1675.0], [2965.25, 5720.0], [2965.0, 7021.0], [2964.75, 24380.0], [2963.5, 18306.0], [2963.25, 51060.0], [2962.0, 40400.0], [2959.5, 21252.0]], "asks": [[2972.25, 8091.0], [2972.5, 105066.0], [2972.75, 2668.0], [2973.0, 3717.0], [2973.25, 2467.0], [2973.5, 2467.0], [2973.75, 9320.0], [2974.0, 24670.0], [2975.75, 7591.0], [2976.0, 25430.0], [2976.75, 2070.0], [2977.0, 6933.0], [2977.75, 14657.0], [2978.0, 49102.0], [2980.25, 500.0], [2980.5, 400.0], [2980.75, 40000.0], [2982.75, 50897.0], [2984.75, 74152.0], [2986.25, 40000.0]]}}}
{"jsonrpc": "2.0", "method": "subscription", "params": {"channel": "book.ETH-2JAN26.none.20.100ms", "data": {"timestamp": 1767004175500, "change_id": 103101117956, "instrument_name": "ETH-2JAN26", "bids": [[2971.5, 5022.0], [2971.25, 5988.0], [2971.0, 1900.0], [2970.75, 567.0], [2970.5, 2437.0], [2970.25, 4375.0], [2970.0, 7537.0], [2969.25, 1900.0], [2969.0, 500.0], [2968.0, 500.0], [2966.0, 7564.0], [2965.75, 25340.0], [2965.5, 1675.0], [2965.25, 5720.0], [2965.0, 7021.0], [2964.75, 24380.0], [2963.5, 18306.0], [2963.25, 51060.0], [2962.0, 40400.0], [2959.5, 21252.0]], "asks": [[2972.25, 8091.0], [2972.5, 105066.0], [2972.75, 2668.0], [2973.0, 3717.0], [2973.25, 2467.0], [2973.5, 2467.0], [2973.75, 9320.0], [2974.0, 24670.0], [2975.75, 7591.0], [2976.0, 25430.0], [2976.75, 2070.0], [2977.0, 6933.0], [2977.75, 14657.0], [2978.0, 49102.0], [2980.25, 500.0], [2980.5, 400.0], [2980.75, 40000.0], [2982.75, 50897.0], [2984.75, 74152.0], [2986.25, 40000.0]]}}}
{"jsonrpc": "2.0", "method": "subscription", "params": {"channel": "book.ETH-9JAN26.none.20.100ms", "data": {"timestamp": 1767004175530, "change_id": 103101118057, "instrument_name": "ETH-9JAN26", "bids": [[2973.25, 8.0], [2973.0, 2520.0], [2972.75, 10465.0], [2972.5, 700.0], [2972.25, 209.0], [2972.0, 700.0], [2971.75, 3634.0], [2971.5, 6943.0], [2970.25, 301.0], [2970.0, 1009.0], [2968.0, 1874.0], [2967.75, 6277.0], [2967.5, 341.0], [2967.25, 1144.0], [2966.75, 1366.0], [2966.5, 4576.0], [2966.25, 18307.0], [2966.0, 21239.0], [2965.5, 18942.0], [2964.75, 400.0]], "asks": [[2975.0, 2176.0], [2975.25, 999.0], [2975.5, 1700.0], [2975.75, 265.0], [2976.0, 700.0], [2976.25, 209.0], [2976.5, 700.0], [2976.75, 4140.0], [2977.0, 19071.0], [2977.25, 8703.0], [2978.25, 2116.0], [2978.5, 7088.0], [2979.0, 1009.0], [2979.5, 37143.0], [2982.25, 2002.0], [2982.5, 37916.0], [2986.75, 36776.0], [2988.5, 1144.0], [2990.75, 18557.0], [2992.5, 4576.0]]}}}
{"jsonrpc": "2.0", "method": "subscription", "params": {"channel": "book.ETH-2JAN26.none.20.100ms", "data": {"timestamp": 1767004175785, "change_id": 103101118289, "instrument_name": "ETH-2JAN26", "bids": [[2971.5, 5022.0], [2971.25, 5988.0], [2971.0, 1900.0], [2970.75, 567.0], [2970.5, 2437.0], [2970.25, 4375.0], [2970.0, 7537.0], [2969.5, 567.0], [2969.25, 3150.0], [2969.0, 500.0], [2968.0, 500.0], [2966.5, 7564.0], [2966.25, 25340.0], [2965.5, 1675.0], [2965.25, 5720.0], [2965.0, 7021.0], [2964.75, 24380.0], [2963.5, 18306.0], [2963.25, 51060.0], [2962.0, 40400.0]], "asks": [[2972.25, 4434.0], [2972.5, 5951.0], [2972.75, 2668.0], [2973.0, 3717.0], [2973.25, 2467.0], [2973.5, 2467.0], [2973.75, 9320.0], [2974.0, 24670.0], [2975.75, 7591.0], [2976.0, 25430.0], [2976.75, 2070.0], [2977.0, 6933.0], [2977.75, 14657.0], [2978.0, 49102.0], [2980.25, 500.0], [2980.5, 400.0], [2980.75, 40000.0], [2982.75, 50897.0], [2984.75, 74152.0], [2986.25, 40000.0]]}}}
{"jsonrpc": "2.0", "method": "subscription", "params": {"channel": "book.ETH-9JAN26.none.20.100ms", "data": {"timestamp": 1767004175553, "change_id": 103101118113, "instrument_name": "ETH-9JAN26", "bids": [[2973.25, 8.0], [2973.0, 2520.0], [2972.75, 10465.0], [2972.5, 700.0], [2972.25, 1828.0], [2972.0, 6820.0], [2971.75, 2072.0], [2971.5, 6943.0], [2971.0, 1250.0], [2970.25, 301.0], [2970.0, 1009.0], [2968.5, 1874.0], [2968.25, 6277.0], [2967.5, 341.0], [2967.25, 1144.0], [2966.75, 1366.0], [2966.5, 4576.0], [2966.25, 18307.0], [2966.0, 21239.0], [2965.5, 18942.0]], "asks": [[2975.0, 2176.0], [2975.25, 999.0], [2975.5, 1700.0], [2975.75, 265.0], [2976.0, 700.0], [2976.25, 209.0], [2976.5, 700.0], [2976.75, 4140.0], [2977.0, 19071.0], [2977.25, 8703.0], [2978.25, 2116.0], [2978.5, 7088.0], [2979.0, 1009.0], [2979.5, 37143.0], [2982.25, 2002.0], [2982.5, 37916.0], [2986.75, 36776.0], [2988.5, 1144.0], [2990.75, 18557.0], [2992.5, 4576.0]]}}}
{"jsonrpc": "2.0", "method": "subscription", "params": {"channel": "book.ETH-2JAN26.none.20.100ms", "data": {"timestamp": 1767004175985, "change_id": 103101118885, "instrument_name": "ETH-2JAN26", "bids": [[2971.5, 5022.0], [2971.25, 5988.0], [2971.0, 1900.0], [2970.75, 567.0], [2970.5, 2437.0], [2970.25, 4375.0], [2970.0, 7537.0], [2969.5, 1817.0], [2969.25, 1900.0], [2969.0, 500.0], [2968.0, 500.0], [2966.5, 7564.0], [2966.25, 25340.0], [2965.5, 1675.0], [2965.25, 5720.0], [2965.0, 7021.0], [2964.75, 24380.0], [2963.5, 18306.0], [2963.25, 51060.0], [2962.0, 40400.0]], "asks": [[2972.25, 8510.0], [2972.5, 505.0], [2972.75, 2668.0], [2973.0, 3717.0], [2973.25, 2467.0], [2973.5, 2467.0], [2973.75, 9320.0], [2974.0, 24670.0], [2975.75, 7591.0], [2976.0, 25430.0], [2976.75, 2070.0], [2977.0, 6933.0], [2977.75, 14657.0], [2978.0, 49102.0], [2980.25, 500.0], [2980.5, 400.0], [2980.75, 40000.0], [2982.75, 50897.0], [2984.75, 74152.0], [2986.25, 40000.0]]}}}
{"jsonrpc": "2.0", "method": "subscription", "params": {"channel": "book.ETH-9JAN26.none.20.100ms", "data": {"timestamp": 1767004176055, "change_id": 103101118807, "instrument_name": "ETH-9JAN26", "bids": [[2973.25, 8.0], [2973.0, 2520.0], [2972.75, 10465.0], [2972.5, 700.0], [2972.25, 1828.0], [2972.0, 6820.0], [2971.75, 2072.0], [2971.5, 6943.0], [2971.25, 1250.0], [2970.25, 301.0], [2970.0, 1009.0], [2968.5, 1874.0], [2968.25, 6277.0], [2967.5, 341.0], [2967.25, 1144.0], [2966.75, 1366.0], [2966.5, 4576.0], [2966.25, 18307.0], [2966.0, 21239.0], [2965.5, 18942.0]], "asks": [[2975.0, 2176.0], [2975.25, 999.0], [2975.5, 1700.0], [2975.75, 265.0], [2976.0, 700.0], [2976.25, 209.0], [2976.5, 700.0], [2976.75, 4140.0], [2977.0, 19071.0], [2977.25, 8703.0], [2978.25, 2116.0], [2978.5, 7088.0], [2979.0, 1009.0], [2979.5, 37143.0], [2982.25, 2002.0], [2982.5, 37916.0], [2986.75, 36776.0], [2988.5, 1144.0], [2990.75, 18557.0], [2992.5, 4576.0]]}}}
{"jsonrpc": "2.0", "method": "subscription", "params": {"channel": "book.ETH-9JAN26.none.20.100ms", "data": {"timestamp": 1767004176243, "change_id": 103101118916, "instrument_name": "ETH-9JAN26", "bids": [[2973.25, 8.0], [2973.0, 2520.0], [2972.75, 10465.0], [2972.5, 700.0], [2972.25, 1828.0], [2972.0, 6820.0], [2971.75, 2072.0], [2971.5, 8193.0], [2970.25, 301.0], [2970.0, 1009.0], [2968.5, 1874.0], [2968.25, 6277.0], [2967.5, 341.0], [2967.25, 1144.0], [2966.75, 1366.0], [2966.5, 4576.0], [2966.25, 18307.0], [2966.0, 21239.0], [2965.5, 18942.0], [2964.75, 400.0]], "asks": [[2975.0, 2176.0], [2975.25, 999.0], [2975.5, 1700.0], [2975.75, 265.0], [2976.0, 700.0], [2976.25, 209.0], [2976.5, 700.0], [2976.75, 4140.0], [2977.0, 19071.0], [2977.25, 8703.0], [2978.25, 2116.0], [2978.5, 7088.0], [2979.0, 1009.0], [2979.5, 37143.0], [2982.25, 2002.0], [2982.5, 37916.0], [2986.75, 36776.0], [2988.5, 1144.0], [2990.75, 18557.0], [2992.5, 4576.0]]}}}
{"jsonrpc": "2.0", "method": "subscription", "params": {"channel": "book.ETH-2JAN26.none.20.100ms", "data": {"timestamp": 1767004176373, "change_id": 103101118994, "instrument_name": "ETH-2JAN26", "bids": [[2971.5, 5022.0], [2971.25, 5988.0], [2971.0, 1900.0], [2970.75, 567.0], [2970.5, 2437.0], [2970.25, 4375.0], [2970.0, 7537.0], [2969.75, 1250.0], [2969.5, 567.0], [2969.25, 1900.0], [2969.0, 500.0], [2968.0, 500.0], [2966.5, 7564.0], [2966.25, 25340.0], [2965.5, 1675.0], [2965.25, 5720.0], [2965.0, 7021.0], [2964.75, 24380.0], [2963.5, 18306.0], [2963.25, 51060.0]], "asks": [[2972.25, 8510.0], [2972.5, 505.0], [2972.75, 2668.0], [2973.0, 3717.0], [2973.25, 2467.0], [2973.5, 2467.0], [2973.75, 9320.0], [2974.0, 24670.0], [2975.75, 7591.0], [2976.0, 25430.0], [2976.75, 2070.0], [2977.0, 6933.0], [2977.75, 14657.0], [2978.0, 49102.0], [2980.25, 500.0], [2980.5, 400.0], [2980.75, 40000.0], [2982.75, 50897.0], [2984.75, 74152.0], [2986.25, 40000.0]]}}}
{"jsonrpc": "2.0", "method": "subscription", "params": {"channel": "book.ETH-2JAN26.none.20.100ms", "data": {"timestamp": 1767004176837, "change_id": 103101119365, "instrument_name": "ETH-2JAN26", "bids": [[2971.5, 5022.0], [2971.25, 5988.0], [2971.0, 1900.0], [2970.75, 567.0], [2970.5, 2437.0], [2970.25, 4375.0], [2970.0, 8787.0], [2969.5, 567.0], [2969.25, 1900.0], [2969.0, 500.0], [2968.0, 500.0], [2966.5, 7564.0], [2966.25, 25340.0], [2965.5, 1675.0], [2965.25, 5720.0], [2965.0, 7021.0], [2964.75, 24380.0], [2963.5, 18306.0], [2963.25, 51060.0], [2962.0, 40400.0]], "asks": [[2972.25, 8510.0], [2972.5, 505.0], [2972.75, 2668.0], [2973.0, 3717.0], [2973.25, 2467.0], [2973.5, 2467.0], [2973.75, 9320.0], [2974.0, 24670.0], [2975.75, 7591.0], [2976.0, 25430.0], [2976.75, 2070.0], [2977.0, 6933.0], [2977.75, 14657.0], [2978.0, 49102.0], [2980.25, 500.0], [2980.5, 400.0], [2980.75, 40000.0], [2982.75, 50897.0], [2984.75, 74152.0], [2986.25, 40000.0]]}}}
{"jsonrpc": "2.0", "method": "subscription", "params": {"channel": "book.ETH-9JAN26.none.20.100ms", "data": {"timestamp": 1767004176834, "change_id": 103101119362, "instrument_name": "ETH-9JAN26", "bids": [[2973.25, 8.0], [2973.0, 2520.0], [2972.75, 10465.0], [2972.5, 700.0], [2972.25, 1828.0], [2972.0, 8070.0], [2971.75, 2072.0], [2971.5, 6943.0], [2970.25, 301.0], [2970.0, 1009.0], [2968.5, 1874.0], [2968.25, 6277.0], [2967.5, 341.0], [2967.25, 1144.0], [2966.75, 1366.0], [2966.5, 4576.0], [2966.25, 18307.0], [2966.0, 21239.0], [2965.5, 18942.0], [2964.75, 400.0]], "asks": [[2975.0, 2176.0], [2975.25, 999.0], [2975.5, 1700.0], [2975.75, 265.0], [2976.0, 700.0], [2976.25, 209.0], [2976.5, 700.0], [2976.75, 4140.0], [2977.0, 19071.0], [2977.25, 8703.0], [2978.25, 2116.0], [2978.5, 7088.0], [2979.0, 1009.0], [2979.5, 37143.0], [2982.25, 2002.0], [2982.5, 37916.0], [2986.75, 36776.0], [2988.5, 1144.0], [2990.75, 18557.0], [2992.5, 4576.0]]}}}
{"jsonrpc": "2.0", "method": "subscription", "params": {"channel": "book.ETH-9JAN26.none.20.100ms", "data": {"timestamp": 1767004177181, "change_id": 103101119845, "instrument_name": "ETH-9JAN26", "bids": [[2973.25, 8.0], [2973.0, 2520.0], [2972.75, 10465.0], [2972.5, 1073.0], [2972.25, 3078.0], [2972.0, 6820.0], [2971.75, 2072.0], [2971.5, 6943.0], [2970.25, 301.0], [2970.0, 1009.0], [2968.5, 1874.0], [2968.25, 6277.0], [2967.5, 341.0], [2967.25, 1144.0], [2966.75, 1366.0], [2966.5, 4576.0], [2966.25, 18307.0], [2966.0, 21239.0], [2965.5, 18942.0], [2964.75, 400.0]], "asks": [[2975.0, 2176.0], [2975.25, 999.0], [2975.5, 1700.0], [2975.75, 265.0], [2976.0, 700.0], [2976.25, 209.0], [2976.5, 700.0], [2976.75, 4140.0], [2977.0, 19071.0], [2977.25, 8703.0], [2978.25, 2116.0], [2978.5, 7088.0], [2979.0, 1009.0], [2979.5, 37143.0], [2982.25, 2002.0], [2982.5, 37916.0], [2986.75, 36776.0], [2988.5, 1144.0], [2990.75, 18557.0], [2992.5, 4576.0]]}}}
{"jsonrpc": "2.0", "method": "subscription", "params": {"channel": "book.ETH-2JAN26.none.20.100ms", "data": {"timestamp": 1767004177178, "change_id": 103101119842, "instrument_name": "ETH-2JAN26", "bids": [[2971.5, 5022.0], [2971.25, 5988.0], [2971.0, 1900.0], [2970.75, 567.0], [2970.5, 2742.0], [2970.25, 5625.0], [2970.0, 7537.0], [2969.5, 567.0], [2969.25, 1900.0], [2969.0, 500.0], [2968.0, 500.0], [2966.5, 7564.0], [2966.25, 25340.0], [2965.5, 1675.0], [2965.25, 5720.0], [2965.0, 7021.0], [2964.75, 24380.0], [2963.5, 18306.0], [2963.25, 51060.0], [2962.0, 40400.0]], "asks": [[2972.25, 8510.0], [2972.5, 505.0], [2972.75, 2668.0], [2973.0, 3717.0], [2973.25, 2467.0], [2973.5, 2467.0], [2973.75, 9320.0], [2974.0, 24670.0], [2975.75, 7591.0], [2976.0, 25430.0], [2976.75, 2070.0], [2977.0, 6933.0], [2977.75, 14657.0], [2978.0, 49102.0], [2980.25, 500.0], [2980.5, 400.0], [2980.75, 40000.0], [2982.75, 50897.0], [2984.75, 74152.0], [2986.25, 40000.0]]}}}
{"jsonrpc": "2.0", "method": "subscription", "params": {"channel": "book.ETH-9JAN26.none.20.100ms", "data": {"timestamp": 1767004177752, "change_id": 103101120273, "instrument_name": "ETH-9JAN26", "bids": [[2973.25, 8.0], [2972.75, 209.0], [2972.5, 1073.0], [2972.25, 3078.0], [2972.0, 6820.0], [2970.25, 2310.0], [2970.0, 7868.0], [2968.5, 1874.0], [2968.25, 6277.0], [2967.5, 341.0], [2967.25, 1144.0], [2966.75, 1366.0], [2966.5, 4576.0], [2966.25, 18307.0], [2966.0, 21239.0], [2965.5, 18942.0], [2964.75, 400.0], [2962.5, 37918.0], [2960.0, 37303.0], [2957.25, 37692.0]], "asks": [[2974.75, 1459.0], [2975.0, 926.0], [2975.25, 1055.0], [2975.5, 1700.0], [2975.75, 209.0], [2976.0, 700.0], [2976.25, 209.0], [2976.5, 700.0], [2976.75, 4140.0], [2977.0, 19071.0], [2977.25, 8703.0], [2978.25, 2116.0], [2978.5, 7088.0], [2979.0, 1009.0], [2979.5, 37143.0], [2982.25, 2002.0], [2982.5, 37916.0], [2986.75, 36776.0], [2988.5, 1144.0], [2990.75, 18557.0]]}}}
{"jsonrpc": "2.0", "method": "subscription", "params": {"channel": "book.ETH-2JAN26.none.20.100ms", "data": {"timestamp": 1767004177774, "change_id": 103101120281, "instrument_name": "ETH-2JAN26", "bids": [[2971.5, 1000.0], [2971.25, 542.0], [2971.0, 1900.0], [2970.75, 567.0], [2970.5, 2742.0], [2970.25, 3617.0], [2969.5, 567.0], [2969.25, 1900.0], [2968.75, 2087.0], [2968.5, 6990.0], [2968.0, 500.0], [2966.5, 7564.0], [2966.25, 25340.0], [2965.5, 1675.0], [2965.25, 5720.0], [2965.0, 7021.0], [2964.75, 24380.0], [2963.5, 18306.0], [2963.25, 51060.0], [2962.0, 40400.0]], "asks": [[2972.0, 8151.0], [2972.25, 3064.0], [2972.5, 846.0], [2972.75, 3617.0], [2973.0, 2467.0], [2973.25, 2523.0], [2973.5, 2467.0], [2973.75, 9264.0], [2974.0, 24670.0], [2975.75, 7591.0], [2976.0, 25430.0], [2976.75, 2070.0], [2977.0, 6933.0], [2977.75, 14657.0], [2978.0, 49102.0], [2980.25, 500.0], [2980.5, 400.0], [2980.75, 40000.0], [2982.75, 50897.0], [2984.75, 74152.0]]}}}
{"jsonrpc": "2.0", "method": "subscription", "params": {"channel": "book.ETH-2JAN26.none.20.100ms", "data": {"timestamp": 1767004178081, "change_id": 103101120862, "instrument_name": "ETH-2JAN26", "bids": [[2971.5, 2900.0], [2971.25, 542.0], [2971.0, 3526.0], [2970.75, 7913.0], [2970.5, 2742.0], [2970.25, 8884.0], [2968.0, 500.0], [2966.5, 7564.0], [2966.25, 25340.0], [2965.5, 1675.0], [2965.25, 5720.0], [2965.0, 7021.0], [2964.75, 24380.0], [2963.5, 18306.0], [2963.25, 51060.0], [2962.0, 40400.0], [2959.5, 21252.0], [2959.25, 50992.0], [2957.25, 73227.0], [2957.0, 76662.0]], "asks": [[2972.0, 13561.0], [2972.25, 101263.0], [2972.5, 846.0], [2972.75, 3617.0], [2973.0, 2467.0], [2973.25, 2523.0], [2973.5, 2467.0], [2973.75, 9264.0], [2974.0, 24670.0], [2975.75, 7591.0], [2976.0, 25430.0], [2976.75, 2070.0], [2977.0, 6933.0], [2977.75, 14657.0], [2978.0, 49102.0], [2980.25, 500.0], [2980.5, 400.0], [2980.75, 40000.0], [2982.75, 50897.0], [2984.75, 74152.0]]}}}
{"jsonrpc": "2.0", "method": "subscription", "params": {"channel": "book.ETH-9JAN26.none.20.100ms", "data": {"timestamp": 1767004177987, "change_id": 103101120743, "instrument_name": "ETH-9JAN26", "bids": [[2973.25, 8.0], [2973.0, 1937.0], [2972.75, 10465.0], [2972.5, 1073.0], [2972.25, 3078.0], [2972.0, 6820.0], [2971.75, 7202.0], [2970.25, 301.0], [2970.0, 1009.0], [2968.5, 1874.0], [2968.25, 6277.0], [2967.5, 341.0], [2967.25, 1144.0], [2966.75, 1366.0], [2966.5, 4576.0], [2966.25, 18307.0], [2966.0, 21239.0], [2965.5, 18942.0], [2964.75, 400.0], [2962.5, 37918.0]], "asks": [[2974.75, 1459.0], [2975.0, 926.0], [2975.25, 1055.0], [2975.5, 1700.0], [2975.75, 209.0], [2976.0, 700.0], [2976.25, 209.0], [2976.5, 700.0], [2976.75, 4140.0], [2977.0, 19071.0], [2977.25, 8703.0], [2978.25, 2116.0], [2978.5, 7088.0], [2979.0, 1009.0], [2979.5, 37143.0], [2982.25, 2002.0], [2982.5, 37916.0], [2986.75, 36776.0], [2988.5, 1144.0], [2990.75, 18557.0]]}}}
{"jsonrpc": "2.0", "method": "subscription", "params": {"channel": "book.ETH-2JAN26.none.20.100ms", "data": {"timestamp": 1767004178473, "change_id": 103101121080, "instrument_name": "ETH-2JAN26", "bids": [[2971.5, 2900.0], [2971.25, 542.0], [2971.0, 3526.0], [2970.75, 7913.0], [2970.5, 3992.0], [2970.25, 7634.0], [2968.75, 500.0], [2968.0, 500.0], [2966.5, 7564.0], [2966.25, 25340.0], [2965.5, 1675.0], [2965.25, 5720.0], [2965.0, 7021.0], [2964.75, 24380.0], [2963.5, 18306.0], [2963.25, 51060.0], [2962.0, 40400.0], [2959.5, 21252.0], [2959.25, 50992.0], [2957.25, 73227.0]], "asks": [[2972.0, 13561.0], [2972.25, 101263.0], [2972.5, 846.0], [2972.75, 3617.0], [2973.0, 2467.0], [2973.25, 2523.0], [2973.5, 2467.0], [2973.75, 9264.0], [2974.0, 24670.0], [2975.75, 7591.0], [2976.0, 25430.0], [2976.75, 2070.0], [2977.0, 6933.0], [2977.75, 14657.0], [2978.0, 49102.0], [2980.25, 500.0], [2980.5, 400.0], [2980.75, 40000.0], [2982.75, 50897.0], [2984.75, 74152.0]]}}}
{"jsonrpc": "2.0", "method": "subscription", "params": {"channel": "book.ETH-9JAN26.none.20.100ms", "data": {"timestamp": 1767004178289, "change_id": 103101120978, "instrument_name": "ETH-9JAN26", "bids": [[2973.25, 8.0], [2973.0, 1937.0], [2972.75, 10811.0], [2972.5, 1950.0], [2972.25, 1828.0], [2972.0, 6820.0], [2971.75, 7202.0], [2970.25, 301.0], [2970.0, 1009.0], [2968.5, 1874.0], [2968.25, 6277.0], [2967.5, 341.0], [2967.25, 1144.0], [2966.75, 1366.0], [2966.5, 4576.0], [2966.25, 18307.0], [2966.0, 21239.0], [2965.5, 18942.0], [2964.75, 400.0], [2962.5, 37918.0]], "asks": [[2974.75, 1459.0], [2975.0, 926.0], [2975.25, 1055.0], [2975.5, 1700.0], [2975.75, 209.0], [2976.0, 700.0], [2976.25, 209.0], [2976.5, 700.0], [2976.75, 4140.0], [2977.0, 19071.0], [2977.25, 8703.0], [2978.25, 2116.0], [2978.5, 7088.0], [2979.0, 1009.0], [2979.5, 37143.0], [2982.25, 2002.0], [2982.5, 37916.0], [2986.75, 36776.0], [2988.5, 1144.0], [2990.75, 18557.0]]}}}
{"jsonrpc": "2.0", "method": "subscription", "params": {"channel": "book.ETH-2JAN26.none.20.100ms", "data": {"timestamp": 1767004178792, "change_id": 103101121591, "instrument_name": "ETH-2JAN26", "bids": [[2971.5, 2900.0], [2971.25, 2133.0], [2971.0, 7880.0], [2970.75, 2467.0], [2970.5, 2742.0], [2970.25, 7634.0], [2969.0, 1250.0], [2968.0, 500.0], [2967.0, 7564.0], [2966.75, 25340.0], [2965.5, 1675.0], [2965.25, 5720.0], [2965.0, 7021.0], [2964.75, 24380.0], [2963.5, 18306.0], [2963.25, 51060.0], [2962.0, 40400.0], [2959.5, 21252.0], [2959.25, 50992.0], [2957.25, 73227.0]], "asks": [[2972.0, 8795.0], [2972.25, 2156.0], [2972.5, 846.0], [2972.75, 3617.0], [2973.0, 2467.0], [2973.25, 2523.0], [2973.5, 2467.0], [2973.75, 9264.0], [2974.0, 24670.0], [2975.75, 7591.0], [2976.0, 25430.0], [2976.75, 2070.0], [2977.0, 6933.0], [2977.75, 14657.0], [2978.0, 49102.0], [2980.25, 500.0], [2980.5, 400.0], [2980.75, 40000.0], [2982.75, 50897.0], [2984.75, 74152.0]]}}}
{"jsonrpc": "2.0", "method": "subscription", "params": {"channel": "book.ETH-9JAN26.none.20.100ms", "data": {"timestamp": 1767004178794, "change_id": 103101121595, "instrument_name": "ETH-9JAN26", "bids": [[2973.25, 8.0], [2973.0, 1937.0], [2972.75, 10465.0], [2972.5, 700.0], [2972.25, 209.0], [2972.0, 2830.0], [2971.75, 7202.0], [2971.0, 1250.0], [2970.5, 6120.0], [2970.25, 301.0], [2970.0, 1009.0], [2968.75, 6277.0], [2967.5, 341.0], [2967.25, 1144.0], [2966.75, 1366.0], [2966.5, 4576.0], [2966.25, 18307.0], [2966.0, 21239.0], [2965.5, 18942.0], [2964.75, 400.0]], "asks": [[2974.75, 1459.0], [2975.0, 926.0], [2975.25, 1055.0], [2975.5, 1700.0], [2975.75, 209.0], [2976.0, 700.0], [2976.25, 209.0], [2976.5, 700.0], [2976.75, 4140.0], [2977.0, 19071.0], [2977.25, 8703.0], [2978.25, 2116.0], [2978.5, 7088.0], [2979.0, 1009.0], [2979.5, 37143.0], [2982.25, 2002.0], [2982.5, 37916.0], [2986.75, 36776.0], [2988.5, 1144.0], [2990.75, 18557.0]]}}}
{"jsonrpc": "2.0", "method": "subscription", "params": {"channel": "book.ETH-2JAN26.none.20.100ms", "data": {"timestamp": 1767004179096, "change_id": 103101122144, "instrument_name": "ETH-2JAN26", "bids": [[2971.5, 2900.0], [2971.25, 2133.0], [2971.0, 7880.0], [2970.75, 2467.0], [2970.5, 3902.0], [2970.25, 7634.0], [2969.25, 3150.0], [2968.0, 500.0], [2967.0, 7564.0], [2966.75, 25340.0], [2965.5, 1675.0], [2965.25, 5720.0], [2965.0, 7021.0], [2964.75, 24380.0], [2963.5, 18306.0], [2963.25, 51060.0], [2962.0, 40400.0], [2959.5, 21252.0], [2959.25, 50992.0], [2957.25, 73227.0]], "asks": [[2972.0, 12058.0], [2972.25, 101263.0], [2972.5, 846.0], [2972.75, 3617.0], [2973.0, 2467.0], [2973.25, 2523.0], [2973.5, 2467.0], [2973.75, 9264.0], [2974.0, 24670.0], [2975.75, 7591.0], [2976.0, 25430.0], [2976.75, 2070.0], [2977.0, 6933.0], [2977.75, 14657.0], [2978.0, 49102.0], [2980.25, 500.0], [2980.5, 400.0], [2980.75, 40000.0], [2982.75, 50897.0], [2984.75, 74152.0]]}}}
{"jsonrpc": "2.0", "method": "subscription", "params": {"channel": "book.ETH-9JAN26.none.20.100ms", "data": {"timestamp": 1767004179095, "change_id": 103101122143, "instrument_name": "ETH-9JAN26", "bids": [[2973.25, 8.0], [2973.0, 1937.0], [2972.75, 10465.0], [2972.5, 700.0], [2972.25, 209.0], [2972.0, 2830.0], [2971.75, 7202.0], [2971.25, 1250.0], [2970.5, 6120.0], [2970.25, 301.0], [2970.0, 1009.0], [2968.75, 6277.0], [2967.5, 341.0], [2967.25, 1144.0], [2966.75, 1366.0], [2966.5, 4576.0], [2966.25, 18307.0], [2966.0, 21239.0], [2965.5, 18942.0], [2964.75, 400.0]], "asks": [[2974.75, 1459.0], [2975.0, 926.0], [2975.25, 1055.0], [2975.5, 1700.0], [2975.75, 209.0], [2976.0, 700.0], [2976.25, 209.0], [2976.5, 700.0], [2976.75, 4140.0], [2977.0, 19071.0], [2977.25, 6701.0], [2978.25, 2116.0], [2978.5, 7088.0], [2979.0, 1009.0], [2979.5, 37143.0], [2982.5, 37916.0], [2986.75, 36776.0], [2988.5, 1144.0], [2990.75, 18557.0], [2992.5, 4576.0]]}}}
{"jsonrpc": "2.0", "method": "subscription", "params": {"channel": "book.ETH-2JAN26.none.20.100ms", "data": {"timestamp": 1767004179479, "change_id": 103101122284, "instrument_name": "ETH-2JAN26", "bids": [[2971.5, 2900.0], [2971.25, 2133.0], [2971.0, 7880.0], [2970.75, 2467.0], [2970.5, 3902.0], [2970.25, 7634.0], [2969.5, 1250.0], [2969.25, 1900.0], [2968.0, 500.0], [2967.0, 7564.0], [2966.75, 25340.0], [2965.5, 1675.0], [2965.25, 5720.0], [2965.0, 7021.0], [2964.75, 24380.0], [2963.5, 18306.0], [2963.25, 51060.0], [2962.0, 40400.0], [2959.5, 21252.0], [2959.25, 50992.0]], "asks": [[2972.0, 12058.0], [2972.25, 101263.0], [2972.5, 846.0], [2972.75, 3617.0], [2973.0, 2467.0], [2973.25, 2523.0], [2973.5, 2467.0], [2973.75, 9264.0], [2974.0, 24670.0], [2975.75, 7591.0], [2976.0, 25430.0], [2976.75, 2070.0], [2977.0, 6933.0], [2977.75, 14657.0], [2978.0, 49102.0], [2980.25, 500.0], [2980.5, 400.0], [2980.75, 40000.0], [2982.75, 50897.0], [2984.75, 74152.0]]}}}
{"jsonrpc": "2.0", "method": "subscription", "params": {"channel": "book.ETH-9JAN26.none.20.100ms", "data": {"timestamp": 1767004179480, "change_id": 103101122285, "instrument_name": "ETH-9JAN26", "bids": [[2973.25, 8.0], [2973.0, 1937.0], [2972.75, 10465.0], [2972.5, 700.0], [2972.25, 209.0], [2972.0, 2830.0], [2971.75, 7202.0], [2971.5, 1250.0], [2970.75, 1827.0], [2970.5, 6120.0], [2970.25, 301.0], [2970.0, 1009.0], [2969.0, 1874.0], [2968.75, 6277.0], [2967.5, 341.0], [2967.25, 1144.0], [2966.75, 1366.0], [2966.5, 4576.0], [2966.25, 18307.0], [2966.0, 21239.0]], "asks": [[2974.75, 1459.0], [2975.0, 926.0], [2975.25, 1055.0], [2975.5, 1700.0], [2975.75, 209.0], [2976.0, 700.0], [2976.25, 209.0], [2976.5, 700.0], [2976.75, 4140.0], [2977.0, 19071.0], [2977.25, 8703.0], [2978.25, 2116.0], [2978.5, 7088.0], [2979.0, 1009.0], [2979.5, 37143.0], [2982.25, 2002.0], [2982.5, 37916.0], [2986.75, 36776.0], [2988.5, 1144.0], [2990.75, 18557.0]]}}}
{"jsonrpc": "2.0", "method": "subscription", "params": {"channel": "book.ETH-9JAN26.none.20.100ms", "data": {"timestamp": 1767004179808, "change_id": 103101122611, "instrument_name": "ETH-9JAN26", "bids": [[2973.25, 8.0], [2973.0, 1937.0], [2972.75, 10465.0], [2972.5, 700.0], [2972.25, 209.0], [2972.0, 2830.0], [2971.75, 8452.0], [2970.75, 1827.0], [2970.5, 6120.0], [2970.25, 301.0], [2970.0, 1009.0], [2969.0, 1874.0], [2968.75, 6277.0], [2967.5, 341.0], [2967.25, 1144.0], [2966.75, 1366.0], [2966.5, 4576.0], [2966.25, 18307.0], [2966.0, 21239.0], [2965.5, 18942.0]], "asks": [[2974.75, 1459.0], [2975.0, 926.0], [2975.25, 1055.0], [2975.5, 1700.0], [2975.75, 209.0], [2976.0, 700.0], [2976.25, 209.0], [2976.5, 700.0], [2976.75, 4140.0], [2977.0, 19071.0], [2977.25, 6701.0], [2978.25, 2116.0], [2978.5, 7088.0], [2979.0, 1009.0], [2979.5, 37143.0], [2982.5, 37916.0], [2986.75, 36776.0], [2988.5, 1144.0], [2990.75, 18557.0], [2992.5, 4576.0]]}}}
{"jsonrpc": "2.0", "method": "subscription", "params": {"channel": "book.ETH-2JAN26.none.20.100ms", "data": {"timestamp": 1767004179813, "change_id": 103101122615, "instrument_name": "ETH-2JAN26", "bids": [[2971.5, 2900.0], [2971.25, 2133.0], [2971.0, 7880.0], [2970.75, 2467.0], [2970.5, 3902.0], [2970.25, 7634.0], [2970.0, 1900.0], [2969.75, 1250.0], [2968.0, 500.0], [2967.0, 7564.0], [2966.75, 25340.0], [2965.5, 1675.0], [2965.25, 5720.0], [2965.0, 7021.0], [2964.75, 24380.0], [2963.5, 18306.0], [2963.25, 51060.0], [2962.0, 40400.0], [2959.5, 21252.0], [2959.25, 50992.0]], "asks": [[2972.0, 6612.0], [2972.25, 106709.0], [2972.5, 846.0], [2972.75, 3617.0], [2973.0, 2467.0], [2973.25, 2523.0], [2973.5, 2467.0], [2973.75, 9264.0], [2974.0, 24670.0], [2975.75, 7591.0], [2976.0, 25430.0], [2976.75, 2070.0], [2977.0, 6933.0], [2977.75, 14657.0], [2978.0, 49102.0], [2980.25, 500.0], [2980.5, 400.0], [2980.75, 40000.0], [2982.75, 50897.0], [2984.75, 74152.0]]}}}
{"jsonrpc": "2.0", "method": "subscription", "params": {"channel": "book.ETH-2JAN26.none.20.100ms", "data": {"timestamp": 1767004180080, "change_id": 103101123130, "instrument_name": "ETH-2JAN26", "bids": [[2971.5, 2900.0], [2971.25, 2133.0], [2971.0, 7880.0], [2970.75, 2467.0], [2970.5, 3902.0], [2970.25, 9534.0], [2970.0, 2156.0], [2969.75, 1250.0], [2968.0, 500.0], [2967.0, 7564.0], [2966.75, 25340.0], [2965.5, 1675.0], [2965.25, 5720.0], [2965.0, 7021.0], [2964.75, 24380.0], [2963.5, 18306.0], [2963.25, 51060.0], [2962.0, 40400.0], [2959.5, 21252.0], [2959.25, 50992.0]], "asks": [[2972.0, 6612.0], [2972.25, 106709.0], [2972.5, 846.0], [2972.75, 3617.0], [2973.0, 2467.0], [2973.25, 2523.0], [2973.5, 2467.0], [2973.75, 9264.0], [2974.0, 24670.0], [2975.75, 7591.0], [2976.0, 25430.0], [2976.75, 2070.0], [2977.0, 6933.0], [2977.75, 14657.0], [2978.0, 49102.0], [2980.25, 500.0], [2980.5, 400.0], [2980.75, 40000.0], [2982.75, 50897.0], [2984.75, 74152.0]]}}}
{"jsonrpc": "2.0", "method": "subscription", "params": {"channel": "book.ETH-2JAN26.none.20.100ms", "data": {"timestamp": 1767004180447, "change_id": 103101123364, "instrument_name": "ETH-2JAN26", "bids": [[2971.5, 2900.0], [2971.25, 2133.0], [2971.0, 7880.0], [2970.75, 2467.0], [2970.5, 3902.0], [2970.25, 10784.0], [2970.0, 1900.0], [2968.0, 500.0], [2967.0, 7564.0], [2966.75, 25340.0], [2965.5, 1675.0], [2965.25, 5720.0], [2965.0, 7021.0], [2964.75, 24380.0], [2963.5, 18306.0], [2963.25, 51060.0], [2962.0, 40400.0], [2959.5, 21252.0], [2959.25, 50992.0], [2957.25, 73227.0]], "asks": [[2972.0, 6612.0], [2972.25, 106709.0], [2972.5, 846.0], [2972.75, 3617.0], [2973.0, 2467.0], [2973.25, 2523.0], [2973.5, 2467.0], [2973.75, 9264.0], [2974.0, 24670.0], [2975.75, 7591.0], [2976.0, 25430.0], [2976.75, 2070.0], [2977.0, 6933.0], [2977.75, 14657.0], [2978.0, 49102.0], [2980.25, 500.0], [2980.5, 400.0], [2980.75, 40000.0], [2982.75, 50897.0], [2984.75, 74152.0]]}}}
{"jsonrpc": "2.0", "method": "subscription", "params": {"channel": "book.ETH-9JAN26.none.20.100ms", "data": {"timestamp": 1767004180333, "change_id": 103101123261, "instrument_name": "ETH-9JAN26", "bids": [[2973.25, 8.0], [2973.0, 1937.0], [2972.75, 10465.0], [2972.5, 700.0], [2972.25, 209.0], [2972.0, 4080.0], [2971.75, 7202.0], [2970.75, 1827.0], [2970.5, 6120.0], [2970.25, 301.0], [2970.0, 1009.0], [2969.0, 1874.0], [2968.75, 6277.0], [2967.5, 341.0], [2967.25, 1144.0], [2966.75, 1366.0], [2966.5, 4576.0], [2966.25, 18307.0], [2966.0, 21239.0], [2965.5, 18942.0]], "asks": [[2974.75, 1459.0], [2975.0, 926.0], [2975.25, 1055.0], [2975.5, 1700.0], [2975.75, 209.0], [2976.0, 700.0], [2976.25, 209.0], [2976.5, 700.0], [2976.75, 4140.0], [2977.0, 19071.0], [2977.25, 8703.0], [2978.25, 2116.0], [2978.5, 7088.0], [2979.0, 1009.0], [2979.5, 37143.0], [2982.25, 2002.0], [2982.5, 37916.0], [2986.75, 36776.0], [2988.5, 1144.0], [2990.75, 18557.0]]}}}
{"jsonrpc": "2.0", "method": "subscription", "params": {"channel": "book.ETH-9JAN26.none.20.100ms", "data": {"timestamp": 1767004180729, "change_id": 103101123539, "instrument_name": "ETH-9JAN26", "bids": [[2973.25, 8.0], [2973.0, 1937.0], [2972.75, 10465.0], [2972.5, 1073.0], [2972.25, 1459.0], [2972.0, 2830.0], [2971.75, 7202.0], [2970.75, 1827.0], [2970.5, 6120.0], [2970.25, 301.0], [2970.0, 1009.0], [2969.0, 1874.0], [2968.75, 6277.0], [2967.5, 341.0], [2967.25, 1144.0], [2966.75, 1366.0], [2966.5, 4576.0], [2966.25, 18307.0], [2966.0, 21239.0], [2965.5, 18942.0]], "asks": [[2974.75, 1459.0], [2975.0, 926.0], [2975.25, 1055.0], [2975.5, 1700.0], [2975.75, 209.0], [2976.0, 700.0], [2976.25, 209.0], [2976.5, 700.0], [2976.75, 4140.0], [2977.0, 19071.0], [2977.25, 6701.0], [2978.25, 2116.0], [2978.5, 7088.0], [2979.0, 1009.0], [2979.5, 37143.0], [2982.5, 37916.0], [2986.75, 36776.0], [2988.5, 1144.0], [2990.75, 18557.0], [2992.5, 4576.0]]}}}
{"jsonrpc": "2.0", "method": "subscription", "params": {"channel": "book.ETH-2JAN26.none.20.100ms", "data": {"timestamp": 1767004180765, "change_id": 103101123552, "instrument_name": "ETH-2JAN26", "bids": [[2971.5, 1000.0], [2971.25, 2133.0], [2971.0, 7880.0], [2970.75, 2467.0], [2970.5, 3902.0], [2970.25, 10784.0], [2970.0, 1900.0], [2968.75, 500.0], [2968.0, 500.0], [2967.0, 7564.0], [2966.75, 25340.0], [2965.5, 1675.0], [2965.25, 5720.0], [2965.0, 7021.0], [2964.75, 24380.0], [2963.5, 18306.0], [2963.25, 51060.0], [2962.0, 40400.0], [2959.5, 21252.0], [2959.25, 50992.0]], "asks": [[2972.0, 4940.0], [2972.25, 7602.0], [2972.5, 846.0], [2972.75, 3617.0], [2973.0, 2467.0], [2973.25, 2523.0], [2973.5, 2467.0], [2973.75, 9264.0], [2974.0, 24670.0], [2975.75, 7591.0], [2976.0, 25430.0], [2976.75, 2070.0], [2977.0, 6933.0], [2977.75, 14657.0], [2978.0, 49102.0], [2980.25, 500.0], [2980.5, 400.0], [2980.75, 40000.0], [2982.75, 50897.0], [2984.75, 74152.0]]}}}
{"jsonrpc": "2.0", "method": "subscription", "params": {"channel": "book.ETH-2JAN26.none.20.100ms", "data": {"timestamp": 1767004181048, "change_id": 103101124158, "instrument_name": "ETH-2JAN26", "bids": [[2971.5, 1000.0], [2971.25, 542.0], [2971.0, 4025.0], [2970.75, 7913.0], [2970.5, 4694.0], [2970.25, 8884.0], [2968.75, 500.0], [2968.0, 500.0], [2967.0, 7564.0], [2966.75, 25340.0], [2965.5, 1675.0], [2965.25, 5720.0], [2965.0, 7021.0], [2964.75, 24380.0], [2963.5, 18306.0], [2963.25, 51060.0], [2962.0, 40400.0], [2959.5, 21252.0], [2959.25, 50992.0], [2957.25, 73227.0]], "asks": [[2972.0, 8795.0], [2972.25, 2156.0], [2972.5, 846.0], [2972.75, 3617.0], [2973.0, 2467.0], [2973.25, 2523.0], [2973.5, 2467.0], [2973.75, 9264.0], [2974.0, 24670.0], [2975.75, 7591.0], [2976.0, 25430.0], [2976.75, 2070.0], [2977.0, 6933.0], [2977.75, 14657.0], [2978.0, 49102.0], [2980.25, 500.0], [2980.5, 400.0], [2980.75, 40000.0], [2982.75, 50897.0], [2984.75, 74152.0]]}}}
{"jsonrpc": "2.0", "method": "subscription", "params": {"channel": "book.ETH-9JAN26.none.20.100ms", "data": {"timestamp": 1767004180934, "change_id": 103101123839, "instrument_name": "ETH-9JAN26", "bids": [[2973.25, 8.0], [2973.0, 1937.0], [2972.75, 10465.0], [2972.5, 1073.0], [2972.25, 1459.0], [2972.0, 2830.0], [2971.75, 7202.0], [2970.75, 1827.0], [2970.5, 6120.0], [2970.25, 301.0], [2970.0, 1009.0], [2969.0, 1874.0], [2968.75, 6277.0], [2967.5, 341.0], [2967.25, 1144.0], [2966.75, 1366.0], [2966.5, 4576.0], [2966.25, 18307.0], [2966.0, 21239.0], [2965.5, 18942.0]], "asks": [[2974.75, 1459.0], [2975.0, 926.0], [2975.25, 1055.0], [2975.5, 1700.0], [2975.75, 209.0], [2976.0, 700.0], [2976.25, 209.0], [2976.5, 700.0], [2976.75, 4140.0], [2977.0, 19071.0], [2977.25, 8703.0], [2978.25, 2116.0], [2978.5, 7088.0], [2979.0, 1009.0], [2979.5, 37143.0], [2982.25, 2002.0], [2982.5, 37916.0], [2986.75, 36776.0], [2988.5, 1144.0], [2990.75, 18557.0]]}}}
{"jsonrpc": "2.0", "method": "subscription", "params": {"channel": "book.ETH-2JAN26.none.20.100ms", "data": {"timestamp": 1767004181789, "change_id": 103101124592, "instrument_name": "ETH-2JAN26", "bids": [[2971.5, 1000.0], [2971.25, 542.0], [2971.0, 4025.0], [2970.75, 7913.0], [2970.5, 5944.0], [2970.25, 7634.0], [2968.75, 500.0], [2968.0, 500.0], [2967.5, 7564.0], [2967.25, 25340.0], [2965.5, 1675.0], [2965.25, 5720.0], [2965.0, 7021.0], [2964.75, 24380.0], [2963.5, 18306.0], [2963.25, 51060.0], [2962.0, 40400.0], [2959.5, 21252.0], [2959.25, 50992.0], [2957.25, 73227.0]], "asks": [[2972.0, 8795.0], [2972.25, 2156.0], [2972.5, 846.0], [2972.75, 3617.0], [2973.0, 2467.0], [2973.25, 2523.0], [2973.5, 2467.0], [2973.75, 9264.0], [2974.0, 24670.0], [2975.75, 7591.0], [2976.0, 25430.0], [2976.75, 2070.0], [2977.0, 6933.0], [2977.75, 14657.0], [2978.0, 49102.0], [2980.25, 500.0], [2980.5, 400.0], [2980.75, 40000.0], [2982.75, 50897.0], [2984.75, 74152.0]]}}}
{"jsonrpc": "2.0", "method": "subscription", "params": {"channel": "book.ETH-2JAN26.none.20.100ms", "data": {"timestamp": 1767004182432, "change_id": 103101125224, "instrument_name": "ETH-2JAN26", "bids": [[2971.5, 1000.0], [2971.25, 542.0], [2971.0, 4025.0], [2970.75, 8214.0], [2970.5, 5944.0], [2970.25, 7634.0], [2968.0, 500.0], [2967.5, 7564.0], [2967.25, 25340.0], [2965.5, 1675.0], [2965.25, 5720.0], [2965.0, 7021.0], [2964.75, 24380.0], [2963.5, 18306.0], [2963.25, 51060.0], [2962.0, 40400.0], [2959.5, 21252.0], [2959.25, 50992.0], [2957.25, 73227.0], [2957.0, 76662.0]], "asks": [[2972.0, 8795.0], [2972.25, 2156.0], [2972.5, 846.0], [2972.75, 3617.0], [2973.0, 2467.0], [2973.25, 2523.0], [2973.5, 2467.0], [2973.75, 9264.0], [2974.0, 24670.0], [2975.75, 7591.0], [2976.0, 25430.0], [2976.75, 2070.0], [2977.0, 6933.0], [2977.75, 14657.0], [2978.0, 49102.0], [2980.25, 500.0], [2980.5, 400.0], [2980.75, 40000.0], [2982.75, 50897.0], [2984.75, 74152.0]]}}}
{"jsonrpc": "2.0", "method": "subscription", "params": {"channel": "book.ETH-9JAN26.none.20.100ms", "data": {"timestamp": 1767004182180, "change_id": 103101125128, "instrument_name": "ETH-9JAN26", "bids": [[2973.25, 8.0], [2973.0, 1937.0], [2972.75, 10465.0], [2972.5, 1950.0], [2972.25, 209.0], [2972.0, 2830.0], [2971.75, 7202.0], [2970.75, 1827.0], [2970.5, 6120.0], [2970.25, 301.0], [2970.0, 1009.0], [2969.0, 1874.0], [2968.75, 6277.0], [2967.5, 341.0], [2967.25, 1144.0], [2966.75, 1366.0], [2966.5, 4576.0], [2966.25, 18307.0], [2966.0, 21239.0], [2965.5, 18942.0]], "asks": [[2974.75, 1459.0], [2975.0, 926.0], [2975.25, 1055.0], [2975.5, 1700.0], [2975.75, 209.0], [2976.0, 700.0], [2976.25, 209.0], [2976.5, 700.0], [2976.75, 4140.0], [2977.0, 19071.0], [2977.25, 8703.0], [2978.25, 2116.0], [2978.5, 7088.0], [2979.0, 1009.0], [2979.5, 37143.0], [2982.25, 2002.0], [2982.5, 37916.0], [2986.75, 36776.0], [2988.5, 1144.0], [2990.75, 18557.0]]}}}
{"jsonrpc": "2.0", "method": "subscription", "params": {"channel": "book.ETH-9JAN26.none.20.100ms", "data": {"timestamp": 1767004182682, "change_id": 103101125400, "instrument_name": "ETH-9JAN26", "bids": [[2973.25, 8.0], [2973.0, 1937.0], [2972.75, 11715.0], [2972.5, 700.0], [2972.25, 209.0], [2972.0, 2830.0], [2971.75, 7202.0], [2970.75, 1827.0], [2970.5, 6120.0], [2970.25, 301.0], [2970.0, 1009.0], [2969.0, 1874.0], [2968.75, 6277.0], [2967.5, 341.0], [2967.25, 1144.0], [2966.75, 1366.0], [2966.5, 4576.0], [2966.25, 18307.0], [2966.0, 21239.0], [2965.5, 18942.0]], "asks": [[2974.75, 1459.0], [2975.0, 926.0], [2975.25, 1055.0], [2975.5, 1700.0], [2975.75, 209.0], [2976.0, 700.0], [2976.25, 209.0], [2976.5, 700.0], [2976.75, 4140.0], [2977.0, 19071.0], [2977.25, 8703.0], [2978.25, 2116.0], [2978.5, 7088.0], [2979.0, 1009.0], [2979.5, 37143.0], [2982.25, 2002.0], [2982.5, 37916.0], [2986.75, 36776.0], [2988.5, 1144.0], [2990.75, 18557.0]]}}}
{"jsonrpc": "2.0", "method": "subscription", "params": {"channel": "book.ETH-2JAN26.none.20.100ms", "data": {"timestamp": 1767004182646, "change_id": 103101125393, "instrument_name": "ETH-2JAN26", "bids": [[2971.5, 1000.0], [2971.25, 542.0], [2971.0, 4025.0], [2970.75, 9163.0], [2970.5, 4694.0], [2970.25, 7634.0], [2968.75, 500.0], [2968.0, 500.0], [2967.5, 7564.0], [2967.25, 25340.0], [2965.5, 1675.0], [2965.25, 5720.0], [2965.0, 7021.0], [2964.75, 24380.0], [2963.5, 18306.0], [2963.25, 51060.0], [2962.0, 40400.0], [2959.5, 21252.0], [2959.25, 50992.0], [2957.25, 73227.0]], "asks": [[2972.0, 8795.0], [2972.25, 2156.0], [2972.5, 846.0], [2972.75, 3617.0], [2973.0, 2467.0], [2973.25, 2523.0], [2973.5, 2467.0], [2973.75, 9264.0], [2974.0, 24670.0], [2975.75, 7591.0], [2976.0, 25430.0], [2976.75, 2070.0], [2977.0, 6933.0], [2977.75, 14657.0], [2978.0, 49102.0], [2980.25, 500.0], [2980.5, 400.0], [2980.75, 40000.0], [2982.75, 50897.0], [2984.75, 74152.0]]}}}
{"jsonrpc": "2.0", "method": "subscription", "params": {"channel": "book.ETH-2JAN26.none.20.100ms", "data": {"timestamp": 1767004183128, "change_id": 103101126075, "instrument_name": "ETH-2JAN26", "bids": [[2971.5, 2900.0], [2971.25, 2133.0], [2971.0, 8218.0], [2970.75, 3717.0], [2970.5, 4694.0], [2970.25, 7634.0], [2968.75, 500.0], [2968.0, 500.0], [2967.5, 7564.0], [2967.25, 25340.0], [2965.5, 1675.0], [2965.25, 5720.0], [2965.0, 7021.0], [2964.75, 24380.0], [2963.5, 18306.0], [2963.25, 51060.0], [2962.0, 40400.0], [2959.5, 21252.0], [2959.25, 50992.0], [2957.25, 73227.0]], "asks": [[2972.0, 8795.0], [2972.25, 2156.0], [2972.5, 846.0], [2972.75, 3617.0], [2973.0, 2467.0], [2973.25, 2523.0], [2973.5, 2467.0], [2973.75, 9264.0], [2974.0, 24670.0], [2975.75, 7591.0], [2976.0, 25430.0], [2976.75, 2070.0], [2977.0, 6933.0], [2977.75, 14657.0], [2978.0, 49102.0], [2980.25, 500.0], [2980.5, 400.0], [2980.75, 40000.0], [2982.75, 50897.0], [2984.75, 74152.0]]}}}
{"jsonrpc": "2.0", "method": "subscription", "params": {"channel": "book.ETH-2JAN26.none.20.100ms", "data": {"timestamp": 1767004183219, "change_id": 103101126111, "instrument_name": "ETH-2JAN26", "bids": [[2971.5, 1000.0], [2971.25, 2133.0], [2971.0, 9130.0], [2970.75, 2467.0], [2970.5, 4694.0], [2970.25, 7634.0], [2968.0, 500.0], [2967.5, 7564.0], [2967.25, 25340.0], [2965.5, 1675.0], [2965.25, 5720.0], [2965.0, 7021.0], [2964.75, 24380.0], [2963.5, 18306.0], [2963.25, 51060.0], [2962.0, 40400.0], [2959.5, 21252.0], [2959.25, 50992.0], [2957.25, 73227.0], [2957.0, 76662.0]], "asks": [[2972.0, 8795.0], [2972.25, 2156.0], [2972.5, 846.0], [2972.75, 3617.0], [2973.0, 2467.0], [2973.25, 2523.0], [2973.5, 2467.0], [2973.75, 9264.0], [2974.0, 24670.0], [2975.75, 7591.0], [2976.0, 25430.0], [2976.75, 2070.0], [2977.0, 6933.0], [2977.75, 14657.0], [2978.0, 49102.0], [2980.25, 500.0], [2980.5, 400.0], [2980.75, 40000.0], [2982.75, 50897.0], [2984.75, 74152.0]]}}}
{"jsonrpc": "2.0", "method": "subscription", "params": {"channel": "book.ETH-9JAN26.none.20.100ms", "data": {"timestamp": 1767004183207, "change_id": 103101126106, "instrument_name": "ETH-9JAN26", "bids": [[2973.25, 8.0], [2973.0, 1937.0], [2972.75, 11715.0], [2972.5, 700.0], [2972.25, 209.0], [2972.0, 2830.0], [2971.75, 7202.0], [2970.75, 1827.0], [2970.5, 6120.0], [2970.25, 301.0], [2970.0, 1009.0], [2969.0, 1874.0], [2968.75, 6277.0], [2967.5, 341.0], [2967.25, 1144.0], [2966.75, 1366.0], [2966.5, 4576.0], [2966.25, 18307.0], [2966.0, 21239.0], [2965.5, 18942.0]], "asks": [[2974.75, 1459.0], [2975.0, 926.0], [2975.25, 1055.0], [2975.5, 1700.0], [2975.75, 209.0], [2976.0, 700.0], [2976.25, 209.0], [2976.5, 700.0], [2976.75, 4140.0], [2977.0, 19071.0], [2977.25, 6701.0], [2978.25, 2116.0], [2978.5, 7088.0], [2979.0, 1009.0], [2979.5, 37143.0], [2982.5, 37916.0], [2986.75, 36776.0], [2988.5, 1144.0], [2990.75, 18557.0], [2992.5, 4576.0]]}}}
{"jsonrpc": "2.0", "method": "subscription", "params": {"channel": "book.ETH-9JAN26.none.20.100ms", "data": {"timestamp": 1767004183727, "change_id": 103101126379, "instrument_name": "ETH-9JAN26", "bids": [[2973.25, 8.0], [2973.0, 1937.0], [2972.75, 11715.0], [2972.5, 700.0], [2972.25, 209.0], [2972.0, 2830.0], [2971.75, 7202.0], [2970.75, 1827.0], [2970.5, 6120.0], [2970.25, 301.0], [2970.0, 1009.0], [2969.0, 1874.0], [2968.75, 6277.0], [2967.5, 341.0], [2967.25, 1144.0], [2966.75, 1366.0], [2966.5, 4576.0], [2966.25, 18307.0], [2966.0, 21239.0], [2965.5, 18942.0]], "asks": [[2974.75, 1459.0], [2975.0, 926.0], [2975.25, 1055.0], [2975.5, 1700.0], [2975.75, 209.0], [2976.0, 700.0], [2976.25, 209.0], [2976.5, 700.0], [2976.75, 4140.0], [2977.0, 19071.0], [2977.25, 6701.0], [2978.25, 2116.0], [2978.5, 7088.0], [2979.0, 1009.0], [2979.5, 37143.0], [2982.5, 37916.0], [2986.75, 36776.0], [2988.5, 1144.0], [2990.75, 18557.0], [2992.5, 4576.0]]}}}
{"jsonrpc": "2.0", "method": "subscription", "params": {"channel": "book.ETH-2JAN26.none.20.100ms", "data": {"timestamp": 1767004183787, "change_id": 103101126430, "instrument_name": "ETH-2JAN26", "bids": [[2971.5, 1000.0], [2971.25, 2133.0], [2971.0, 9130.0], [2970.75, 2467.0], [2970.5, 4694.0], [2970.25, 7634.0], [2968.75, 500.0], [2968.0, 500.0], [2967.5, 7564.0], [2967.25, 25340.0], [2965.5, 1675.0], [2965.25, 5720.0], [2965.0, 7021.0], [2964.75, 24380.0], [2963.5, 18306.0], [2963.25, 51060.0], [2962.0, 40400.0], [2959.5, 21252.0], [2959.25, 50992.0], [2957.25, 73227.0]], "asks": [[2972.0, 8795.0], [2972.25, 2156.0], [2972.5, 846.0], [2972.75, 3617.0], [2973.0, 2467.0], [2973.25, 2523.0], [2973.5, 2467.0], [2973.75, 9264.0], [2974.0, 24670.0], [2975.75, 7591.0], [2976.0, 25430.0], [2976.75, 2070.0], [2977.0, 6933.0], [2977.75, 14657.0], [2978.0, 49102.0], [2980.25, 500.0], [2980.5, 400.0], [2980.75, 40000.0], [2982.75, 50897.0], [2984.75, 74152.0]]}}}
{"jsonrpc": "2.0", "method": "subscription", "params": {"channel": "book.ETH-9JAN26.none.20.100ms", "data": {"timestamp": 1767004184037, "change_id": 103101126932, "instrument_name": "ETH-9JAN26", "bids": [[2973.25, 381.0], [2973.0, 3187.0], [2972.75, 10465.0], [2972.5, 700.0], [2972.25, 209.0], [2972.0, 2830.0], [2971.75, 7202.0], [2970.75, 1827.0], [2970.5, 6120.0], [2970.25, 301.0], [2970.0, 1009.0], [2969.0, 1874.0], [2968.75, 6277.0], [2967.5, 341.0], [2967.25, 1144.0], [2966.75, 1366.0], [2966.5, 4576.0], [2966.25, 18307.0], [2966.0, 21239.0], [2965.5, 18942.0]], "asks": [[2974.75, 1459.0], [2975.0, 926.0], [2975.25, 1055.0], [2975.5, 1700.0], [2975.75, 209.0], [2976.0, 700.0], [2976.25, 209.0], [2976.5, 700.0], [2976.75, 4140.0], [2977.0, 19071.0], [2977.25, 6701.0], [2978.25, 2116.0], [2978.5, 7088.0], [2979.0, 1009.0], [2979.5, 37143.0], [2982.5, 37916.0], [2986.75, 36776.0], [2988.5, 1144.0], [2990.75, 18557.0], [2992.5, 4576.0]]}}}
{"jsonrpc": "2.0", "method": "subscription", "params": {"channel": "book.ETH-2JAN26.none.20.100ms", "data": {"timestamp": 1767004184013, "change_id": 103101126828, "instrument_name": "ETH-2JAN26", "bids": [[2971.5, 2900.0], [2971.25, 2133.0], [2971.0, 9130.0], [2970.75, 2467.0], [2970.5, 4694.0], [2970.25, 7634.0], [2968.0, 500.0], [2967.5, 7564.0], [2967.25, 25340.0], [2965.5, 1675.0], [2965.25, 5720.0], [2965.0, 7021.0], [2964.75, 24380.0], [2963.5, 18306.0], [2963.25, 51060.0], [2962.0, 40400.0], [2959.5, 21252.0], [2959.25, 50992.0], [2957.25, 73227.0], [2957.0, 76662.0]], "asks": [[2972.0, 8795.0], [2972.25, 2156.0], [2972.5, 846.0], [2972.75, 3617.0], [2973.0, 2467.0], [2973.25, 2523.0], [2973.5, 2467.0], [2973.75, 9264.0], [2974.0, 24670.0], [2975.75, 7591.0], [2976.0, 25430.0], [2976.75, 2070.0], [2977.0, 6933.0], [2977.75, 14657.0], [2978.0, 49102.0], [2980.25, 500.0], [2980.5, 400.0], [2980.75, 40000.0], [2982.75, 50897.0], [2984.75, 74152.0]]}}}
{"jsonrpc": "2.0", "method": "subscription", "params": {"channel": "book.ETH-9JAN26.none.20.100ms", "data": {"timestamp": 1767004184207, "change_id": 103101127016, "instrument_name": "ETH-9JAN26", "bids": [[2973.25, 381.0], [2973.0, 3187.0], [2972.75, 10465.0], [2972.5, 700.0], [2972.25, 209.0], [2972.0, 2830.0], [2971.75, 7202.0], [2970.75, 1827.0], [2970.5, 6120.0], [2970.25, 301.0], [2970.0, 1009.0], [2969.0, 1874.0], [2968.75, 6277.0], [2967.5, 341.0], [2967.25, 1144.0], [2966.75, 1366.0], [2966.5, 4576.0], [2966.25, 18307.0], [2966.0, 21239.0], [2965.5, 18942.0]], "asks": [[2974.75, 1459.0], [2975.0, 926.0], [2975.25, 1055.0], [2975.5, 1700.0], [2975.75, 209.0], [2976.0, 700.0], [2976.25, 209.0], [2976.5, 700.0], [2976.75, 4140.0], [2977.0, 19071.0], [2977.25, 6701.0], [2978.25, 2116.0], [2978.5, 7088.0], [2979.0, 1009.0], [2979.5, 37143.0], [2982.5, 37916.0], [2986.75, 36776.0], [2988.5, 1144.0], [2990.75, 18557.0], [2992.5, 4576.0]]}}}
{"jsonrpc": "2.0", "method": "subscription", "params": {"channel": "book.ETH-2JAN26.none.20.100ms", "data": {"timestamp": 1767004184150, "change_id": 103101127004, "instrument_name": "ETH-2JAN26", "bids": [[2971.5, 2900.0], [2971.25, 2133.0], [2971.0, 9130.0], [2970.75, 2467.0], [2970.5, 4694.0], [2970.25, 7634.0], [2968.75, 500.0], [2968.0, 500.0], [2967.5, 7564.0], [2967.25, 25340.0], [2965.5, 1675.0], [2965.25, 5720.0], [2965.0, 7021.0], [2964.75, 24380.0], [2963.5, 18306.0], [2963.25, 51060.0], [2962.0, 40400.0], [2959.5, 21252.0], [2959.25, 50992.0], [2957.25, 73227.0]], "asks": [[2972.0, 8795.0], [2972.25, 2156.0], [2972.5, 846.0], [2972.75, 3617.0], [2973.0, 2467.0], [2973.25, 2523.0], [2973.5, 2467.0], [2973.75, 9264.0], [2974.0, 24670.0], [2975.75, 7591.0], [2976.0, 25430.0], [2976.75, 2070.0], [2977.0, 6933.0], [2977.75, 14657.0], [2978.0, 49102.0], [2980.25, 500.0], [2980.5, 400.0], [2980.75, 40000.0], [2982.75, 50897.0], [2984.75, 74152.0]]}}}
{"jsonrpc": "2.0", "method": "subscription", "params": {"channel": "book.ETH-2JAN26.none.20.100ms", "data": {"timestamp": 1767004184751, "change_id": 103101127362, "instrument_name": "ETH-2JAN26", "bids": [[2971.5, 4150.0], [2971.25, 2133.0], [2971.0, 7880.0], [2970.75, 2467.0], [2970.5, 4694.0], [2970.25, 7634.0], [2968.75, 500.0], [2968.0, 500.0], [2967.5, 7564.0], [2967.25, 25340.0], [2965.5, 1675.0], [2965.25, 5720.0], [2965.0, 7021.0], [2964.75, 24380.0], [2963.5, 18306.0], [2963.25, 51060.0], [2962.0, 40400.0], [2959.5, 21252.0], [2959.25, 50992.0], [2957.25, 73227.0]], "asks": [[2972.0, 8795.0], [2972.25, 2156.0], [2972.5, 846.0], [2972.75, 3617.0], [2973.0, 2467.0], [2973.25, 2523.0], [2973.5, 2467.0], [2973.75, 9264.0], [2974.0, 24670.0], [2975.75, 7591.0], [2976.0, 25430.0], [2976.75, 2070.0], [2977.0, 6933.0], [2977.75, 14657.0], [2978.0, 49102.0], [2980.25, 500.0], [2980.5, 400.0], [2980.75, 40000.0], [2982.75, 50897.0], [2984.75, 74152.0]]}}}
{"jsonrpc": "2.0", "method": "subscription", "params": {"channel": "book.ETH-9JAN26.none.20.100ms", "data": {"timestamp": 1767004184760, "change_id": 103101127367, "instrument_name": "ETH-9JAN26", "bids": [[2973.5, 376.0], [2973.25, 1258.0], [2973.0, 1937.0], [2972.75, 10465.0], [2972.5, 700.0], [2972.25, 1520.0], [2972.0, 8950.0], [2971.75, 7202.0], [2970.25, 301.0], [2970.0, 1009.0], [2969.5, 1874.0], [2969.25, 6277.0], [2967.5, 341.0], [2967.25, 1144.0], [2966.75, 1366.0], [2966.5, 4576.0], [2966.25, 18307.0], [2966.0, 21239.0], [2965.5, 18942.0], [2964.75, 400.0]], "asks": [[2974.75, 1459.0], [2975.0, 926.0], [2975.25, 1055.0], [2975.5, 1700.0], [2975.75, 209.0], [2976.0, 700.0], [2976.25, 209.0], [2976.5, 700.0], [2976.75, 4140.0], [2977.0, 19071.0], [2977.25, 6701.0], [2978.25, 2116.0], [2978.5, 7088.0], [2979.0, 1009.0], [2979.5, 37143.0], [2982.5, 37916.0], [2986.75, 36776.0], [2988.5, 1144.0], [2990.75, 18557.0], [2992.5, 4576.0]]}}}
{"jsonrpc": "2.0", "method": "subscription", "params": {"channel": "book.ETH-2JAN26.none.20.100ms", "data": {"timestamp": 1767004184790, "change_id": 103101127374, "instrument_name": "ETH-2JAN26", "bids": [[2971.5, 4150.0], [2971.25, 2133.0], [2971.0, 7880.0], [2970.75, 2467.0], [2970.5, 4694.0], [2970.25, 7634.0], [2968.75, 500.0], [2968.0, 8064.0], [2967.75, 25340.0], [2965.5, 1675.0], [2965.25, 5720.0], [2965.0, 7021.0], [2964.75, 24380.0], [2963.5, 18306.0], [2963.25, 51060.0], [2962.0, 40400.0], [2959.5, 21252.0], [2959.25, 50992.0], [2957.25, 73227.0], [2957.0, 76662.0]], "asks": [[2972.0, 8795.0], [2972.25, 2156.0], [2972.5, 846.0], [2972.75, 3617.0], [2973.0, 2467.0], [2973.25, 2523.0], [2973.5, 2467.0], [2973.75, 9264.0], [2974.0, 24670.0], [2975.75, 7591.0], [2976.0, 25430.0], [2976.75, 2070.0], [2977.0, 6933.0], [2977.75, 14657.0], [2978.0, 49102.0], [2980.25, 500.0], [2980.5, 400.0], [2980.75, 40000.0], [2982.75, 50897.0], [2984.75, 74152.0]]}}}
{"jsonrpc": "2.0", "method": "subscription", "params": {"channel": "book.ETH-9JAN26.none.20.100ms", "data": {"timestamp": 1767004185430, "change_id": 103101128073, "instrument_name": "ETH-9JAN26", "bids": [[2973.25, 1258.0], [2972.75, 209.0], [2972.5, 700.0], [2972.25, 1520.0], [2972.0, 6820.0], [2970.5, 7042.0], [2970.25, 301.0], [2970.0, 1009.0], [2969.5, 1874.0], [2969.25, 6277.0], [2967.5, 341.0], [2967.25, 1144.0], [2966.75, 1366.0], [2966.5, 4576.0], [2966.25, 18307.0], [2966.0, 21239.0], [2965.5, 18942.0], [2964.75, 400.0], [2962.5, 37918.0], [2960.0, 37303.0]], "asks": [[2974.75, 1459.0], [2975.0, 926.0], [2975.25, 1055.0], [2975.5, 1700.0], [2975.75, 209.0], [2976.0, 700.0], [2976.25, 209.0], [2976.5, 700.0], [2976.75, 4140.0], [2977.0, 19071.0], [2977.25, 6701.0], [2978.25, 2116.0], [2978.5, 7088.0], [2979.0, 1009.0], [2979.5, 37143.0], [2982.5, 37916.0], [2986.75, 36776.0], [2988.5, 1144.0], [2990.75, 18557.0], [2992.5, 4576.0]]}}}
{"jsonrpc": "2.0", "method": "subscription", "params": {"channel": "book.ETH-2JAN26.none.20.100ms", "data": {"timestamp": 1767004185389, "change_id": 103101128045, "instrument_name": "ETH-2JAN26", "bids": [[2971.5, 2250.0], [2971.25, 2133.0], [2971.0, 7880.0], [2970.75, 2467.0], [2970.5, 2156.0], [2969.0, 6871.0], [2968.0, 8064.0], [2967.75, 25340.0], [2965.5, 1675.0], [2965.25, 5720.0], [2965.0, 7021.0], [2964.75, 24380.0], [2963.5, 18306.0], [2963.25, 51060.0], [2962.0, 40400.0], [2959.5, 21252.0], [2959.25, 50992.0], [2957.25, 73227.0], [2957.0, 76662.0], [2955.5, 40000.0]], "asks": [[2972.0, 8795.0], [2972.25, 2156.0], [2972.5, 846.0], [2972.75, 3617.0], [2973.0, 2467.0], [2973.25, 2523.0], [2973.5, 2467.0], [2973.75, 9264.0], [2974.0, 24670.0], [2975.75, 7591.0], [2976.0, 25430.0], [2976.75, 2070.0], [2977.0, 6933.0], [2977.75, 14657.0], [2978.0, 49102.0], [2980.25, 500.0], [2980.5, 400.0], [2980.75, 40000.0], [2982.75, 50897.0], [2984.75, 74152.0]]}}}
{"jsonrpc": "2.0", "method": "subscription", "params": {"channel": "book.ETH-9JAN26.none.20.100ms", "data": {"timestamp": 1767004185723, "change_id": 103101128240, "instrument_name": "ETH-9JAN26", "bids": [[2973.5, 376.0], [2973.25, 2075.0], [2973.0, 10257.0], [2972.75, 209.0], [2972.5, 700.0], [2972.25, 1520.0], [2972.0, 6820.0], [2970.5, 7042.0], [2970.25, 301.0], [2970.0, 1009.0], [2969.5, 1874.0], [2969.25, 6277.0], [2967.5, 341.0], [2967.25, 1144.0], [2966.75, 1366.0], [2966.5, 4576.0], [2966.25, 18307.0], [2966.0, 21239.0], [2965.5, 18942.0], [2964.75, 400.0]], "asks": [[2974.75, 1459.0], [2975.0, 926.0], [2975.25, 1055.0], [2975.5, 1700.0], [2975.75, 209.0], [2976.0, 700.0], [2976.25, 209.0], [2976.5, 700.0], [2976.75, 4140.0], [2977.0, 19071.0], [2977.25, 6701.0], [2978.25, 2116.0], [2978.5, 7088.0], [2979.0, 1009.0], [2979.5, 37143.0], [2982.5, 37916.0], [2986.75, 36776.0], [2988.5, 1144.0], [2990.75, 18557.0], [2992.5, 4576.0]]}}}
{"jsonrpc": "2.0", "method": "subscription", "params": {"channel": "book.ETH-9JAN26.none.20.100ms", "data": {"timestamp": 1767004186024, "change_id": 103101128677, "instrument_name": "ETH-9JAN26", "bids": [[2973.5, 376.0], [2973.25, 1258.0], [2972.75, 209.0], [2972.5, 700.0], [2972.25, 1520.0], [2972.0, 6120.0], [2970.5, 7042.0], [2970.25, 301.0], [2970.0, 1009.0], [2969.5, 1874.0], [2969.25, 6277.0], [2967.5, 341.0], [2967.25, 1144.0], [2966.75, 1366.0], [2966.5, 4576.0], [2966.25, 18307.0], [2966.0, 21239.0], [2965.5, 18942.0], [2964.75, 400.0], [2962.5, 37918.0]], "asks": [[2974.75, 1459.0], [2975.0, 926.0], [2975.25, 1055.0], [2975.5, 1700.0], [2975.75, 209.0], [2976.0, 700.0], [2976.25, 209.0], [2976.5, 700.0], [2976.75, 4140.0], [2977.0, 19071.0], [2977.25, 6701.0], [2978.25, 2116.0], [2978.5, 7088.0], [2979.0, 1009.0], [2979.5, 37143.0], [2982.5, 37916.0], [2986.75, 36776.0], [2988.5, 1144.0], [2990.75, 18557.0], [2992.5, 4576.0]]}}}
{"jsonrpc": "2.0", "method": "subscription", "params": {"channel": "book.ETH-2JAN26.none.20.100ms", "data": {"timestamp": 1767004186072, "change_id": 103101128780, "instrument_name": "ETH-2JAN26", "bids": [[2971.5, 4150.0], [2971.25, 2133.0], [2971.0, 18130.0], [2970.75, 2156.0], [2969.5, 567.0], [2969.25, 1900.0], [2969.0, 6871.0], [2968.75, 500.0], [2968.0, 8064.0], [2967.75, 25340.0], [2965.5, 1675.0], [2965.25, 5720.0], [2965.0, 7021.0], [2964.75, 24380.0], [2963.5, 18306.0], [2963.25, 51060.0], [2962.0, 40400.0], [2959.5, 21252.0], [2959.25, 50992.0], [2957.25, 73227.0]], "asks": [[2972.0, 8795.0], [2972.25, 2156.0], [2972.5, 846.0], [2972.75, 3617.0], [2973.0, 2467.0], [2973.25, 2523.0], [2973.5, 2467.0], [2973.75, 9264.0], [2974.0, 24670.0], [2975.75, 7591.0], [2976.0, 25430.0], [2976.75, 2070.0], [2977.0, 6933.0], [2977.75, 14657.0], [2978.0, 49102.0], [2980.25, 500.0], [2980.5, 400.0], [2980.75, 40000.0], [2982.75, 50897.0], [2984.75, 74152.0]]}}}
{"jsonrpc": "2.0", "method": "subscription", "params": {"channel": "book.ETH-2JAN26.none.20.100ms", "data": {"timestamp": 1767004186198, "change_id": 103101128859, "instrument_name": "ETH-2JAN26", "bids": [[2971.5, 4150.0], [2971.25, 2133.0], [2971.0, 7880.0], [2970.75, 2156.0], [2969.5, 567.0], [2969.25, 1900.0], [2969.0, 6871.0], [2968.0, 8064.0], [2967.75, 25340.0], [2965.5, 1675.0], [2965.25, 5720.0], [2965.0, 7021.0], [2964.75, 24380.0], [2963.5, 18306.0], [2963.25, 51060.0], [2962.0, 40400.0], [2959.5, 21252.0], [2959.25, 50992.0], [2957.25, 73227.0], [2957.0, 76662.0]], "asks": [[2972.0, 8795.0], [2972.25, 2156.0], [2972.5, 846.0], [2972.75, 3617.0], [2973.0, 2467.0], [2973.25, 2523.0], [2973.5, 2467.0], [2973.75, 9264.0], [2974.0, 24670.0], [2975.75, 7591.0], [2976.0, 25430.0], [2976.75, 2070.0], [2977.0, 6933.0], [2977.75, 14657.0], [2978.0, 49102.0], [2980.25, 500.0], [2980.5, 400.0], [2980.75, 40000.0], [2982.75, 50897.0], [2984.75, 74152.0]]}}}
{"jsonrpc": "2.0", "method": "subscription", "params": {"channel": "book.ETH-9JAN26.none.20.100ms", "data": {"timestamp": 1767004186352, "change_id": 103101128873, "instrument_name": "ETH-9JAN26", "bids": [[2973.5, 376.0], [2973.25, 2075.0], [2973.0, 10257.0], [2972.75, 209.0], [2972.5, 700.0], [2972.25, 1520.0], [2972.0, 6120.0], [2970.5, 7042.0], [2970.25, 301.0], [2970.0, 1009.0], [2969.5, 1874.0], [2969.25, 6277.0], [2967.5, 341.0], [2967.25, 1144.0], [2966.75, 1366.0], [2966.5, 4576.0], [2966.25, 18307.0], [2966.0, 21239.0], [2965.5, 18942.0], [2964.75, 400.0]], "asks": [[2974.75, 1459.0], [2975.0, 926.0], [2975.25, 1055.0], [2975.5, 1700.0], [2975.75, 209.0], [2976.0, 700.0], [2976.25, 209.0], [2976.5, 700.0], [2976.75, 4140.0], [2977.0, 19071.0], [2977.25, 6701.0], [2978.25, 2116.0], [2978.5, 7088.0], [2979.0, 1009.0], [2979.5, 37143.0], [2982.5, 37916.0], [2986.75, 36776.0], [2988.5, 1144.0], [2990.75, 18557.0], [2992.5, 4576.0]]}}}
{"jsonrpc": "2.0", "method": "subscription", "params": {"channel": "book.ETH-2JAN26.none.20.100ms", "data": {"timestamp": 1767004186981, "change_id": 103101129439, "instrument_name": "ETH-2JAN26", "bids": [[2971.5, 4150.0], [2971.25, 2133.0], [2971.0, 7346.0], [2969.5, 2467.0], [2969.25, 3951.0], [2969.0, 6871.0], [2968.0, 8064.0], [2967.75, 25340.0], [2965.5, 1675.0], [2965.25, 5720.0], [2965.0, 7021.0], [2964.75, 24380.0], [2963.5, 18306.0], [2963.25, 51060.0], [2962.0, 40400.0], [2959.5, 21252.0], [2959.25, 50992.0], [2957.25, 73227.0], [2957.0, 76662.0], [2955.5, 40000.0]], "asks": [[2972.0, 8795.0], [2972.25, 2156.0], [2972.5, 846.0], [2972.75, 3617.0], [2973.0, 2467.0], [2973.25, 2523.0], [2973.5, 2467.0], [2973.75, 9264.0], [2974.0, 24670.0], [2975.75, 7591.0], [2976.0, 25430.0], [2976.75, 2070.0], [2977.0, 6933.0], [2977.75, 14657.0], [2978.0, 49102.0], [2980.25, 500.0], [2980.5, 400.0], [2980.75, 40000.0], [2982.75, 50897.0], [2984.75, 74152.0]]}}}
{"jsonrpc": "2.0", "method": "subscription", "params": {"channel": "book.ETH-9JAN26.none.20.100ms", "data": {"timestamp": 1767004187252, "change_id": 103101129728, "instrument_name": "ETH-9JAN26", "bids": [[2973.25, 1258.0], [2972.75, 209.0], [2972.5, 700.0], [2972.25, 1520.0], [2972.0, 6120.0], [2970.75, 2102.0], [2970.5, 7042.0], [2970.25, 301.0], [2970.0, 1009.0], [2969.5, 1874.0], [2969.25, 6277.0], [2967.5, 341.0], [2967.25, 1144.0], [2966.75, 1366.0], [2966.5, 4576.0], [2966.25, 18307.0], [2966.0, 21239.0], [2965.5, 18942.0], [2964.75, 400.0], [2962.5, 37918.0]], "asks": [[2974.75, 1459.0], [2975.0, 926.0], [2975.25, 1055.0], [2975.5, 1700.0], [2975.75, 209.0], [2976.0, 700.0], [2976.25, 209.0], [2976.5, 700.0], [2976.75, 4140.0], [2977.0, 19071.0], [2977.25, 6701.0], [2978.25, 2116.0], [2978.5, 7088.0], [2979.0, 1009.0], [2979.5, 37143.0], [2982.5, 37916.0], [2986.75, 36776.0], [2988.5, 1144.0], [2990.75, 18557.0], [2992.5, 4576.0]]}}}
{"jsonrpc": "2.0", "method": "subscription", "params": {"channel": "book.ETH-2JAN26.none.20.100ms", "data": {"timestamp": 1767004187205, "change_id": 103101129702, "instrument_name": "ETH-2JAN26", "bids": [[2971.5, 2250.0], [2971.25, 2133.0], [2971.0, 17596.0], [2969.5, 2467.0], [2969.25, 3951.0], [2969.0, 6871.0], [2968.75, 500.0], [2968.0, 8064.0], [2967.75, 25340.0], [2965.5, 1675.0], [2965.25, 5720.0], [2965.0, 7021.0], [2964.75, 24380.0], [2963.5, 18306.0], [2963.25, 51060.0], [2962.0, 40400.0], [2959.5, 21252.0], [2959.25, 50992.0], [2957.25, 73227.0], [2957.0, 76662.0]], "asks": [[2972.0, 8795.0], [2972.25, 2156.0], [2972.5, 846.0], [2972.75, 3617.0], [2973.0, 2467.0], [2973.25, 2523.0], [2973.5, 2467.0], [2973.75, 9264.0], [2974.0, 24670.0], [2975.75, 7591.0], [2976.0, 25430.0], [2976.75, 2070.0], [2977.0, 6933.0], [2977.75, 14657.0], [2978.0, 49102.0], [2980.25, 500.0], [2980.5, 400.0], [2980.75, 40000.0], [2982.75, 50897.0], [2984.75, 74152.0]]}}}
{"jsonrpc": "2.0", "method": "subscription", "params": {"channel": "book.ETH-9JAN26.none.20.100ms", "data": {"timestamp": 1767004187695, "change_id": 103101130076, "instrument_name": "ETH-9JAN26", "bids": [[2973.25, 1258.0], [2973.0, 10257.0], [2972.75, 209.0], [2972.5, 700.0], [2971.0, 6120.0], [2970.25, 301.0], [2970.0, 1009.0], [2969.5, 6277.0], [2968.5, 2064.0], [2968.25, 6915.0], [2967.5, 341.0], [2967.25, 1144.0], [2966.75, 1366.0], [2966.5, 10041.0], [2966.25, 18307.0], [2966.0, 21239.0], [2965.5, 18942.0], [2964.75, 400.0], [2962.5, 37918.0], [2960.0, 37303.0]], "asks": [[2974.5, 1250.0], [2974.75, 209.0], [2975.0, 926.0], [2975.25, 1055.0], [2975.5, 1700.0], [2975.75, 209.0], [2976.0, 700.0], [2976.25, 209.0], [2976.5, 999.0], [2976.75, 6142.0], [2977.0, 19071.0], [2977.25, 6701.0], [2978.25, 2116.0], [2978.5, 7088.0], [2979.0, 1009.0], [2979.5, 37143.0], [2981.75, 2002.0], [2982.5, 37916.0], [2986.75, 36776.0], [2988.5, 1144.0]]}}}
{"jsonrpc": "2.0", "method": "subscription", "params": {"channel": "book.ETH-2JAN26.none.20.100ms", "data": {"timestamp": 1767004187724, "change_id": 103101130091, "instrument_name": "ETH-2JAN26", "bids": [[2971.5, 1000.0], [2971.25, 542.0], [2971.0, 3150.0], [2970.5, 5446.0], [2969.5, 2467.0], [2969.25, 1900.0], [2968.0, 8064.0], [2967.75, 25340.0], [2967.25, 2125.0], [2967.0, 7120.0], [2965.5, 1675.0], [2965.25, 5720.0], [2965.0, 7021.0], [2964.75, 24380.0], [2963.5, 18306.0], [2963.25, 51060.0], [2962.0, 40400.0], [2959.5, 21252.0], [2959.25, 50992.0], [2957.25, 73227.0]], "asks": [[2971.75, 5446.0], [2972.0, 3349.0], [2972.25, 2156.0], [2972.5, 1755.0], [2972.75, 2367.0], [2973.0, 2467.0], [2973.25, 2523.0], [2973.5, 2467.0], [2973.75, 9264.0], [2974.0, 24670.0], [2975.75, 7591.0], [2976.0, 25430.0], [2976.75, 2070.0], [2977.0, 6933.0], [2977.75, 14657.0], [2978.0, 49102.0], [2980.25, 500.0], [2980.5, 400.0], [2980.75, 40000.0], [2982.75, 50897.0]]}}}
{"jsonrpc": "2.0", "method": "subscription", "params": {"channel": "book.ETH-9JAN26.none.20.100ms", "data": {"timestamp": 1767004188010, "change_id": 103101130649, "instrument_name": "ETH-9JAN26", "bids": [[2973.25, 2083.0], [2973.0, 10257.0], [2971.0, 13046.0], [2970.25, 301.0], [2970.0, 1009.0], [2969.5, 6277.0], [2967.5, 341.0], [2967.25, 1144.0], [2966.75, 1366.0], [2966.5, 10041.0], [2966.25, 18307.0], [2966.0, 21239.0], [2965.5, 18942.0], [2964.75, 400.0], [2962.5, 37918.0], [2960.0, 37303.0], [2957.25, 37692.0], [2953.75, 38101.0], [2950.0, 300.0], [2945.25, 73227.0]], "asks": [[2974.5, 1250.0], [2974.75, 209.0], [2975.0, 926.0], [2975.25, 1055.0], [2975.5, 1700.0], [2975.75, 209.0], [2976.0, 700.0], [2976.25, 209.0], [2976.5, 999.0], [2976.75, 6142.0], [2977.0, 19071.0], [2977.25, 6701.0], [2978.25, 2116.0], [2978.5, 7088.0], [2979.0, 1009.0], [2979.5, 37143.0], [2981.75, 2002.0], [2982.5, 37916.0], [2986.75, 36776.0], [2988.5, 1144.0]]}}}
{"jsonrpc": "2.0", "method": "subscription", "params": {"channel": "book.ETH-2JAN26.none.20.100ms", "data": {"timestamp": 1767004187990, "change_id": 103101130638, "instrument_name": "ETH-2JAN26", "bids": [[2971.5, 2900.0], [2971.25, 1258.0], [2971.0, 1626.0], [2970.75, 5446.0], [2970.0, 1900.0], [2969.75, 2667.0], [2969.5, 7603.0], [2968.75, 500.0], [2968.0, 500.0], [2967.5, 25340.0], [2965.5, 1675.0], [2965.25, 5720.0], [2965.0, 7021.0], [2964.75, 24380.0], [2963.5, 18306.0], [2963.25, 51060.0], [2962.0, 40400.0], [2959.5, 21252.0], [2959.25, 50992.0], [2957.25, 73227.0]], "asks": [[2971.75, 6846.0], [2972.0, 101058.0], [2972.25, 2156.0], [2972.5, 1755.0], [2972.75, 2367.0], [2973.0, 2467.0], [2973.25, 2523.0], [2973.5, 2467.0], [2973.75, 9264.0], [2974.0, 24670.0], [2975.75, 7591.0], [2976.0, 25430.0], [2976.75, 2070.0], [2977.0, 6933.0], [2977.75, 14657.0], [2978.0, 49102.0], [2980.25, 500.0], [2980.5, 400.0], [2980.75, 40000.0], [2982.75, 50897.0]]}}}
{"jsonrpc": "2.0", "method": "subscription", "params": {"channel": "book.ETH-2JAN26.none.20.100ms", "data": {"timestamp": 1767004188363, "change_id": 103101131108, "instrument_name": "ETH-2JAN26", "bids": [[2971.5, 2900.0], [2971.25, 2884.0], [2971.0, 5446.0], [2970.0, 1900.0], [2969.75, 2667.0], [2969.5, 7603.0], [2968.75, 500.0], [2968.0, 500.0], [2967.5, 25340.0], [2965.5, 1675.0], [2965.25, 5720.0], [2965.0, 7021.0], [2964.75, 24380.0], [2963.5, 18306.0], [2963.25, 51060.0], [2962.0, 40400.0], [2959.5, 21252.0], [2959.25, 50992.0], [2957.25, 73227.0], [2957.0, 76662.0]], "asks": [[2971.75, 1400.0], [2972.0, 104070.0], [2972.5, 846.0], [2972.75, 3617.0], [2973.0, 2467.0], [2973.25, 2523.0], [2973.5, 2467.0], [2973.75, 9264.0], [2974.0, 24670.0], [2975.75, 7591.0], [2976.0, 25430.0], [2976.75, 2070.0], [2977.0, 6933.0], [2977.75, 14657.0], [2978.0, 49102.0], [2980.25, 500.0], [2980.5, 400.0], [2980.75, 40000.0], [2982.75, 50897.0], [2984.75, 74152.0]]}}}
{"jsonrpc": "2.0", "method": "subscription", "params": {"channel": "book.ETH-9JAN26.none.20.100ms", "data": {"timestamp": 1767004188411, "change_id": 103101131129, "instrument_name": "ETH-9JAN26", "bids": [[2973.25, 2512.0], [2973.0, 10257.0], [2971.25, 3894.0], [2971.0, 13046.0], [2970.25, 301.0], [2970.0, 1009.0], [2969.75, 1874.0], [2969.5, 6277.0], [2967.5, 341.0], [2967.25, 1144.0], [2966.75, 1366.0], [2966.5, 10041.0], [2966.25, 18307.0], [2966.0, 21239.0], [2965.5, 18942.0], [2964.75, 400.0], [2962.5, 37918.0], [2960.0, 37303.0], [2957.25, 37692.0], [2953.75, 38101.0]], "asks": [[2974.75, 1459.0], [2975.0, 926.0], [2975.25, 1055.0], [2975.5, 1700.0], [2975.75, 209.0], [2976.0, 700.0], [2976.25, 209.0], [2976.5, 700.0], [2976.75, 4140.0], [2977.0, 19071.0], [2977.25, 8203.0], [2978.25, 2116.0], [2978.5, 7088.0], [2979.0, 1009.0], [2979.5, 37143.0], [2982.25, 2002.0], [2982.5, 37916.0], [2986.75, 36776.0], [2988.5, 1144.0], [2990.75, 18557.0]]}}}
{"jsonrpc": "2.0", "method": "subscription", "params": {"channel": "book.ETH-9JAN26.none.20.100ms", "data": {"timestamp": 1767004188517, "change_id": 103101131207, "instrument_name": "ETH-9JAN26", "bids": [[2973.25, 1258.0], [2971.25, 3894.0], [2971.0, 13046.0], [2970.25, 301.0], [2970.0, 1009.0], [2969.75, 1874.0], [2969.5, 6277.0], [2967.5, 341.0], [2967.25, 1144.0], [2966.75, 1366.0], [2966.5, 10041.0], [2966.25, 18307.0], [2966.0, 21239.0], [2965.5, 18942.0], [2964.75, 400.0], [2962.5, 37918.0], [2960.0, 37303.0], [2957.25, 37692.0], [2953.75, 38101.0], [2950.0, 300.0]], "asks": [[2974.75, 1459.0], [2975.0, 926.0], [2975.25, 1055.0], [2975.5, 1700.0], [2975.75, 209.0], [2976.0, 700.0], [2976.25, 209.0], [2976.5, 700.0], [2976.75, 4140.0], [2977.0, 19571.0], [2977.25, 8203.0], [2978.25, 2116.0], [2978.5, 7088.0], [2979.0, 1009.0], [2979.5, 37143.0], [2982.25, 2002.0], [2982.5, 37916.0], [2986.75, 36776.0], [2988.5, 1144.0], [2990.75, 18557.0]]}}}
{"jsonrpc": "2.0", "method": "subscription", "params": {"channel": "book.ETH-2JAN26.none.20.100ms", "data": {"timestamp": 1767004188668, "change_id": 103101131328, "instrument_name": "ETH-2JAN26", "bids": [[2971.5, 1000.0], [2971.25, 2884.0], [2971.0, 15696.0], [2970.0, 1900.0], [2969.75, 2667.0], [2969.5, 7603.0], [2968.75, 500.0], [2968.0, 500.0], [2967.5, 25340.0], [2965.5, 1675.0], [2965.25, 5720.0], [2965.0, 7021.0], [2964.75, 24380.0], [2963.5, 18306.0], [2963.25, 51060.0], [2962.0, 40400.0], [2959.5, 21252.0], [2959.25, 50992.0], [2957.25, 73227.0], [2957.0, 76662.0]], "asks": [[2972.0, 7761.0], [2972.5, 846.0], [2972.75, 3617.0], [2973.0, 2467.0], [2973.25, 2523.0], [2973.5, 2467.0], [2973.75, 9264.0], [2974.0, 24670.0], [2975.75, 7591.0], [2976.0, 25430.0], [2976.75, 2070.0], [2977.0, 6933.0], [2977.75, 14657.0], [2978.0, 49102.0], [2980.25, 500.0], [2980.5, 400.0], [2980.75, 40000.0], [2982.75, 50897.0], [2984.75, 74152.0], [2986.25, 40000.0]]}}}
{"jsonrpc": "2.0", "method": "subscription", "params": {"channel": "book.ETH-2JAN26.none.20.100ms", "data": {"timestamp": 1767004189038, "change_id": 103101131874, "instrument_name": "ETH-2JAN26", "bids": [[2971.5, 2900.0], [2971.25, 4784.0], [2971.0, 15696.0], [2970.25, 567.0], [2970.0, 1900.0], [2969.75, 4567.0], [2969.5, 7603.0], [2968.75, 500.0], [2968.0, 500.0], [2967.75, 7564.0], [2967.5, 25340.0], [2965.5, 1675.0], [2965.25, 5720.0], [2965.0, 7021.0], [2964.75, 24380.0], [2963.5, 18306.0], [2963.25, 51060.0], [2962.0, 40400.0], [2959.5, 21252.0], [2959.25, 50992.0]], "asks": [[2972.0, 107370.0], [2972.5, 846.0], [2972.75, 3617.0], [2973.0, 2467.0], [2973.25, 2523.0], [2973.5, 2467.0], [2973.75, 9264.0], [2974.0, 24670.0], [2975.75, 7591.0], [2976.0, 25430.0], [2976.75, 2070.0], [2977.0, 6933.0], [2977.75, 14657.0], [2978.0, 49102.0], [2980.25, 500.0], [2980.5, 400.0], [2980.75, 40000.0], [2982.75, 50897.0], [2984.75, 74152.0], [2986.25, 40000.0]]}}}
