{"jsonrpc": "2.0", "id": 1, "result": ["book.ETH-3OCT25.none.20.100ms", "book.ETH-10OCT25.none.20.100ms"], "usIn": 1759054851552076, "usOut": 1759054851552301, "usDiff": 225, "testnet": false}
{"jsonrpc": "2.0", "method": "subscription", "params": {"channel": "book.ETH-3OCT25.none.20.100ms", "data": {"timestamp": 1759054851315, "change_id": 88417778640, "instrument_name": "ETH-3OCT25", "bids": [[3997.75, 3434.0], [3997.5, 28926.0], [3997.25, 32339.0], [3997.0, 18067.0], [3996.75, 32433.0], [3996.5, 768.0], [3996.25, 258.0], [3996.0, 758.0], [3995.75, 227.0], [3995.5, 5027.0], [3995.25, 19077.0], [3995.0, 17002.0], [3994.75, 221.0], [3994.5, 735.0], [3994.25, 224.0], [3994.0, 4513.0], [3993.75, 12550.0], [3993.25, 739.0], [3993.0, 258.0], [3992.75, 739.0]], "asks": [[3998.0, 4600.0], [3998.25, 12737.0], [3998.5, 17764.0], [3998.75, 23026.0], [3999.0, 25385.0], [3999.25, 751.0], [3999.5, 222.0], [3999.75, 740.0], [4000.0, 7080.0], [4000.25, 23600.0], [4000.5, 224.0], [4000.75, 745.0], [4001.0, 258.0], [4001.25, 7465.0], [4001.5, 32204.0], [4001.75, 223.0], [4002.0, 744.0], [4002.25, 10.0], [4002.75, 7816.0], [4003.0, 26150.0]]}}}
{"jsonrpc": "2.0", "method": "subscription", "params": {"channel": "book.ETH-10OCT25.none.20.100ms", "data": {"timestamp": 1759054851324, "change_id": 88417778662, "instrument_name": "ETH-10OCT25", "bids": [[4001.25, 15613.0], [4001.0, 42658.0], [4000.75, 34044.0], [4000.25, 5866.0], [4000.0, 13898.0], [3999.25, 480.0], [3999.0, 1601.0], [3998.0, 610.0], [3997.5, 1928.0], [3997.25, 6428.0], [3997.0, 1489.0], [3996.75, 3004.0], [3996.5, 588.0], [3994.75, 1884.0], [3994.5, 6280.0], [3994.0, 604.0], [3993.25, 554.0], [3993.0, 1848.0], [3991.25, 587.0], [3991.0, 16.0]], "asks": [[4001.75, 4400.0], [4002.0, 10900.0], [4002.25, 7461.0], [4002.5, 25908.0], [4002.75, 4400.0], [4003.0, 595.0], [4003.25, 1499.0], [4003.5, 5898.0], [4003.75, 3004.0], [4004.5, 606.0], [4005.0, 595.0], [4005.5, 588.0], [4006.25, 4329.0], [4006.5, 16327.0], [4006.75, 6327.0], [4007.5, 600.0], [4008.0, 588.0], [4008.5, 601.0], [4009.5, 6832.0], [4009.75, 22774.0]]}}}
{"jsonrpc": "2.0", "method": "subscription", "params": {"channel": "book.ETH-3OCT25.none.20.100ms", "data": {"timestamp": 1759054851771, "change_id": 88417779269, "instrument_name": "ETH-3OCT25", "bids": [[3997.75, 3434.0], [3997.5, 28926.0], [3997.25, 32339.0], [3997.0, 18067.0], [3996.75, 32433.0], [3996.5, 768.0], [3996.25, 258.0], [3996.0, 758.0], [3995.75, 227.0], [3995.5, 5027.0], [3995.25, 19077.0], [3995.0, 17002.0], [3994.75, 221.0], [3994.5, 735.0], [3994.25, 224.0], [3994.0, 4513.0], [3993.75, 12550.0], [3993.25, 739.0], [3993.0, 258.0], [3992.75, 739.0]], "asks": [[3998.0, 4600.0], [3998.25, 12737.0], [3998.5, 17764.0], [3998.75, 12461.0], [3999.0, 25385.0], [3999.25, 751.0], [3999.5, 222.0], [3999.75, 740.0], [4000.0, 7080.0], [4000.25, 23600.0], [4000.5, 224.0], [4000.75, 745.0], [4001.0, 258.0], [4001.25, 7465.0], [4001.5, 15954.0], [4001.75, 223.0], [4002.0, 744.0], [4002.25, 10.0], [4002.75, 7816.0], [4003.0, 26150.0]]}}}
{"jsonrpc": "2.0", "method": "subscription", "params": {"channel": "book.ETH-3OCT25.none.20.100ms", "data": {"timestamp": 1759054851877, "change_id": 88417779460, "instrument_name": "ETH-3OCT25", "bids": [[3997.75, 3434.0], [3997.5, 28926.0], [3997.25, 32339.0], [3997.0, 18067.0], [3996.75, 32433.0], [3996.5, 768.0], [3996.25, 258.0], [3996.0, 758.0], [3995.75, 227.0], [3995.5, 5027.0], [3995.25, 19077.0], [3995.0, 17002.0], [3994.75, 221.0], [3994.5, 735.0], [3994.25, 224.0], [3994.0, 4513.0], [3993.75, 12550.0], [3993.5, 222.0], [3993.25, 739.0], [3993.0, 258.0]], "asks": [[3998.0, 4600.0], [3998.25, 12737.0], [3998.5, 16424.0], [3998.75, 23026.0], [3999.0, 25385.0], [3999.25, 751.0], [3999.5, 222.0], [3999.75, 740.0], [4000.0, 7080.0], [4000.25, 23600.0], [4000.5, 224.0], [4000.75, 745.0], [4001.0, 258.0], [4001.25, 11821.0], [4001.5, 32204.0], [4001.75, 223.0], [4002.0, 744.0], [4002.25, 10.0], [4002.75, 7816.0], [4003.0, 26150.0]]}}}
{"jsonrpc": "2.0", "method": "subscription", "params": {"channel": "book.ETH-10OCT25.none.20.100ms", "data": {"timestamp": 1759054852736, "change_id": 88417780209, "instrument_name": "ETH-10OCT25", "bids": [[4001.25, 15613.0], [4001.0, 42658.0], [4000.75, 34044.0], [4000.25, 5866.0], [4000.0, 13898.0], [3999.25, 480.0], [3999.0, 1601.0], [3998.0, 610.0], [3997.5, 1928.0], [3997.25, 6428.0], [3997.0, 1489.0], [3996.75, 3004.0], [3996.5, 588.0], [3994.75, 1884.0], [3994.5, 6280.0], [3994.0, 604.0], [3993.25, 554.0], [3993.0, 1848.0], [3991.25, 587.0], [3991.0, 16.0]], "asks": [[4001.75, 4400.0], [4002.0, 5900.0], [4002.25, 12461.0], [4002.5, 25908.0], [4002.75, 4400.0], [4003.0, 595.0], [4003.25, 1499.0], [4003.5, 5898.0], [4003.75, 3004.0], [4004.5, 606.0], [4005.0, 595.0], [4005.5, 588.0], [4006.25, 4329.0], [4006.5, 16327.0], [4006.75, 6327.0], [4007.5, 600.0], [4008.0, 588.0], [4008.5, 601.0], [4009.5, 6832.0], [4009.75, 22774.0]]}}}
{"jsonrpc": "2.0", "method": "subscription", "params": {"channel": "book.ETH-10OCT25.none.20.100ms", "data": {"timestamp": 1759054853045, "change_id": 88417780604, "instrument_name": "ETH-10OCT25", "bids": [[4001.25, 15613.0], [4001.0, 42658.0], [4000.75, 34044.0], [4000.25, 5866.0], [4000.0, 13898.0], [3999.25, 480.0], [3999.0, 1601.0], [3998.0, 610.0], [3997.5, 1928.0], [3997.25, 6428.0], [3997.0, 1489.0], [3996.75, 3004.0], [3996.5, 588.0], [3994.75, 1884.0], [3994.5, 6280.0], [3994.0, 604.0], [3993.25, 554.0], [3993.0, 1848.0], [3991.25, 587.0], [3991.0, 16.0]], "asks": [[4001.75, 4400.0], [4002.0, 5900.0], [4002.25, 12461.0], [4002.5, 25908.0], [4002.75, 4400.0], [4003.0, 595.0], [4003.25, 1499.0], [4003.5, 5898.0], [4003.75, 3004.0], [4004.5, 606.0], [4005.0, 595.0], [4005.5, 588.0], [4006.25, 4329.0], [4006.5, 16327.0], [4006.75, 6327.0], [4008.0, 588.0], [4008.5, 601.0], [4009.5, 6832.0], [4009.75, 22774.0], [4010.25, 620.0]]}}}
{"jsonrpc": "2.0", "method": "subscription", "params": {"channel": "book.ETH-10OCT25.none.20.100ms", "data": {"timestamp": 1759054853707, "change_id": 88417781256, "instrument_name": "ETH-10OCT25", "bids": [[4001.25, 21613.0], [4001.0, 36658.0], [4000.75, 34044.0], [4000.25, 5866.0], [4000.0, 13898.0], [3999.25, 480.0], [3999.0, 1601.0], [3998.0, 610.0], [3997.75, 1928.0], [3997.5, 6428.0], [3997.0, 1489.0], [3996.75, 3004.0], [3996.5, 588.0], [3995.0, 1884.0], [3994.75, 6280.0], [3994.0, 604.0], [3993.25, 554.0], [3993.0, 1848.0], [3991.25, 587.0], [3991.0, 16.0]], "asks": [[4001.75, 4400.0], [4002.0, 5900.0], [4002.25, 12461.0], [4002.5, 25908.0], [4002.75, 4400.0], [4003.0, 595.0], [4003.25, 1499.0], [4003.5, 5898.0], [4003.75, 3004.0], [4004.5, 606.0], [4005.0, 595.0], [4005.5, 588.0], [4006.25, 4329.0], [4006.5, 16327.0], [4006.75, 6327.0], [4008.0, 588.0], [4008.5, 601.0], [4009.5, 6832.0], [4009.75, 22774.0], [4010.25, 620.0]]}}}
{"jsonrpc": "2.0", "method": "subscription", "params": {"channel": "book.ETH-3OCT25.none.20.100ms", "data": {"timestamp": 1759054853830, "change_id": 88417781417, "instrument_name": "ETH-3OCT25", "bids": [[3997.75, 3434.0], [3997.5, 28926.0], [3997.25, 32339.0], [3997.0, 18067.0], [3996.75, 32433.0], [3996.5, 768.0], [3996.25, 258.0], [3996.0, 758.0], [3995.75, 227.0], [3995.5, 5027.0], [3995.25, 19077.0], [3995.0, 17002.0], [3994.75, 221.0], [3994.5, 4500.0], [3994.25, 12774.0], [3994.0, 748.0], [3993.5, 222.0], [3993.25, 739.0], [3993.0, 258.0], [3992.75, 739.0]], "asks": [[3998.0, 4600.0], [3998.25, 12737.0], [3998.5, 16424.0], [3998.75, 23026.0], [3999.0, 25385.0], [3999.25, 751.0], [3999.5, 222.0], [3999.75, 740.0], [4000.0, 7080.0], [4000.25, 23600.0], [4000.5, 224.0], [4000.75, 745.0], [4001.0, 792.0], [4001.25, 11821.0], [4001.5, 32204.0], [4001.75, 223.0], [4002.0, 744.0], [4002.25, 10.0], [4002.75, 7816.0], [4003.0, 26150.0]]}}}
{"jsonrpc": "2.0", "method": "subscription", "params": {"channel": "book.ETH-10OCT25.none.20.100ms", "data": {"timestamp": 1759054856578, "change_id": 88417784085, "instrument_name": "ETH-10OCT25", "bids": [[4001.25, 21613.0], [4001.0, 36658.0], [4000.75, 34044.0], [4000.25, 5866.0], [4000.0, 13898.0], [3999.25, 480.0], [3999.0, 1601.0], [3998.0, 610.0], [3997.5, 1928.0], [3997.25, 6428.0], [3997.0, 1489.0], [3996.75, 3004.0], [3996.5, 588.0], [3995.0, 1884.0], [3994.75, 6280.0], [3994.0, 604.0], [3993.25, 554.0], [3993.0, 1848.0], [3991.25, 587.0], [3991.0, 16.0]], "asks": [[4001.75, 4400.0], [4002.0, 5900.0], [4002.25, 12461.0], [4002.5, 25908.0], [4002.75, 4400.0], [4003.0, 595.0], [4003.25, 1499.0], [4003.5, 5898.0], [4003.75, 3004.0], [4004.5, 606.0], [4005.0, 595.0], [4005.5, 588.0], [4006.25, 4329.0], [4006.5, 16327.0], [4006.75, 6327.0], [4008.5, 601.0], [4009.5, 6832.0], [4009.75, 22774.0], [4010.25, 620.0], [4010.75, 604.0]]}}}
{"jsonrpc": "2.0", "method": "subscription", "params": {"channel": "book.ETH-10OCT25.none.20.100ms", "data": {"timestamp": 1759054857045, "change_id": 88417784718, "instrument_name": "ETH-10OCT25", "bids": [[4001.25, 23513.0], [4001.0, 36658.0], [4000.75, 34044.0], [4000.25, 5866.0], [4000.0, 13898.0], [3999.25, 480.0], [3999.0, 1601.0], [3998.0, 610.0], [3997.5, 1928.0], [3997.25, 6428.0], [3997.0, 1489.0], [3996.75, 3004.0], [3996.5, 588.0], [3995.0, 1884.0], [3994.75, 6280.0], [3994.0, 604.0], [3993.25, 554.0], [3993.0, 1848.0], [3991.25, 587.0], [3991.0, 16.0]], "asks": [[4001.75, 4400.0], [4002.0, 5900.0], [4002.25, 12461.0], [4002.5, 25908.0], [4002.75, 4400.0], [4003.0, 595.0], [4003.25, 1499.0], [4003.5, 5898.0], [4003.75, 3004.0], [4004.5, 606.0], [4005.0, 595.0], [4005.5, 588.0], [4006.25, 4329.0], [4006.5, 16327.0], [4006.75, 6327.0], [4008.5, 601.0], [4009.5, 6832.0], [4009.75, 22774.0], [4010.25, 620.0], [4010.75, 604.0]]}}}
{"jsonrpc": "2.0", "method": "subscription", "params": {"channel": "book.ETH-3OCT25.none.20.100ms", "data": {"timestamp": 1759054856783, "change_id": 88417784410, "instrument_name": "ETH-3OCT25", "bids": [[3997.75, 3434.0], [3997.5, 28926.0], [3997.25, 33589.0], [3997.0, 16817.0], [3996.75, 32433.0], [3996.5, 768.0], [3996.25, 258.0], [3996.0, 758.0], [3995.75, 227.0], [3995.5, 5027.0], [3995.25, 19077.0], [3995.0, 17002.0], [3994.75, 221.0], [3994.5, 4500.0], [3994.25, 12774.0], [3994.0, 748.0], [3993.5, 222.0], [3993.25, 739.0], [3993.0, 258.0], [3992.75, 739.0]], "asks": [[3998.0, 4600.0], [3998.25, 12737.0], [3998.5, 16424.0], [3998.75, 23026.0], [3999.0, 25385.0], [3999.25, 751.0], [3999.5, 222.0], [3999.75, 740.0], [4000.0, 7080.0], [4000.25, 23600.0], [4000.5, 224.0], [4000.75, 745.0], [4001.0, 792.0], [4001.25, 11821.0], [4001.5, 32204.0], [4001.75, 223.0], [4002.0, 744.0], [4002.25, 10.0], [4002.75, 7816.0], [4003.0, 26150.0]]}}}
{"jsonrpc": "2.0", "method": "subscription", "params": {"channel": "book.ETH-3OCT25.none.20.100ms", "data": {"timestamp": 1759054857520, "change_id": 88417785143, "instrument_name": "ETH-3OCT25", "bids": [[3997.75, 3434.0], [3997.5, 28926.0], [3997.25, 33589.0], [3997.0, 16817.0], [3996.75, 32433.0], [3996.5, 768.0], [3996.25, 258.0], [3996.0, 758.0], [3995.75, 227.0], [3995.5, 5027.0], [3995.25, 19077.0], [3995.0, 17002.0], [3994.75, 221.0], [3994.5, 4500.0], [3994.25, 12774.0], [3994.0, 748.0], [3993.5, 222.0], [3993.25, 739.0], [3993.0, 258.0], [3992.75, 739.0]], "asks": [[3998.0, 4600.0], [3998.25, 12737.0], [3998.5, 16423.0], [3998.75, 23025.0], [3999.0, 25385.0], [3999.25, 751.0], [3999.5, 222.0], [3999.75, 740.0], [4000.0, 7080.0], [4000.25, 23600.0], [4000.5, 224.0], [4000.75, 745.0], [4001.0, 792.0], [4001.25, 11821.0], [4001.5, 32204.0], [4001.75, 223.0], [4002.0, 744.0], [4002.25, 10.0], [4002.75, 7816.0], [4003.0, 26150.0]]}}}
{"jsonrpc": "2.0", "method": "subscription", "params": {"channel": "book.ETH-10OCT25.none.20.100ms", "data": {"timestamp": 1759054859588, "change_id": 88417787315, "instrument_name": "ETH-10OCT25", "bids": [[4001.25, 23513.0], [4001.0, 36658.0], [4000.75, 34044.0], [4000.25, 5866.0], [4000.0, 13898.0], [3999.75, 585.0], [3999.5, 6428.0], [3999.25, 480.0], [3999.0, 1601.0], [3998.0, 610.0], [3997.0, 1489.0], [3996.75, 3004.0], [3996.5, 588.0], [3995.5, 1884.0], [3995.25, 6280.0], [3994.0, 604.0], [3993.25, 554.0], [3993.0, 1848.0], [3991.25, 587.0], [3991.0, 16.0]], "asks": [[4001.75, 4400.0], [4002.0, 5900.0], [4002.25, 12461.0], [4002.5, 25908.0], [4002.75, 4400.0], [4003.0, 595.0], [4003.25, 1499.0], [4003.5, 5898.0], [4003.75, 3004.0], [4004.5, 606.0], [4005.0, 595.0], [4005.5, 588.0], [4006.0, 6335.0], [4006.25, 23495.0], [4006.5, 16327.0], [4006.75, 6327.0], [4008.5, 601.0], [4009.5, 1082.0], [4009.75, 3608.0], [4010.25, 620.0]]}}}
{"jsonrpc": "2.0", "method": "subscription", "params": {"channel": "book.ETH-10OCT25.none.20.100ms", "data": {"timestamp": 1759054859804, "change_id": 88417787594, "instrument_name": "ETH-10OCT25", "bids": [[4001.25, 23513.0], [4001.0, 36658.0], [4000.75, 34044.0], [4000.25, 5866.0], [4000.0, 13898.0], [3999.75, 585.0], [3999.5, 6428.0], [3999.25, 480.0], [3999.0, 1601.0], [3998.0, 610.0], [3997.0, 1489.0], [3996.75, 3004.0], [3996.5, 588.0], [3995.5, 1884.0], [3995.25, 6280.0], [3994.0, 604.0], [3993.25, 554.0], [3993.0, 1848.0], [3991.25, 587.0], [3991.0, 16.0]], "asks": [[4001.75, 4400.0], [4002.0, 5900.0], [4002.25, 12461.0], [4002.5, 25908.0], [4002.75, 4400.0], [4003.0, 595.0], [4003.25, 1499.0], [4003.5, 5898.0], [4003.75, 3004.0], [4004.5, 606.0], [4005.0, 595.0], [4005.5, 588.0], [4006.0, 6335.0], [4006.25, 23495.0], [4006.5, 16327.0], [4006.75, 6327.0], [4008.5, 601.0], [4009.5, 1082.0], [4009.75, 3608.0], [4010.25, 620.0]]}}}
{"jsonrpc": "2.0", "method": "subscription", "params": {"channel": "book.ETH-3OCT25.none.20.100ms", "data": {"timestamp": 1759054859834, "change_id": 88417787646, "instrument_name": "ETH-3OCT25", "bids": [[3997.75, 3434.0], [3997.5, 28926.0], [3997.25, 33589.0], [3997.0, 16817.0], [3996.75, 36138.0], [3996.5, 13318.0], [3996.25, 258.0], [3996.0, 758.0], [3995.75, 227.0], [3995.5, 5027.0], [3995.25, 19077.0], [3995.0, 17002.0], [3994.75, 221.0], [3994.5, 735.0], [3994.25, 224.0], [3994.0, 748.0], [3993.5, 7618.0], [3993.25, 25486.0], [3993.0, 258.0], [3992.75, 739.0]], "asks": [[3998.0, 4600.0], [3998.25, 12737.0], [3998.5, 16423.0], [3998.75, 23025.0], [3999.0, 25385.0], [3999.25, 751.0], [3999.5, 222.0], [3999.75, 740.0], [4000.0, 7080.0], [4000.25, 23600.0], [4000.5, 224.0], [4000.75, 745.0], [4001.0, 792.0], [4001.25, 11821.0], [4001.5, 32204.0], [4001.75, 223.0], [4002.0, 744.0], [4002.25, 10.0], [4002.75, 7816.0], [4003.0, 26150.0]]}}}
{"jsonrpc": "2.0", "method": "subscription", "params": {"channel": "book.ETH-3OCT25.none.20.100ms", "data": {"timestamp": 1759054861317, "change_id": 88417789159, "instrument_name": "ETH-3OCT25", "bids": [[3997.75, 2936.0], [3997.5, 28926.0], [3997.25, 33589.0], [3997.0, 16817.0], [3996.75, 36138.0], [3996.5, 13318.0], [3996.25, 258.0], [3996.0, 758.0], [3995.75, 227.0], [3995.5, 5027.0], [3995.25, 19077.0], [3995.0, 17002.0], [3994.75, 221.0], [3994.5, 735.0], [3994.25, 224.0], [3994.0, 748.0], [3993.5, 7618.0], [3993.25, 25486.0], [3993.0, 258.0], [3992.75, 739.0]], "asks": [[3998.0, 4600.0], [3998.25, 12737.0], [3998.5, 16423.0], [3998.75, 23025.0], [3999.0, 25385.0], [3999.25, 751.0], [3999.5, 222.0], [3999.75, 740.0], [4000.0, 7080.0], [4000.25, 23600.0], [4000.5, 224.0], [4000.75, 745.0], [4001.0, 792.0], [4001.25, 11821.0], [4001.5, 32204.0], [4001.75, 223.0], [4002.0, 744.0], [4002.25, 10.0], [4002.75, 7816.0], [4003.0, 26150.0]]}}}
{"jsonrpc": "2.0", "method": "subscription", "params": {"channel": "book.ETH-10OCT25.none.20.100ms", "data": {"timestamp": 1759054861714, "change_id": 88417789621, "instrument_name": "ETH-10OCT25", "bids": [[4001.25, 23513.0], [4001.0, 36658.0], [4000.75, 34044.0], [4000.25, 5866.0], [4000.0, 13898.0], [3999.75, 585.0], [3999.5, 6428.0], [3999.25, 480.0], [3999.0, 1601.0], [3998.0, 610.0], [3997.0, 1489.0], [3996.75, 3004.0], [3996.5, 588.0], [3995.5, 1884.0], [3995.25, 6280.0], [3994.0, 604.0], [3993.25, 554.0], [3993.0, 1848.0], [3991.25, 587.0], [3991.0, 16.0]], "asks": [[4001.75, 4400.0], [4002.0, 5900.0], [4002.25, 12461.0], [4002.5, 25908.0], [4002.75, 4400.0], [4003.0, 595.0], [4003.25, 1499.0], [4003.5, 5898.0], [4003.75, 3004.0], [4004.5, 606.0], [4005.0, 595.0], [4005.5, 588.0], [4006.0, 6335.0], [4006.25, 23495.0], [4006.5, 16327.0], [4006.75, 6327.0], [4008.5, 601.0], [4009.5, 1082.0], [4009.75, 3608.0], [4010.25, 620.0]]}}}
{"jsonrpc": "2.0", "method": "subscription", "params": {"channel": "book.ETH-3OCT25.none.20.100ms", "data": {"timestamp": 1759054861851, "change_id": 88417789801, "instrument_name": "ETH-3OCT25", "bids": [[3997.75, 2936.0], [3997.5, 28926.0], [3997.25, 33589.0], [3997.0, 16817.0], [3996.75, 36138.0], [3996.5, 13318.0], [3996.25, 258.0], [3996.0, 758.0], [3995.75, 227.0], [3995.5, 5027.0], [3995.25, 19077.0], [3995.0, 17002.0], [3994.75, 221.0], [3994.5, 735.0], [3994.25, 224.0], [3994.0, 748.0], [3993.5, 7618.0], [3993.25, 25486.0], [3993.0, 258.0], [3992.75, 739.0]], "asks": [[3998.0, 4600.0], [3998.25, 12737.0], [3998.5, 13476.0], [3998.75, 12461.0], [3999.0, 25385.0], [3999.25, 751.0], [3999.5, 222.0], [3999.75, 740.0], [4000.0, 7080.0], [4000.25, 23600.0], [4000.5, 224.0], [4000.75, 745.0], [4001.0, 792.0], [4001.25, 7465.0], [4001.5, 15954.0], [4001.75, 223.0], [4002.0, 744.0], [4002.25, 10.0], [4002.75, 7816.0], [4003.0, 26150.0]]}}}
{"jsonrpc": "2.0", "method": "subscription", "params": {"channel": "book.ETH-3OCT25.none.20.100ms", "data": {"timestamp": 1759054861958, "change_id": 88417790052, "instrument_name": "ETH-3OCT25", "bids": [[3997.75, 2936.0], [3997.5, 28926.0], [3997.25, 33589.0], [3997.0, 16817.0], [3996.75, 36138.0], [3996.5, 13318.0], [3996.25, 258.0], [3996.0, 758.0], [3995.75, 227.0], [3995.5, 5027.0], [3995.25, 19077.0], [3995.0, 17002.0], [3994.75, 221.0], [3994.5, 735.0], [3994.25, 224.0], [3994.0, 748.0], [3993.5, 7618.0], [3993.25, 25486.0], [3993.0, 258.0], [3992.75, 739.0]], "asks": [[3998.0, 4600.0], [3998.25, 12737.0], [3998.5, 16423.0], [3998.75, 23025.0], [3999.0, 25385.0], [3999.25, 751.0], [3999.5, 222.0], [3999.75, 740.0], [4000.0, 7080.0], [4000.25, 23600.0], [4000.5, 224.0], [4000.75, 745.0], [4001.0, 792.0], [4001.25, 11821.0], [4001.5, 32204.0], [4001.75, 223.0], [4002.0, 744.0], [4002.25, 10.0], [4002.75, 7816.0], [4003.0, 26150.0]]}}}
{"jsonrpc": "2.0", "method": "subscription", "params": {"channel": "book.ETH-10OCT25.none.20.100ms", "data": {"timestamp": 1759054862499, "change_id": 88417790490, "instrument_name": "ETH-10OCT25", "bids": [[4001.25, 23513.0], [4001.0, 37908.0], [4000.75, 32794.0], [4000.25, 5866.0], [4000.0, 13898.0], [3999.75, 585.0], [3999.5, 6428.0], [3999.25, 480.0], [3999.0, 1601.0], [3998.0, 610.0], [3997.0, 1489.0], [3996.75, 3004.0], [3996.5, 588.0], [3995.5, 1884.0], [3995.25, 6280.0], [3994.0, 604.0], [3993.25, 554.0], [3993.0, 1848.0], [3991.25, 587.0], [3991.0, 16.0]], "asks": [[4001.75, 4400.0], [4002.0, 10900.0], [4002.25, 7461.0], [4002.5, 25908.0], [4002.75, 4400.0], [4003.0, 595.0], [4003.25, 1499.0], [4003.5, 5898.0], [4003.75, 3004.0], [4004.5, 606.0], [4005.0, 595.0], [4005.5, 588.0], [4006.0, 6335.0], [4006.25, 23495.0], [4006.5, 16327.0], [4006.75, 6327.0], [4008.5, 601.0], [4009.5, 1082.0], [4009.75, 3608.0], [4010.25, 620.0]]}}}
{"jsonrpc": "2.0", "method": "subscription", "params": {"channel": "book.ETH-3OCT25.none.20.100ms", "data": {"timestamp": 1759054862434, "change_id": 88417790426, "instrument_name": "ETH-3OCT25", "bids": [[3997.75, 2936.0], [3997.5, 28926.0], [3997.25, 33589.0], [3997.0, 16817.0], [3996.75, 36138.0], [3996.5, 13318.0], [3996.25, 258.0], [3996.0, 758.0], [3995.75, 227.0], [3995.5, 5027.0], [3995.25, 19077.0], [3995.0, 17002.0], [3994.75, 221.0], [3994.5, 735.0], [3994.25, 224.0], [3994.0, 748.0], [3993.5, 7618.0], [3993.25, 25486.0], [3993.0, 258.0], [3992.75, 739.0]], "asks": [[3998.0, 4600.0], [3998.25, 12737.0], [3998.5, 16423.0], [3998.75, 23025.0], [3999.0, 25385.0], [3999.25, 751.0], [3999.5, 222.0], [3999.75, 740.0], [4000.0, 7080.0], [4000.25, 23600.0], [4000.5, 224.0], [4000.75, 745.0], [4001.0, 792.0], [4001.25, 11821.0], [4001.5, 32204.0], [4001.75, 223.0], [4002.0, 744.0], [4002.25, 10.0], [4002.75, 7816.0], [4003.0, 26150.0]]}}}
{"jsonrpc": "2.0", "method": "subscription", "params": {"channel": "book.ETH-10OCT25.none.20.100ms", "data": {"timestamp": 1759054862585, "change_id": 88417790580, "instrument_name": "ETH-10OCT25", "bids": [[4001.25, 23513.0], [4001.0, 37908.0], [4000.75, 32794.0], [4000.25, 5866.0], [4000.0, 13898.0], [3999.75, 585.0], [3999.5, 6428.0], [3999.25, 480.0], [3999.0, 1601.0], [3998.0, 610.0], [3997.0, 1489.0], [3996.75, 3004.0], [3996.5, 588.0], [3996.0, 1884.0], [3995.75, 6280.0], [3994.0, 604.0], [3993.25, 554.0], [3993.0, 1848.0], [3991.25, 587.0], [3991.0, 16.0]], "asks": [[4001.75, 4400.0], [4002.0, 10900.0], [4002.25, 7461.0], [4002.5, 25908.0], [4002.75, 4400.0], [4003.0, 595.0], [4003.25, 1499.0], [4003.5, 5898.0], [4003.75, 3004.0], [4004.5, 606.0], [4005.0, 595.0], [4005.5, 588.0], [4006.0, 6335.0], [4006.25, 23495.0], [4006.5, 16327.0], [4006.75, 6327.0], [4008.5, 601.0], [4009.5, 1082.0], [4009.75, 3608.0], [4010.25, 620.0]]}}}
{"jsonrpc": "2.0", "method": "subscription", "params": {"channel": "book.ETH-3OCT25.none.20.100ms", "data": {"timestamp": 1759054862523, "change_id": 88417790498, "instrument_name": "ETH-3OCT25", "bids": [[3997.75, 2936.0], [3997.5, 28926.0], [3997.25, 33589.0], [3997.0, 16817.0], [3996.75, 36138.0], [3996.5, 13318.0], [3996.25, 258.0], [3996.0, 758.0], [3995.75, 227.0], [3995.5, 5027.0], [3995.25, 19077.0], [3995.0, 17002.0], [3994.75, 221.0], [3994.5, 735.0], [3994.25, 224.0], [3994.0, 748.0], [3993.5, 7618.0], [3993.25, 25486.0], [3993.0, 258.0], [3992.75, 739.0]], "asks": [[3998.0, 4600.0], [3998.25, 12737.0], [3998.5, 21515.0], [3998.75, 39767.0], [3999.0, 1385.0], [3999.25, 751.0], [3999.5, 222.0], [3999.75, 740.0], [4000.0, 7080.0], [4000.25, 23600.0], [4000.5, 224.0], [4000.75, 745.0], [4001.0, 792.0], [4001.25, 11821.0], [4001.5, 32204.0], [4001.75, 223.0], [4002.0, 744.0], [4002.25, 10.0], [4002.75, 7816.0], [4003.0, 26150.0]]}}}
{"jsonrpc": "2.0", "method": "subscription", "params": {"channel": "book.ETH-10OCT25.none.20.100ms", "data": {"timestamp": 1759054863449, "change_id": 88417791518, "instrument_name": "ETH-10OCT25", "bids": [[4001.25, 23513.0], [4001.0, 33508.0], [4000.75, 32794.0], [4000.25, 5866.0], [4000.0, 13898.0], [3999.75, 585.0], [3999.5, 6428.0], [3999.25, 480.0], [3999.0, 1601.0], [3998.0, 610.0], [3997.0, 1489.0], [3996.75, 3004.0], [3996.5, 588.0], [3996.0, 1884.0], [3995.75, 6280.0], [3994.0, 604.0], [3993.25, 554.0], [3993.0, 1848.0], [3991.25, 587.0], [3991.0, 16.0]], "asks": [[4001.75, 4400.0], [4002.0, 10900.0], [4002.25, 7461.0], [4002.5, 25908.0], [4002.75, 4400.0], [4003.0, 595.0], [4003.25, 1499.0], [4003.5, 5898.0], [4003.75, 3004.0], [4004.5, 606.0], [4005.0, 595.0], [4005.5, 588.0], [4006.0, 6335.0], [4006.25, 23495.0], [4006.5, 16327.0], [4006.75, 6327.0], [4008.5, 601.0], [4009.5, 1082.0], [4009.75, 3608.0], [4010.25, 620.0]]}}}
{"jsonrpc": "2.0", "method": "subscription", "params": {"channel": "book.ETH-10OCT25.none.20.100ms", "data": {"timestamp": 1759054864696, "change_id": 88417792779, "instrument_name": "ETH-10OCT25", "bids": [[4001.25, 21613.0], [4001.0, 33508.0], [4000.75, 32794.0], [4000.25, 5866.0], [4000.0, 13898.0], [3999.75, 585.0], [3999.5, 6428.0], [3999.25, 480.0], [3999.0, 1601.0], [3998.0, 610.0], [3997.0, 1489.0], [3996.75, 3004.0], [3996.5, 588.0], [3996.0, 1884.0], [3995.75, 6280.0], [3994.0, 604.0], [3993.25, 554.0], [3993.0, 1848.0], [3991.25, 587.0], [3991.0, 16.0]], "asks": [[4001.75, 4400.0], [4002.0, 10900.0], [4002.25, 7461.0], [4002.5, 25908.0], [4002.75, 4400.0], [4003.0, 595.0], [4003.25, 1499.0], [4003.5, 5898.0], [4003.75, 3004.0], [4004.5, 606.0], [4005.0, 595.0], [4005.5, 588.0], [4006.0, 6335.0], [4006.25, 23495.0], [4006.5, 16327.0], [4006.75, 6327.0], [4008.5, 601.0], [4009.5, 1082.0], [4009.75, 3608.0], [4010.25, 620.0]]}}}
{"jsonrpc": "2.0", "method": "subscription", "params": {"channel": "book.ETH-10OCT25.none.20.100ms", "data": {"timestamp": 1759054864956, "change_id": 88417793291, "instrument_name": "ETH-10OCT25", "bids": [[4001.25, 23113.0], [4001.0, 33508.0], [4000.75, 32794.0], [4000.25, 5866.0], [4000.0, 13898.0], [3999.75, 585.0], [3999.5, 6428.0], [3999.25, 480.0], [3999.0, 1601.0], [3998.0, 610.0], [3997.0, 1489.0], [3996.75, 3004.0], [3996.5, 588.0], [3996.0, 1884.0], [3995.75, 6280.0], [3994.0, 604.0], [3993.25, 554.0], [3993.0, 1848.0], [3991.25, 587.0], [3991.0, 16.0]], "asks": [[4001.75, 4400.0], [4002.0, 10900.0], [4002.25, 7461.0], [4002.5, 25908.0], [4002.75, 4400.0], [4003.0, 595.0], [4003.25, 1499.0], [4003.5, 5898.0], [4003.75, 3004.0], [4004.5, 606.0], [4005.0, 595.0], [4005.5, 588.0], [4006.0, 6335.0], [4006.25, 23495.0], [4006.5, 16327.0], [4006.75, 6327.0], [4008.5, 601.0], [4009.5, 1082.0], [4009.75, 3608.0], [4010.25, 620.0]]}}}
{"jsonrpc": "2.0", "method": "subscription", "params": {"channel": "book.ETH-10OCT25.none.20.100ms", "data": {"timestamp": 1759054865584, "change_id": 88417793820, "instrument_name": "ETH-10OCT25", "bids": [[4001.25, 23113.0], [4001.0, 33508.0], [4000.75, 32794.0], [4000.25, 5866.0], [4000.0, 13898.0], [3999.75, 585.0], [3999.5, 6428.0], [3999.25, 480.0], [3999.0, 1601.0], [3998.0, 610.0], [3997.0, 1489.0], [3996.75, 3004.0], [3996.5, 2472.0], [3996.25, 6280.0], [3994.0, 604.0], [3993.25, 554.0], [3993.0, 1848.0], [3991.25, 587.0], [3991.0, 16.0], [3990.25, 612.0]], "asks": [[4001.75, 4400.0], [4002.0, 12150.0], [4002.25, 6211.0], [4002.5, 25908.0], [4002.75, 4400.0], [4003.0, 595.0], [4003.25, 1499.0], [4003.5, 5898.0], [4003.75, 3004.0], [4004.5, 606.0], [4005.0, 595.0], [4005.5, 588.0], [4006.0, 6335.0], [4006.25, 23495.0], [4006.5, 16327.0], [4006.75, 6327.0], [4008.5, 601.0], [4009.5, 1082.0], [4009.75, 3608.0], [4010.25, 620.0]]}}}
{"jsonrpc": "2.0", "method": "subscription", "params": {"channel": "book.ETH-10OCT25.none.20.100ms", "data": {"timestamp": 1759054866144, "change_id": 88417794423, "instrument_name": "ETH-10OCT25", "bids": [[4001.25, 21613.0], [4001.0, 32258.0], [4000.75, 32794.0], [4000.5, 1250.0], [4000.25, 5866.0], [4000.0, 13898.0], [3999.75, 585.0], [3999.5, 6428.0], [3999.25, 480.0], [3999.0, 1601.0], [3998.0, 610.0], [3997.0, 1489.0], [3996.75, 3004.0], [3996.5, 2472.0], [3996.25, 6280.0], [3994.0, 604.0], [3993.25, 554.0], [3993.0, 1848.0], [3991.25, 587.0], [3991.0, 16.0]], "asks": [[4001.75, 4400.0], [4002.0, 12150.0], [4002.25, 6211.0], [4002.5, 25908.0], [4002.75, 4400.0], [4003.0, 595.0], [4003.25, 1499.0], [4003.5, 5898.0], [4003.75, 3004.0], [4004.5, 606.0], [4005.0, 595.0], [4005.5, 588.0], [4006.0, 6335.0], [4006.25, 23495.0], [4006.5, 16327.0], [4006.75, 6327.0], [4008.5, 601.0], [4009.5, 1082.0], [4009.75, 3608.0], [4010.25, 620.0]]}}}
{"jsonrpc": "2.0", "method": "subscription", "params": {"channel": "book.ETH-3OCT25.none.20.100ms", "data": {"timestamp": 1759054866143, "change_id": 88417794422, "instrument_name": "ETH-3OCT25", "bids": [[3997.75, 2936.0], [3997.5, 28926.0], [3997.25, 32339.0], [3997.0, 16817.0], [3996.75, 37388.0], [3996.5, 13318.0], [3996.25, 258.0], [3996.0, 758.0], [3995.75, 227.0], [3995.5, 5027.0], [3995.25, 19077.0], [3995.0, 17002.0], [3994.75, 221.0], [3994.5, 735.0], [3994.25, 224.0], [3994.0, 748.0], [3993.5, 7618.0], [3993.25, 25486.0], [3993.0, 258.0], [3992.75, 739.0]], "asks": [[3998.0, 4600.0], [3998.25, 12737.0], [3998.5, 21515.0], [3998.75, 39767.0], [3999.0, 1385.0], [3999.25, 751.0], [3999.5, 222.0], [3999.75, 740.0], [4000.0, 7080.0], [4000.25, 23600.0], [4000.5, 224.0], [4000.75, 745.0], [4001.0, 792.0], [4001.25, 11821.0], [4001.5, 32204.0], [4001.75, 223.0], [4002.0, 744.0], [4002.25, 10.0], [4002.75, 7816.0], [4003.0, 26150.0]]}}}
{"jsonrpc": "2.0", "method": "subscription", "params": {"channel": "book.ETH-10OCT25.none.20.100ms", "data": {"timestamp": 1759054866268, "change_id": 88417794602, "instrument_name": "ETH-10OCT25", "bids": [[4001.25, 21613.0], [4001.0, 32258.0], [4000.75, 34044.0], [4000.25, 5866.0], [4000.0, 13898.0], [3999.75, 585.0], [3999.5, 6428.0], [3999.25, 480.0], [3999.0, 1601.0], [3998.0, 610.0], [3997.0, 1489.0], [3996.75, 3004.0], [3996.5, 2472.0], [3996.25, 6280.0], [3994.0, 604.0], [3993.25, 554.0], [3993.0, 1848.0], [3991.25, 587.0], [3991.0, 16.0], [3990.25, 612.0]], "asks": [[4001.75, 4400.0], [4002.0, 12150.0], [4002.25, 6211.0], [4002.5, 25908.0], [4002.75, 4400.0], [4003.0, 595.0], [4003.25, 1499.0], [4003.5, 5898.0], [4003.75, 3004.0], [4004.5, 606.0], [4005.0, 595.0], [4005.5, 588.0], [4006.0, 6335.0], [4006.25, 23495.0], [4006.5, 16327.0], [4006.75, 6327.0], [4008.5, 601.0], [4009.5, 1082.0], [4009.75, 3608.0], [4010.25, 620.0]]}}}
{"jsonrpc": "2.0", "method": "subscription", "params": {"channel": "book.ETH-3OCT25.none.20.100ms", "data": {"timestamp": 1759054866434, "change_id": 88417794783, "instrument_name": "ETH-3OCT25", "bids": [[3997.75, 2936.0], [3997.5, 28926.0], [3997.25, 32339.0], [3997.0, 18067.0], [3996.75, 36138.0], [3996.5, 13318.0], [3996.25, 258.0], [3996.0, 758.0], [3995.75, 227.0], [3995.5, 5027.0], [3995.25, 19077.0], [3995.0, 17002.0], [3994.75, 221.0], [3994.5, 735.0], [3994.25, 224.0], [3994.0, 748.0], [3993.5, 7618.0], [3993.25, 25486.0], [3993.0, 258.0], [3992.75, 739.0]], "asks": [[3998.0, 4600.0], [3998.25, 16040.0], [3998.5, 16515.0], [3998.75, 39767.0], [3999.0, 1385.0], [3999.25, 751.0], [3999.5, 222.0], [3999.75, 740.0], [4000.0, 7080.0], [4000.25, 23600.0], [4000.5, 224.0], [4000.75, 745.0], [4001.0, 792.0], [4001.25, 11821.0], [4001.5, 32204.0], [4001.75, 223.0], [4002.0, 744.0], [4002.25, 10.0], [4002.75, 7816.0], [4003.0, 26150.0]]}}}
{"jsonrpc": "2.0", "method": "subscription", "params": {"channel": "book.ETH-10OCT25.none.20.100ms", "data": {"timestamp": 1759054866933, "change_id": 88417795470, "instrument_name": "ETH-10OCT25", "bids": [[4001.25, 23013.0], [4001.0, 32258.0], [4000.75, 34044.0], [4000.25, 5866.0], [4000.0, 13898.0], [3999.75, 585.0], [3999.5, 6428.0], [3999.25, 480.0], [3999.0, 1601.0], [3998.0, 610.0], [3997.0, 1489.0], [3996.75, 3004.0], [3996.5, 2472.0], [3996.25, 6280.0], [3994.0, 604.0], [3993.25, 554.0], [3993.0, 1848.0], [3991.25, 587.0], [3991.0, 16.0], [3990.25, 612.0]], "asks": [[4001.75, 4400.0], [4002.0, 12150.0], [4002.25, 6211.0], [4002.5, 25908.0], [4002.75, 4400.0], [4003.0, 595.0], [4003.25, 1499.0], [4003.5, 5898.0], [4003.75, 3004.0], [4004.5, 606.0], [4005.0, 595.0], [4005.5, 588.0], [4006.0, 6335.0], [4006.25, 23495.0], [4006.5, 16327.0], [4006.75, 6327.0], [4008.5, 601.0], [4009.5, 1082.0], [4009.75, 3608.0], [4010.25, 620.0]]}}}
{"jsonrpc": "2.0", "method": "subscription", "params": {"channel": "book.ETH-3OCT25.none.20.100ms", "data": {"timestamp": 1759054867087, "change_id": 88417795529, "instrument_name": "ETH-3OCT25", "bids": [[3997.75, 2936.0], [3997.5, 28926.0], [3997.25, 32339.0], [3997.0, 18067.0], [3996.75, 36138.0], [3996.5, 13318.0], [3996.25, 258.0], [3996.0, 758.0], [3995.75, 227.0], [3995.5, 5027.0], [3995.25, 19077.0], [3995.0, 17002.0], [3994.75, 221.0], [3994.5, 735.0], [3994.25, 224.0], [3994.0, 748.0], [3993.5, 7618.0], [3993.25, 25486.0], [3993.0, 258.0], [3992.75, 739.0]], "asks": [[3998.0, 4600.0], [3998.25, 16040.0], [3998.5, 16515.0], [3998.75, 39766.0], [3999.0, 1385.0], [3999.25, 751.0], [3999.5, 222.0], [3999.75, 740.0], [4000.0, 7080.0], [4000.25, 23600.0], [4000.5, 224.0], [4000.75, 745.0], [4001.0, 792.0], [4001.25, 11821.0], [4001.5, 32204.0], [4001.75, 223.0], [4002.0, 744.0], [4002.25, 10.0], [4002.75, 7816.0], [4003.0, 26150.0]]}}}
{"jsonrpc": "2.0", "method": "subscription", "params": {"channel": "book.ETH-10OCT25.none.20.100ms", "data": {"timestamp": 1759054867324, "change_id": 88417795739, "instrument_name": "ETH-10OCT25", "bids": [[4001.25, 23013.0], [4001.0, 32258.0], [4000.75, 34044.0], [4000.25, 5866.0], [4000.0, 13898.0], [3999.75, 585.0], [3999.5, 6428.0], [3999.25, 480.0], [3999.0, 1601.0], [3998.0, 610.0], [3997.0, 1489.0], [3996.75, 3004.0], [3996.5, 2472.0], [3996.25, 6280.0], [3994.0, 604.0], [3993.25, 554.0], [3993.0, 1848.0], [3991.25, 587.0], [3991.0, 16.0], [3990.25, 612.0]], "asks": [[4001.75, 4400.0], [4002.0, 12150.0], [4002.25, 6211.0], [4002.5, 25908.0], [4002.75, 4400.0], [4003.0, 595.0], [4003.25, 1499.0], [4003.5, 5898.0], [4003.75, 3004.0], [4004.5, 606.0], [4005.0, 595.0], [4005.5, 588.0], [4006.0, 6335.0], [4006.25, 23495.0], [4006.5, 16327.0], [4006.75, 6327.0], [4008.5, 601.0], [4009.5, 1082.0], [4009.75, 3608.0], [4010.25, 620.0]]}}}
{"jsonrpc": "2.0", "method": "subscription", "params": {"channel": "book.ETH-3OCT25.none.20.100ms", "data": {"timestamp": 1759054867217, "change_id": 88417795595, "instrument_name": "ETH-3OCT25", "bids": [[3997.75, 2936.0], [3997.5, 28926.0], [3997.25, 32339.0], [3997.0, 18067.0], [3996.75, 36138.0], [3996.5, 13318.0], [3996.25, 258.0], [3996.0, 758.0], [3995.75, 227.0], [3995.5, 5027.0], [3995.25, 19077.0], [3995.0, 17002.0], [3994.75, 221.0], [3994.5, 735.0], [3994.25, 224.0], [3994.0, 748.0], [3993.5, 7618.0], [3993.25, 25486.0], [3993.0, 258.0], [3992.75, 739.0]], "asks": [[3998.0, 4600.0], [3998.25, 17290.0], [3998.5, 15265.0], [3998.75, 39766.0], [3999.0, 1385.0], [3999.25, 751.0], [3999.5, 222.0], [3999.75, 740.0], [4000.0, 7080.0], [4000.25, 23600.0], [4000.5, 224.0], [4000.75, 745.0], [4001.0, 792.0], [4001.25, 11821.0], [4001.5, 32204.0], [4001.75, 223.0], [4002.0, 744.0], [4002.25, 10.0], [4002.75, 7816.0], [4003.0, 26150.0]]}}}
{"jsonrpc": "2.0", "method": "subscription", "params": {"channel": "book.ETH-10OCT25.none.20.100ms", "data": {"timestamp": 1759054867768, "change_id": 88417796236, "instrument_name": "ETH-10OCT25", "bids": [[4001.25, 21613.0], [4001.0, 32258.0], [4000.75, 34044.0], [4000.25, 5866.0], [4000.0, 13898.0], [3999.75, 585.0], [3999.5, 6428.0], [3999.25, 480.0], [3999.0, 1601.0], [3998.0, 610.0], [3997.0, 1489.0], [3996.75, 3004.0], [3996.5, 2472.0], [3996.25, 6280.0], [3994.0, 604.0], [3993.25, 554.0], [3993.0, 1848.0], [3991.25, 587.0], [3991.0, 16.0], [3990.25, 612.0]], "asks": [[4001.75, 4400.0], [4002.0, 12150.0], [4002.25, 28401.0], [4002.5, 1908.0], [4002.75, 4400.0], [4003.0, 595.0], [4003.25, 1499.0], [4003.5, 5898.0], [4003.75, 3004.0], [4004.5, 606.0], [4005.0, 595.0], [4005.5, 588.0], [4006.0, 6335.0], [4006.25, 23495.0], [4006.5, 16327.0], [4006.75, 6327.0], [4008.5, 601.0], [4009.5, 1082.0], [4009.75, 3608.0], [4010.25, 620.0]]}}}
{"jsonrpc": "2.0", "method": "subscription", "params": {"channel": "book.ETH-3OCT25.none.20.100ms", "data": {"timestamp": 1759054867766, "change_id": 88417796233, "instrument_name": "ETH-3OCT25", "bids": [[3997.75, 2504.0], [3997.5, 28926.0], [3997.25, 32339.0], [3997.0, 18067.0], [3996.75, 36138.0], [3996.5, 13318.0], [3996.25, 258.0], [3996.0, 758.0], [3995.75, 227.0], [3995.5, 5027.0], [3995.25, 19077.0], [3995.0, 17002.0], [3994.75, 221.0], [3994.5, 735.0], [3994.25, 224.0], [3994.0, 748.0], [3993.5, 7618.0], [3993.25, 25486.0], [3993.0, 258.0], [3992.75, 739.0]], "asks": [[3998.0, 4600.0], [3998.25, 17290.0], [3998.5, 15265.0], [3998.75, 39766.0], [3999.0, 1385.0], [3999.25, 751.0], [3999.5, 222.0], [3999.75, 740.0], [4000.0, 7080.0], [4000.25, 23600.0], [4000.5, 224.0], [4000.75, 745.0], [4001.0, 792.0], [4001.25, 11821.0], [4001.5, 32204.0], [4001.75, 223.0], [4002.0, 744.0], [4002.25, 10.0], [4002.75, 7816.0], [4003.0, 26150.0]]}}}
{"jsonrpc": "2.0", "method": "subscription", "params": {"channel": "book.ETH-10OCT25.none.20.100ms", "data": {"timestamp": 1759054868586, "change_id": 88417797129, "instrument_name": "ETH-10OCT25", "bids": [[4001.25, 21613.0], [4001.0, 32258.0], [4000.75, 34044.0], [4000.25, 5866.0], [4000.0, 13898.0], [3999.75, 585.0], [3999.5, 6428.0], [3999.25, 480.0], [3999.0, 1601.0], [3998.0, 610.0], [3997.0, 1489.0], [3996.75, 3004.0], [3996.5, 588.0], [3994.5, 1884.0], [3994.25, 6280.0], [3994.0, 604.0], [3993.25, 554.0], [3993.0, 1848.0], [3991.25, 587.0], [3991.0, 16.0]], "asks": [[4001.75, 4400.0], [4002.0, 12150.0], [4002.25, 28401.0], [4002.5, 1908.0], [4002.75, 4400.0], [4003.0, 595.0], [4003.25, 1499.0], [4003.5, 5898.0], [4003.75, 3004.0], [4004.5, 606.0], [4005.0, 595.0], [4005.5, 588.0], [4006.0, 6335.0], [4006.25, 23495.0], [4006.5, 16327.0], [4006.75, 6327.0], [4008.5, 601.0], [4009.5, 1082.0], [4009.75, 3608.0], [4010.25, 620.0]]}}}
{"jsonrpc": "2.0", "method": "subscription", "params": {"channel": "book.ETH-10OCT25.none.20.100ms", "data": {"timestamp": 1759054871373, "change_id": 88417800048, "instrument_name": "ETH-10OCT25", "bids": [[4001.25, 21613.0], [4001.0, 32258.0], [4000.75, 34044.0], [4000.25, 5866.0], [4000.0, 13898.0], [3999.75, 585.0], [3999.25, 480.0], [3999.0, 1601.0], [3998.25, 6428.0], [3998.0, 610.0], [3997.0, 1489.0], [3996.75, 3004.0], [3996.5, 588.0], [3994.5, 1884.0], [3994.25, 6280.0], [3994.0, 604.0], [3993.25, 554.0], [3993.0, 1848.0], [3991.25, 587.0], [3991.0, 16.0]], "asks": [[4001.75, 4400.0], [4002.0, 12150.0], [4002.25, 28401.0], [4002.5, 1908.0], [4002.75, 4400.0], [4003.0, 595.0], [4003.25, 1499.0], [4003.5, 5898.0], [4003.75, 3004.0], [4004.5, 606.0], [4005.0, 595.0], [4005.5, 588.0], [4006.0, 6335.0], [4006.25, 23495.0], [4006.5, 16327.0], [4006.75, 6327.0], [4008.5, 601.0], [4009.5, 1082.0], [4009.75, 3608.0], [4010.25, 620.0]]}}}
{"jsonrpc": "2.0", "method": "subscription", "params": {"channel": "book.ETH-3OCT25.none.20.100ms", "data": {"timestamp": 1759054871380, "change_id": 88417800061, "instrument_name": "ETH-3OCT25", "bids": [[3997.75, 2504.0], [3997.5, 28926.0], [3997.25, 32339.0], [3997.0, 18067.0], [3996.75, 32433.0], [3996.5, 768.0], [3996.25, 258.0], [3996.0, 758.0], [3995.75, 227.0], [3995.5, 5027.0], [3995.25, 19077.0], [3995.0, 20767.0], [3994.75, 12771.0], [3994.5, 735.0], [3994.25, 224.0], [3994.0, 748.0], [3993.5, 222.0], [3993.25, 739.0], [3993.0, 258.0], [3992.75, 739.0]], "asks": [[3998.0, 4600.0], [3998.25, 17290.0], [3998.5, 15265.0], [3998.75, 39766.0], [3999.0, 1385.0], [3999.25, 751.0], [3999.5, 222.0], [3999.75, 740.0], [4000.0, 7080.0], [4000.25, 23600.0], [4000.5, 224.0], [4000.75, 745.0], [4001.0, 792.0], [4001.25, 11821.0], [4001.5, 32204.0], [4001.75, 223.0], [4002.0, 744.0], [4002.25, 10.0], [4002.75, 7816.0], [4003.0, 26150.0]]}}}
{"jsonrpc": "2.0", "method": "subscription", "params": {"channel": "book.ETH-3OCT25.none.20.100ms", "data": {"timestamp": 1759054871752, "change_id": 88417800583, "instrument_name": "ETH-3OCT25", "bids": [[3997.75, 2504.0], [3997.5, 28926.0], [3997.25, 32339.0], [3997.0, 18067.0], [3996.75, 32433.0], [3996.5, 768.0], [3996.25, 258.0], [3996.0, 758.0], [3995.75, 227.0], [3995.5, 5027.0], [3995.25, 19077.0], [3995.0, 20767.0], [3994.75, 12771.0], [3994.5, 735.0], [3994.25, 224.0], [3994.0, 748.0], [3993.5, 222.0], [3993.25, 739.0], [3993.0, 258.0], [3992.75, 739.0]], "asks": [[3998.0, 4600.0], [3998.25, 17290.0], [3998.5, 15265.0], [3998.75, 39766.0], [3999.0, 1385.0], [3999.25, 751.0], [3999.5, 222.0], [3999.75, 740.0], [4000.0, 7080.0], [4000.25, 23600.0], [4000.5, 224.0], [4000.75, 745.0], [4001.0, 792.0], [4001.25, 11821.0], [4001.5, 32204.0], [4001.75, 223.0], [4002.0, 744.0], [4002.25, 10.0], [4002.75, 7816.0], [4003.0, 26150.0]]}}}
{"jsonrpc": "2.0", "method": "subscription", "params": {"channel": "book.ETH-10OCT25.none.20.100ms", "data": {"timestamp": 1759054872390, "change_id": 88417801500, "instrument_name": "ETH-10OCT25", "bids": [[4001.25, 11000.0], [4001.0, 5587.0], [4000.75, 24000.0], [4000.25, 588.0], [3999.75, 585.0], [3999.25, 480.0], [3999.0, 1601.0], [3998.5, 16422.0], [3998.25, 6428.0], [3998.0, 610.0], [3997.0, 1489.0], [3996.75, 3004.0], [3996.5, 588.0], [3994.5, 1884.0], [3994.25, 6280.0], [3994.0, 604.0], [3993.25, 554.0], [3993.0, 1848.0], [3991.25, 587.0], [3991.0, 16.0]], "asks": [[4001.75, 13352.0], [4002.0, 30970.0], [4002.25, 4401.0], [4002.5, 1908.0], [4002.75, 4400.0], [4003.0, 595.0], [4003.25, 1499.0], [4003.5, 5898.0], [4003.75, 3004.0], [4004.5, 606.0], [4005.0, 595.0], [4005.5, 588.0], [4006.0, 6335.0], [4006.25, 23495.0], [4006.5, 16327.0], [4006.75, 6327.0], [4008.5, 601.0], [4009.5, 1082.0], [4009.75, 3608.0], [4010.25, 620.0]]}}}
{"jsonrpc": "2.0", "method": "subscription", "params": {"channel": "book.ETH-3OCT25.none.20.100ms", "data": {"timestamp": 1759054872361, "change_id": 88417801608, "instrument_name": "ETH-3OCT25", "bids": [[3997.75, 1336.0], [3997.5, 13391.0], [3997.25, 27401.0], [3997.0, 5163.0], [3996.75, 258.0], [3996.5, 768.0], [3996.25, 258.0], [3996.0, 758.0], [3995.75, 227.0], [3995.5, 758.0], [3995.25, 226.0], [3995.0, 4517.0], [3994.75, 12771.0], [3994.5, 735.0], [3994.25, 224.0], [3994.0, 748.0], [3993.75, 13790.0], [3993.5, 222.0], [3993.25, 739.0], [3993.0, 258.0]], "asks": [[3998.0, 4600.0], [3998.25, 24531.0], [3998.5, 34905.0], [3998.75, 15766.0], [3999.0, 1385.0], [3999.25, 751.0], [3999.5, 222.0], [3999.75, 740.0], [4000.0, 7080.0], [4000.25, 23600.0], [4000.5, 224.0], [4000.75, 745.0], [4001.0, 792.0], [4001.25, 11821.0], [4001.5, 32204.0], [4001.75, 223.0], [4002.0, 744.0], [4002.25, 10.0], [4002.75, 7816.0], [4003.0, 26150.0]]}}}
{"jsonrpc": "2.0", "method": "subscription", "params": {"channel": "book.ETH-10OCT25.none.20.100ms", "data": {"timestamp": 1759054872710, "change_id": 88417802112, "instrument_name": "ETH-10OCT25", "bids": [[4001.25, 11000.0], [4001.0, 5587.0], [4000.75, 56206.0], [4000.25, 375.0], [4000.0, 1250.0], [3999.75, 585.0], [3999.25, 480.0], [3999.0, 1601.0], [3998.5, 16422.0], [3998.25, 6428.0], [3998.0, 610.0], [3997.0, 1489.0], [3996.75, 3004.0], [3996.5, 588.0], [3994.5, 1884.0], [3994.25, 6280.0], [3994.0, 604.0], [3993.25, 554.0], [3993.0, 1848.0], [3991.25, 587.0]], "asks": [[4001.75, 14602.0], [4002.0, 29720.0], [4002.25, 4401.0], [4002.5, 1908.0], [4002.75, 4400.0], [4003.0, 595.0], [4003.25, 1499.0], [4003.5, 5898.0], [4003.75, 3004.0], [4004.5, 606.0], [4005.0, 595.0], [4005.5, 588.0], [4006.0, 6335.0], [4006.25, 23495.0], [4006.5, 16327.0], [4006.75, 6327.0], [4008.5, 601.0], [4009.5, 1082.0], [4009.75, 3608.0], [4010.25, 620.0]]}}}
{"jsonrpc": "2.0", "method": "subscription", "params": {"channel": "book.ETH-3OCT25.none.20.100ms", "data": {"timestamp": 1759054872740, "change_id": 88417802190, "instrument_name": "ETH-3OCT25", "bids": [[3997.75, 11898.0], [3997.5, 13391.0], [3997.25, 32404.0], [3997.0, 5163.0], [3996.75, 258.0], [3996.5, 768.0], [3996.25, 1508.0], [3996.0, 758.0], [3995.75, 227.0], [3995.5, 758.0], [3995.25, 226.0], [3995.0, 20767.0], [3994.75, 12771.0], [3994.5, 735.0], [3994.25, 224.0], [3994.0, 748.0], [3993.75, 13790.0], [3993.5, 222.0], [3993.25, 1339.0], [3993.0, 4260.0]], "asks": [[3998.0, 7205.0], [3998.25, 23281.0], [3998.5, 35065.0], [3998.75, 15766.0], [3999.0, 1225.0], [3999.25, 751.0], [3999.5, 222.0], [3999.75, 740.0], [4000.0, 7080.0], [4000.25, 23600.0], [4000.5, 224.0], [4000.75, 745.0], [4001.0, 792.0], [4001.25, 11821.0], [4001.5, 32204.0], [4001.75, 223.0], [4002.0, 744.0], [4002.25, 10.0], [4002.75, 7816.0], [4003.0, 26150.0]]}}}
{"jsonrpc": "2.0", "method": "subscription", "params": {"channel": "book.ETH-10OCT25.none.20.100ms", "data": {"timestamp": 1759054872908, "change_id": 88417802550, "instrument_name": "ETH-10OCT25", "bids": [[4001.25, 5000.0], [4001.0, 11587.0], [4000.75, 56206.0], [4000.5, 375.0], [4000.25, 1250.0], [3999.75, 585.0], [3999.25, 480.0], [3999.0, 1601.0], [3998.5, 16422.0], [3998.25, 6428.0], [3998.0, 610.0], [3997.0, 1489.0], [3996.75, 3004.0], [3996.5, 588.0], [3994.5, 1884.0], [3994.25, 6280.0], [3994.0, 604.0], [3993.25, 554.0], [3993.0, 1848.0], [3991.25, 587.0]], "asks": [[4001.5, 5650.0], [4001.75, 13352.0], [4002.0, 29720.0], [4002.25, 4401.0], [4002.5, 1908.0], [4002.75, 4400.0], [4003.0, 595.0], [4003.25, 1499.0], [4003.5, 5898.0], [4003.75, 3004.0], [4004.5, 606.0], [4005.0, 595.0], [4005.5, 588.0], [4006.0, 6335.0], [4006.25, 23495.0], [4006.5, 16327.0], [4006.75, 6327.0], [4008.5, 601.0], [4009.5, 1082.0], [4009.75, 3608.0]]}}}
{"jsonrpc": "2.0", "method": "subscription", "params": {"channel": "book.ETH-3OCT25.none.20.100ms", "data": {"timestamp": 1759054873005, "change_id": 88417802723, "instrument_name": "ETH-3OCT25", "bids": [[3997.5, 16736.0], [3997.25, 27401.0], [3997.0, 6664.0], [3996.75, 5576.0], [3996.5, 2018.0], [3996.25, 258.0], [3996.0, 758.0], [3995.75, 227.0], [3995.5, 758.0], [3995.25, 226.0], [3995.0, 4517.0], [3994.75, 29021.0], [3994.5, 735.0], [3994.25, 224.0], [3994.0, 748.0], [3993.75, 13790.0], [3993.5, 222.0], [3993.25, 1339.0], [3993.0, 4260.0], [3992.75, 739.0]], "asks": [[3997.75, 9048.0], [3998.0, 20250.0], [3998.25, 28843.0], [3998.5, 30860.0], [3998.75, 258.0], [3999.0, 1225.0], [3999.25, 751.0], [3999.5, 222.0], [3999.75, 740.0], [4000.0, 7080.0], [4000.25, 23600.0], [4000.5, 224.0], [4000.75, 745.0], [4001.0, 792.0], [4001.25, 11821.0], [4001.5, 32204.0], [4001.75, 223.0], [4002.0, 744.0], [4002.25, 10.0], [4002.75, 7816.0]]}}}
{"jsonrpc": "2.0", "method": "subscription", "params": {"channel": "book.ETH-3OCT25.none.20.100ms", "data": {"timestamp": 1759054873141, "change_id": 88417802779, "instrument_name": "ETH-3OCT25", "bids": [[3997.5, 16736.0], [3997.25, 32404.0], [3997.0, 6664.0], [3996.75, 5576.0], [3996.5, 2018.0], [3996.25, 258.0], [3996.0, 758.0], [3995.75, 227.0], [3995.5, 758.0], [3995.25, 226.0], [3995.0, 4517.0], [3994.75, 29021.0], [3994.5, 735.0], [3994.25, 224.0], [3994.0, 748.0], [3993.75, 13790.0], [3993.5, 222.0], [3993.25, 1339.0], [3993.0, 4260.0], [3992.75, 739.0]], "asks": [[3997.75, 9048.0], [3998.0, 20250.0], [3998.25, 28843.0], [3998.5, 30860.0], [3998.75, 258.0], [3999.0, 1225.0], [3999.25, 751.0], [3999.5, 222.0], [3999.75, 740.0], [4000.0, 7080.0], [4000.25, 23600.0], [4000.5, 224.0], [4000.75, 745.0], [4001.0, 792.0], [4001.25, 11821.0], [4001.5, 32204.0], [4001.75, 223.0], [4002.0, 744.0], [4002.25, 10.0], [4002.75, 7816.0]]}}}
{"jsonrpc": "2.0", "method": "subscription", "params": {"channel": "book.ETH-3OCT25.none.20.100ms", "data": {"timestamp": 1759054873488, "change_id": 88417803206, "instrument_name": "ETH-3OCT25", "bids": [[3997.5, 16736.0], [3997.25, 32404.0], [3997.0, 13955.0], [3996.75, 37749.0], [3996.5, 2018.0], [3996.25, 258.0], [3996.0, 758.0], [3995.75, 227.0], [3995.5, 758.0], [3995.25, 226.0], [3995.0, 8921.0], [3994.75, 29021.0], [3994.5, 735.0], [3994.25, 224.0], [3994.0, 748.0], [3993.75, 13790.0], [3993.5, 222.0], [3993.25, 1339.0], [3993.0, 4260.0], [3992.75, 739.0]], "asks": [[3997.75, 9048.0], [3998.0, 20250.0], [3998.25, 28843.0], [3998.5, 30860.0], [3998.75, 258.0], [3999.0, 1225.0], [3999.25, 751.0], [3999.5, 222.0], [3999.75, 740.0], [4000.0, 7080.0], [4000.25, 23600.0], [4000.5, 224.0], [4000.75, 745.0], [4001.0, 792.0], [4001.25, 11821.0], [4001.5, 32204.0], [4001.75, 223.0], [4002.0, 744.0], [4002.25, 10.0], [4002.75, 7816.0]]}}}
{"jsonrpc": "2.0", "method": "subscription", "params": {"channel": "book.ETH-3OCT25.none.20.100ms", "data": {"timestamp": 1759054874334, "change_id": 88417804069, "instrument_name": "ETH-3OCT25", "bids": [[3997.5, 16736.0], [3997.25, 32404.0], [3997.0, 13955.0], [3996.75, 37749.0], [3996.5, 2018.0], [3996.25, 258.0], [3996.0, 758.0], [3995.75, 227.0], [3995.5, 758.0], [3995.25, 226.0], [3995.0, 8921.0], [3994.75, 29021.0], [3994.5, 735.0], [3994.25, 224.0], [3994.0, 748.0], [3993.75, 13790.0], [3993.5, 222.0], [3993.25, 1339.0], [3993.0, 4260.0], [3992.75, 739.0]], "asks": [[3997.75, 9048.0], [3998.0, 20250.0], [3998.25, 24443.0], [3998.5, 30860.0], [3998.75, 258.0], [3999.0, 1225.0], [3999.25, 751.0], [3999.5, 222.0], [3999.75, 740.0], [4000.0, 7080.0], [4000.25, 23600.0], [4000.5, 224.0], [4000.75, 745.0], [4001.0, 792.0], [4001.25, 11821.0], [4001.5, 32204.0], [4001.75, 223.0], [4002.0, 744.0], [4002.25, 10.0], [4002.75, 7816.0]]}}}
{"jsonrpc": "2.0", "method": "subscription", "params": {"channel": "book.ETH-10OCT25.none.20.100ms", "data": {"timestamp": 1759054874589, "change_id": 88417804412, "instrument_name": "ETH-10OCT25", "bids": [[4001.25, 5000.0], [4001.0, 11587.0], [4000.75, 56206.0], [4000.5, 375.0], [4000.25, 1250.0], [3999.75, 585.0], [3999.25, 480.0], [3999.0, 1601.0], [3998.75, 4348.0], [3998.5, 16422.0], [3998.0, 610.0], [3997.25, 6428.0], [3997.0, 1489.0], [3996.75, 3004.0], [3996.5, 588.0], [3995.0, 1884.0], [3994.75, 6280.0], [3994.0, 604.0], [3993.25, 554.0], [3993.0, 1848.0]], "asks": [[4001.5, 5650.0], [4001.75, 13352.0], [4002.0, 29720.0], [4002.25, 4401.0], [4002.5, 1908.0], [4002.75, 4400.0], [4003.0, 595.0], [4003.25, 1499.0], [4003.5, 5898.0], [4003.75, 3004.0], [4004.5, 606.0], [4005.0, 595.0], [4005.5, 588.0], [4006.0, 6335.0], [4006.25, 23495.0], [4006.5, 16327.0], [4006.75, 6327.0], [4008.5, 601.0], [4009.5, 1082.0], [4009.75, 3608.0]]}}}
{"jsonrpc": "2.0", "method": "subscription", "params": {"channel": "book.ETH-3OCT25.none.20.100ms", "data": {"timestamp": 1759054874840, "change_id": 88417804678, "instrument_name": "ETH-3OCT25", "bids": [[3997.5, 16736.0], [3997.25, 32404.0], [3997.0, 13955.0], [3996.75, 37749.0], [3996.5, 2018.0], [3996.25, 258.0], [3996.0, 758.0], [3995.75, 227.0], [3995.5, 758.0], [3995.25, 226.0], [3995.0, 4517.0], [3994.75, 16471.0], [3994.5, 13285.0], [3994.25, 224.0], [3994.0, 4885.0], [3993.75, 13790.0], [3993.5, 222.0], [3993.25, 1339.0], [3993.0, 4260.0], [3992.75, 739.0]], "asks": [[3997.75, 9048.0], [3998.0, 20250.0], [3998.25, 24443.0], [3998.5, 30860.0], [3998.75, 258.0], [3999.0, 1225.0], [3999.25, 751.0], [3999.5, 222.0], [3999.75, 740.0], [4000.0, 7080.0], [4000.25, 23600.0], [4000.5, 224.0], [4000.75, 745.0], [4001.0, 792.0], [4001.25, 11821.0], [4001.5, 32204.0], [4001.75, 223.0], [4002.0, 744.0], [4002.25, 10.0], [4002.75, 7816.0]]}}}
{"jsonrpc": "2.0", "method": "subscription", "params": {"channel": "book.ETH-10OCT25.none.20.100ms", "data": {"timestamp": 1759054875357, "change_id": 88417806089, "instrument_name": "ETH-10OCT25", "bids": [[4000.75, 6000.0], [3999.75, 585.0], [3999.25, 1250.0], [3999.0, 601.0], [3998.5, 612.0], [3998.0, 610.0], [3997.75, 1000.0], [3997.5, 7040.0], [3997.25, 13781.0], [3997.0, 588.0], [3996.5, 588.0], [3994.5, 612.0], [3994.25, 6280.0], [3994.0, 604.0], [3993.25, 554.0], [3993.0, 1848.0], [3991.25, 587.0], [3991.0, 16.0], [3990.25, 612.0], [3990.0, 16.0]], "asks": [[4001.25, 15560.0], [4001.5, 30332.0], [4001.75, 5802.0], [4002.0, 6332.0], [4002.25, 4401.0], [4002.5, 588.0], [4002.75, 4400.0], [4003.0, 595.0], [4003.25, 1499.0], [4003.5, 4997.0], [4003.75, 3004.0], [4004.5, 606.0], [4005.0, 595.0], [4005.5, 588.0], [4006.0, 585.0], [4006.25, 23495.0], [4006.5, 14429.0], [4006.75, 6327.0], [4008.5, 601.0], [4009.5, 1082.0]]}}}
{"jsonrpc": "2.0", "method": "subscription", "params": {"channel": "book.ETH-3OCT25.none.20.100ms", "data": {"timestamp": 1759054875306, "change_id": 88417806192, "instrument_name": "ETH-3OCT25", "bids": [[3996.5, 34562.0], [3996.25, 10001.0], [3996.0, 5761.0], [3995.75, 6413.0], [3995.5, 758.0], [3995.0, 752.0], [3994.5, 735.0], [3994.25, 16250.0], [3994.0, 748.0], [3993.5, 12550.0], [3993.25, 739.0], [3992.75, 739.0], [3992.25, 15443.0], [3992.0, 740.0], [3991.5, 740.0], [3991.25, 24747.0], [3991.0, 760.0], [3990.5, 758.0], [3990.0, 889.0], [3989.5, 746.0]], "asks": [[3996.75, 6628.0], [3997.0, 4600.0], [3997.25, 9603.0], [3997.5, 7035.0], [3997.75, 24000.0], [3998.0, 160.0], [3998.25, 11562.0], [3998.5, 732.0], [3999.25, 751.0], [3999.75, 740.0], [4000.25, 23600.0], [4000.75, 745.0], [4001.25, 2749.0], [4001.5, 32204.0], [4002.0, 744.0], [4002.25, 10.0], [4003.0, 26150.0], [4003.5, 752.0], [4004.5, 753.0], [4005.0, 74966.0]]}}}
{"jsonrpc": "2.0", "method": "subscription", "params": {"channel": "book.ETH-10OCT25.none.20.100ms", "data": {"timestamp": 1759054875705, "change_id": 88417806614, "instrument_name": "ETH-10OCT25", "bids": [[4000.5, 6000.0], [4000.0, 551.0], [3999.75, 6499.0], [3999.5, 14295.0], [3998.5, 612.0], [3998.0, 610.0], [3997.75, 3112.0], [3997.5, 7040.0], [3997.0, 588.0], [3996.5, 588.0], [3995.75, 3004.0], [3994.5, 612.0], [3994.25, 6280.0], [3994.0, 604.0], [3993.25, 554.0], [3993.0, 1848.0], [3991.25, 587.0], [3991.0, 16.0], [3990.25, 612.0], [3990.0, 16.0]], "asks": [[4001.0, 11970.0], [4001.25, 9310.0], [4001.5, 30332.0], [4001.75, 5802.0], [4002.0, 6332.0], [4002.25, 4401.0], [4002.5, 588.0], [4002.75, 4400.0], [4003.5, 597.0], [4003.75, 3004.0], [4004.5, 606.0], [4005.0, 595.0], [4005.5, 588.0], [4006.0, 585.0], [4006.25, 23495.0], [4006.5, 14429.0], [4006.75, 6327.0], [4008.5, 601.0], [4009.5, 1082.0], [4009.75, 3608.0]]}}}
{"jsonrpc": "2.0", "method": "subscription", "params": {"channel": "book.ETH-3OCT25.none.20.100ms", "data": {"timestamp": 1759054875673, "change_id": 88417806607, "instrument_name": "ETH-3OCT25", "bids": [[3996.5, 34562.0], [3996.25, 12104.0], [3996.0, 18210.0], [3995.75, 37556.0], [3995.5, 758.0], [3995.0, 752.0], [3994.5, 14444.0], [3994.25, 16250.0], [3994.0, 748.0], [3993.5, 12550.0], [3993.25, 739.0], [3992.75, 739.0], [3992.5, 4002.0], [3992.25, 1256.0], [3992.0, 740.0], [3991.5, 740.0], [3991.25, 24747.0], [3991.0, 760.0], [3990.5, 758.0], [3990.0, 889.0]], "asks": [[3996.75, 6628.0], [3997.0, 7856.0], [3997.25, 14089.0], [3997.5, 17985.0], [3997.75, 24000.0], [3998.0, 160.0], [3998.25, 11562.0], [3998.5, 732.0], [3999.25, 751.0], [3999.75, 740.0], [4000.25, 23600.0], [4000.75, 745.0], [4001.25, 2749.0], [4001.5, 32204.0], [4002.0, 744.0], [4002.25, 10.0], [4003.0, 26150.0], [4003.5, 752.0], [4004.5, 753.0], [4005.0, 74966.0]]}}}
{"jsonrpc": "2.0", "method": "subscription", "params": {"channel": "book.ETH-10OCT25.none.20.100ms", "data": {"timestamp": 1759054875881, "change_id": 88417807061, "instrument_name": "ETH-10OCT25", "bids": [[4000.5, 7700.0], [4000.0, 8266.0], [3999.75, 38697.0], [3999.5, 14295.0], [3998.5, 612.0], [3998.0, 610.0], [3997.75, 3112.0], [3997.5, 7040.0], [3997.0, 588.0], [3996.5, 588.0], [3995.75, 3004.0], [3994.5, 612.0], [3994.25, 6280.0], [3994.0, 604.0], [3993.25, 554.0], [3993.0, 1848.0], [3991.25, 587.0], [3991.0, 16.0], [3990.25, 612.0], [3990.0, 16.0]], "asks": [[4001.0, 13788.0], [4001.25, 29904.0], [4001.5, 6332.0], [4001.75, 5802.0], [4002.0, 6332.0], [4002.25, 4401.0], [4002.5, 588.0], [4003.5, 597.0], [4003.75, 3004.0], [4004.5, 606.0], [4005.0, 595.0], [4005.5, 588.0], [4006.0, 585.0], [4006.25, 23495.0], [4006.5, 14429.0], [4006.75, 6327.0], [4008.5, 601.0], [4009.5, 1082.0], [4009.75, 3608.0], [4010.25, 620.0]]}}}
{"jsonrpc": "2.0", "method": "subscription", "params": {"channel": "book.ETH-3OCT25.none.20.100ms", "data": {"timestamp": 1759054875876, "change_id": 88417807059, "instrument_name": "ETH-3OCT25", "bids": [[3996.5, 34562.0], [3996.25, 12104.0], [3996.0, 18210.0], [3995.75, 37556.0], [3995.5, 758.0], [3995.0, 752.0], [3994.5, 19319.0], [3994.25, 16250.0], [3994.0, 748.0], [3993.5, 12550.0], [3993.25, 739.0], [3992.75, 1940.0], [3992.5, 4002.0], [3992.25, 1256.0], [3992.0, 740.0], [3991.5, 740.0], [3991.25, 24975.0], [3991.0, 760.0], [3990.5, 758.0], [3990.0, 889.0]], "asks": [[3996.75, 6628.0], [3997.0, 7856.0], [3997.25, 17556.0], [3997.5, 12985.0], [3997.75, 24000.0], [3998.0, 160.0], [3998.25, 11562.0], [3998.5, 732.0], [3999.25, 751.0], [3999.75, 740.0], [4000.25, 23600.0], [4000.75, 745.0], [4001.25, 2749.0], [4001.5, 32204.0], [4002.0, 744.0], [4002.25, 10.0], [4003.0, 26150.0], [4003.5, 752.0], [4004.5, 753.0], [4005.0, 74966.0]]}}}
{"jsonrpc": "2.0", "method": "subscription", "params": {"channel": "book.ETH-3OCT25.none.20.100ms", "data": {"timestamp": 1759054876228, "change_id": 88417807407, "instrument_name": "ETH-3OCT25", "bids": [[3996.5, 34562.0], [3996.25, 12104.0], [3996.0, 18210.0], [3995.75, 37556.0], [3995.5, 758.0], [3995.0, 752.0], [3994.5, 19319.0], [3994.25, 16250.0], [3994.0, 748.0], [3993.5, 12550.0], [3993.25, 739.0], [3992.75, 1940.0], [3992.5, 4002.0], [3992.25, 1256.0], [3992.0, 740.0], [3991.5, 740.0], [3991.25, 24975.0], [3991.0, 760.0], [3990.5, 758.0], [3990.0, 889.0]], "asks": [[3996.75, 6628.0], [3997.0, 12857.0], [3997.25, 17556.0], [3997.5, 12985.0], [3997.75, 24000.0], [3998.0, 160.0], [3998.25, 11562.0], [3998.5, 732.0], [3999.25, 751.0], [3999.75, 740.0], [4000.25, 23600.0], [4000.75, 745.0], [4001.25, 2749.0], [4001.5, 32204.0], [4002.0, 744.0], [4002.25, 10.0], [4003.0, 26150.0], [4003.5, 752.0], [4004.5, 753.0], [4005.0, 74966.0]]}}}
{"jsonrpc": "2.0", "method": "subscription", "params": {"channel": "book.ETH-10OCT25.none.20.100ms", "data": {"timestamp": 1759054876473, "change_id": 88417807705, "instrument_name": "ETH-10OCT25", "bids": [[4000.5, 7700.0], [4000.0, 8266.0], [3999.75, 38697.0], [3999.5, 14295.0], [3998.5, 612.0], [3998.0, 7038.0], [3997.75, 1000.0], [3997.5, 612.0], [3997.0, 588.0], [3996.5, 588.0], [3995.75, 3004.0], [3995.5, 612.0], [3994.5, 6892.0], [3994.0, 604.0], [3993.25, 554.0], [3993.0, 1848.0], [3991.25, 587.0], [3991.0, 16.0], [3990.25, 612.0], [3990.0, 16.0]], "asks": [[4001.0, 13788.0], [4001.25, 29904.0], [4001.5, 6332.0], [4001.75, 5802.0], [4002.0, 6332.0], [4002.25, 4401.0], [4002.5, 588.0], [4003.5, 597.0], [4003.75, 3004.0], [4004.5, 606.0], [4005.0, 595.0], [4005.5, 588.0], [4006.0, 585.0], [4006.25, 23495.0], [4006.5, 14429.0], [4006.75, 6327.0], [4008.5, 601.0], [4009.5, 1082.0], [4009.75, 3608.0], [4010.25, 620.0]]}}}
{"jsonrpc": "2.0", "method": "subscription", "params": {"channel": "book.ETH-3OCT25.none.20.100ms", "data": {"timestamp": 1759054876475, "change_id": 88417807764, "instrument_name": "ETH-3OCT25", "bids": [[3996.5, 34562.0], [3996.25, 12104.0], [3996.0, 18210.0], [3995.75, 37556.0], [3995.5, 758.0], [3995.0, 752.0], [3994.5, 31869.0], [3994.25, 16250.0], [3994.0, 748.0], [3993.25, 739.0], [3992.75, 1940.0], [3992.5, 4002.0], [3992.25, 1256.0], [3992.0, 740.0], [3991.5, 25487.0], [3991.25, 228.0], [3991.0, 760.0], [3990.5, 758.0], [3990.0, 889.0], [3989.5, 746.0]], "asks": [[3996.75, 6628.0], [3997.0, 12857.0], [3997.25, 17556.0], [3997.5, 12985.0], [3997.75, 34562.0], [3998.0, 160.0], [3998.25, 1000.0], [3998.5, 732.0], [3999.25, 751.0], [3999.75, 740.0], [4000.25, 23600.0], [4000.75, 745.0], [4001.25, 28131.0], [4001.5, 32204.0], [4002.0, 744.0], [4002.25, 10.0], [4003.0, 768.0], [4003.5, 752.0], [4004.5, 753.0], [4005.0, 74966.0]]}}}
{"jsonrpc": "2.0", "method": "subscription", "params": {"channel": "book.ETH-10OCT25.none.20.100ms", "data": {"timestamp": 1759054876988, "change_id": 88417808475, "instrument_name": "ETH-10OCT25", "bids": [[4000.5, 11000.0], [4000.25, 6069.0], [4000.0, 32266.0], [3999.75, 38697.0], [3999.5, 14295.0], [3998.5, 612.0], [3998.25, 2111.0], [3998.0, 7038.0], [3997.75, 1000.0], [3997.5, 612.0], [3997.0, 588.0], [3996.5, 588.0], [3996.0, 901.0], [3995.75, 3004.0], [3995.5, 612.0], [3994.5, 6892.0], [3994.0, 604.0], [3993.25, 554.0], [3993.0, 1848.0], [3991.25, 587.0]], "asks": [[4001.0, 13788.0], [4001.25, 29904.0], [4001.5, 6332.0], [4001.75, 5802.0], [4002.0, 6332.0], [4002.25, 4401.0], [4002.5, 588.0], [4003.5, 1498.0], [4003.75, 3004.0], [4004.5, 606.0], [4005.0, 595.0], [4005.5, 588.0], [4006.0, 6335.0], [4006.25, 23495.0], [4006.5, 14429.0], [4006.75, 6327.0], [4008.5, 601.0], [4009.5, 1082.0], [4009.75, 3608.0], [4010.25, 620.0]]}}}
{"jsonrpc": "2.0", "method": "subscription", "params": {"channel": "book.ETH-10OCT25.none.20.100ms", "data": {"timestamp": 1759054877396, "change_id": 88417809651, "instrument_name": "ETH-10OCT25", "bids": [[4000.25, 7500.0], [4000.0, 8571.0], [3999.75, 24000.0], [3999.5, 375.0], [3999.25, 1250.0], [3999.0, 612.0], [3998.5, 4928.0], [3998.25, 14386.0], [3998.0, 910.0], [3997.75, 3112.0], [3997.5, 7040.0], [3997.0, 588.0], [3996.5, 588.0], [3996.0, 901.0], [3995.75, 3004.0], [3995.5, 612.0], [3994.5, 612.0], [3994.25, 2065.0], [3994.0, 6884.0], [3993.25, 554.0]], "asks": [[4000.75, 15059.0], [4001.0, 29720.0], [4001.25, 5904.0], [4001.5, 6332.0], [4001.75, 5802.0], [4002.0, 6332.0], [4002.25, 4401.0], [4002.5, 588.0], [4003.5, 1498.0], [4003.75, 3004.0], [4004.5, 606.0], [4005.0, 595.0], [4005.5, 588.0], [4006.0, 6335.0], [4006.25, 23495.0], [4006.5, 16327.0], [4006.75, 6327.0], [4008.5, 601.0], [4009.5, 1082.0], [4009.75, 3608.0]]}}}
{"jsonrpc": "2.0", "method": "subscription", "params": {"channel": "book.ETH-3OCT25.none.20.100ms", "data": {"timestamp": 1759054877335, "change_id": 88417809582, "instrument_name": "ETH-3OCT25", "bids": [[3996.0, 7933.0], [3995.75, 30635.0], [3995.5, 8851.0], [3995.25, 5226.0], [3995.0, 752.0], [3994.75, 258.0], [3994.5, 735.0], [3994.25, 8369.0], [3994.0, 29548.0], [3993.75, 4143.0], [3993.5, 14033.0], [3993.25, 739.0], [3993.0, 222.0], [3992.75, 739.0], [3992.5, 258.0], [3992.25, 1478.0], [3992.0, 740.0], [3991.75, 258.0], [3991.5, 740.0], [3991.25, 7624.0]], "asks": [[3996.25, 4600.0], [3996.5, 7335.0], [3996.75, 12445.0], [3997.0, 12033.0], [3997.25, 220.0], [3997.5, 3770.0], [3997.75, 10562.0], [3998.0, 258.0], [3998.25, 1220.0], [3998.5, 732.0], [3999.0, 225.0], [3999.25, 751.0], [3999.5, 222.0], [3999.75, 740.0], [4000.0, 7048.0], [4000.25, 23600.0], [4000.5, 224.0], [4000.75, 745.0], [4001.0, 8407.0], [4001.25, 37760.0]]}}}
{"jsonrpc": "2.0", "method": "subscription", "params": {"channel": "book.ETH-10OCT25.none.20.100ms", "data": {"timestamp": 1759054877549, "change_id": 88417810274, "instrument_name": "ETH-10OCT25", "bids": [[4000.0, 15658.0], [3999.75, 24000.0], [3999.5, 375.0], [3999.25, 1250.0], [3999.0, 612.0], [3998.5, 4928.0], [3998.25, 14386.0], [3998.0, 910.0], [3997.75, 3112.0], [3997.5, 7040.0], [3997.0, 588.0], [3996.5, 588.0], [3995.5, 612.0], [3994.5, 612.0], [3994.25, 2065.0], [3994.0, 6884.0], [3993.25, 554.0], [3993.0, 1848.0], [3991.25, 587.0], [3991.0, 16.0]], "asks": [[4000.5, 8470.0], [4000.75, 13809.0], [4001.0, 29720.0], [4001.25, 5904.0], [4001.5, 6332.0], [4001.75, 5802.0], [4002.0, 6332.0], [4002.25, 4401.0], [4002.5, 588.0], [4003.5, 1498.0], [4003.75, 3004.0], [4004.5, 606.0], [4005.0, 595.0], [4005.5, 588.0], [4006.0, 6335.0], [4006.25, 23495.0], [4006.5, 16327.0], [4006.75, 6327.0], [4008.5, 601.0], [4009.5, 1082.0]]}}}
{"jsonrpc": "2.0", "method": "subscription", "params": {"channel": "book.ETH-3OCT25.none.20.100ms", "data": {"timestamp": 1759054877604, "change_id": 88417810109, "instrument_name": "ETH-3OCT25", "bids": [[3996.0, 18495.0], [3995.75, 30635.0], [3995.5, 8851.0], [3995.25, 5226.0], [3995.0, 752.0], [3994.75, 258.0], [3994.5, 735.0], [3994.25, 8369.0], [3994.0, 29548.0], [3993.75, 4143.0], [3993.5, 14033.0], [3993.25, 739.0], [3993.0, 222.0], [3992.75, 1865.0], [3992.5, 4260.0], [3992.25, 1478.0], [3992.0, 740.0], [3991.75, 258.0], [3991.5, 740.0], [3991.25, 7624.0]], "asks": [[3996.25, 4600.0], [3996.5, 7335.0], [3996.75, 13695.0], [3997.0, 10783.0], [3997.25, 220.0], [3997.5, 3770.0], [3997.75, 10562.0], [3998.0, 258.0], [3998.25, 1220.0], [3998.5, 732.0], [3999.0, 225.0], [3999.25, 751.0], [3999.5, 222.0], [3999.75, 740.0], [4000.0, 7048.0], [4000.25, 23600.0], [4000.5, 224.0], [4000.75, 745.0], [4001.0, 8407.0], [4001.25, 37760.0]]}}}
{"jsonrpc": "2.0", "method": "subscription", "params": {"channel": "book.ETH-10OCT25.none.20.100ms", "data": {"timestamp": 1759054877969, "change_id": 88417810827, "instrument_name": "ETH-10OCT25", "bids": [[4000.0, 19058.0], [3999.75, 56198.0], [3999.5, 375.0], [3999.25, 1250.0], [3999.0, 612.0], [3998.5, 4928.0], [3998.25, 14386.0], [3998.0, 910.0], [3997.75, 3112.0], [3997.5, 7040.0], [3997.0, 588.0], [3996.5, 588.0], [3995.75, 1085.0], [3995.5, 3616.0], [3994.5, 612.0], [3994.25, 2065.0], [3994.0, 6884.0], [3993.25, 554.0], [3993.0, 1848.0], [3991.25, 587.0]], "asks": [[4000.5, 8470.0], [4000.75, 13809.0], [4001.0, 29720.0], [4001.25, 5904.0], [4001.5, 6332.0], [4001.75, 5802.0], [4002.0, 6332.0], [4002.25, 4401.0], [4002.5, 588.0], [4003.5, 1498.0], [4003.75, 3004.0], [4004.5, 606.0], [4005.0, 595.0], [4005.5, 588.0], [4006.0, 6335.0], [4006.25, 23495.0], [4006.5, 16327.0], [4006.75, 6327.0], [4008.5, 601.0], [4009.5, 1082.0]]}}}
{"jsonrpc": "2.0", "method": "subscription", "params": {"channel": "book.ETH-3OCT25.none.20.100ms", "data": {"timestamp": 1759054877840, "change_id": 88417810515, "instrument_name": "ETH-3OCT25", "bids": [[3996.0, 18495.0], [3995.75, 62802.0], [3995.5, 8851.0], [3995.25, 5226.0], [3995.0, 752.0], [3994.75, 258.0], [3994.5, 735.0], [3994.25, 8369.0], [3994.0, 29548.0], [3993.75, 4143.0], [3993.5, 14033.0], [3993.25, 739.0], [3993.0, 222.0], [3992.75, 1865.0], [3992.5, 4260.0], [3992.25, 1478.0], [3992.0, 740.0], [3991.75, 258.0], [3991.5, 740.0], [3991.25, 7624.0]], "asks": [[3996.25, 4600.0], [3996.5, 7335.0], [3996.75, 13695.0], [3997.0, 10783.0], [3997.25, 220.0], [3997.5, 3770.0], [3997.75, 10562.0], [3998.0, 258.0], [3998.25, 1220.0], [3998.5, 732.0], [3999.0, 225.0], [3999.25, 751.0], [3999.5, 222.0], [3999.75, 740.0], [4000.0, 7048.0], [4000.25, 23600.0], [4000.5, 224.0], [4000.75, 745.0], [4001.0, 8407.0], [4001.25, 37760.0]]}}}
{"jsonrpc": "2.0", "method": "subscription", "params": {"channel": "book.ETH-3OCT25.none.20.100ms", "data": {"timestamp": 1759054878154, "change_id": 88417810858, "instrument_name": "ETH-3OCT25", "bids": [[3996.0, 18495.0], [3995.75, 62802.0], [3995.5, 8851.0], [3995.25, 5226.0], [3995.0, 752.0], [3994.75, 258.0], [3994.5, 735.0], [3994.25, 8369.0], [3994.0, 29548.0], [3993.75, 4143.0], [3993.5, 14033.0], [3993.25, 739.0], [3993.0, 222.0], [3992.75, 1865.0], [3992.5, 4260.0], [3992.25, 1478.0], [3992.0, 740.0], [3991.75, 258.0], [3991.5, 740.0], [3991.25, 7624.0]], "asks": [[3996.25, 4600.0], [3996.5, 7335.0], [3996.75, 13695.0], [3997.0, 17983.0], [3997.25, 24220.0], [3997.5, 3770.0], [3997.75, 10562.0], [3998.0, 258.0], [3998.25, 1220.0], [3998.5, 732.0], [3999.0, 225.0], [3999.25, 751.0], [3999.5, 222.0], [3999.75, 740.0], [4000.0, 7048.0], [4000.25, 23600.0], [4000.5, 224.0], [4000.75, 745.0], [4001.0, 8407.0], [4001.25, 37760.0]]}}}
{"jsonrpc": "2.0", "method": "subscription", "params": {"channel": "book.ETH-10OCT25.none.20.100ms", "data": {"timestamp": 1759054878671, "change_id": 88417811406, "instrument_name": "ETH-10OCT25", "bids": [[4000.0, 19058.0], [3999.75, 56198.0], [3999.5, 375.0], [3999.25, 1250.0], [3999.0, 612.0], [3998.5, 4928.0], [3998.25, 14386.0], [3998.0, 910.0], [3997.75, 3112.0], [3997.5, 7040.0], [3996.5, 588.0], [3995.75, 1085.0], [3995.5, 3616.0], [3994.5, 612.0], [3994.25, 2065.0], [3994.0, 6884.0], [3993.25, 554.0], [3993.0, 1848.0], [3991.25, 587.0], [3991.0, 16.0]], "asks": [[4000.5, 8470.0], [4000.75, 13809.0], [4001.0, 29720.0], [4001.25, 5904.0], [4001.5, 6332.0], [4001.75, 5802.0], [4002.0, 6332.0], [4002.25, 4401.0], [4002.5, 588.0], [4003.5, 1498.0], [4003.75, 3004.0], [4004.5, 606.0], [4005.0, 595.0], [4005.5, 588.0], [4006.0, 6335.0], [4006.25, 23495.0], [4006.5, 16327.0], [4006.75, 6327.0], [4008.5, 601.0], [4009.5, 1082.0]]}}}
{"jsonrpc": "2.0", "method": "subscription", "params": {"channel": "book.ETH-10OCT25.none.20.100ms", "data": {"timestamp": 1759054879024, "change_id": 88417812066, "instrument_name": "ETH-10OCT25", "bids": [[4000.0, 15658.0], [3999.75, 56198.0], [3999.5, 375.0], [3999.25, 1250.0], [3999.0, 612.0], [3998.5, 4928.0], [3998.25, 14386.0], [3998.0, 910.0], [3997.75, 3112.0], [3997.5, 7040.0], [3996.5, 588.0], [3995.75, 1085.0], [3995.5, 3616.0], [3994.5, 612.0], [3994.25, 2065.0], [3994.0, 6884.0], [3993.25, 554.0], [3993.0, 1848.0], [3991.25, 587.0], [3991.0, 16.0]], "asks": [[4000.5, 11970.0], [4000.75, 8809.0], [4001.0, 29720.0], [4001.25, 5904.0], [4001.5, 6332.0], [4001.75, 5802.0], [4002.0, 6332.0], [4002.25, 4401.0], [4002.5, 588.0], [4003.5, 1498.0], [4003.75, 3004.0], [4004.5, 606.0], [4005.0, 595.0], [4005.5, 588.0], [4006.0, 6335.0], [4006.25, 23495.0], [4006.5, 16327.0], [4006.75, 6327.0], [4008.5, 601.0], [4009.5, 1082.0]]}}}
{"jsonrpc": "2.0", "method": "subscription", "params": {"channel": "book.ETH-3OCT25.none.20.100ms", "data": {"timestamp": 1759054878988, "change_id": 88417812030, "instrument_name": "ETH-3OCT25", "bids": [[3996.0, 6964.0], [3995.75, 62802.0], [3995.5, 8851.0], [3995.25, 5226.0], [3995.0, 752.0], [3994.75, 258.0], [3994.5, 735.0], [3994.25, 3961.0], [3994.0, 13298.0], [3993.75, 4143.0], [3993.5, 14033.0], [3993.25, 739.0], [3993.0, 222.0], [3992.75, 1865.0], [3992.5, 4260.0], [3992.25, 1478.0], [3992.0, 740.0], [3991.75, 258.0], [3991.5, 740.0], [3991.25, 7624.0]], "asks": [[3996.25, 4600.0], [3996.5, 12336.0], [3996.75, 13695.0], [3997.0, 17983.0], [3997.25, 34782.0], [3997.5, 892.0], [3998.0, 258.0], [3998.25, 1220.0], [3998.5, 732.0], [3999.0, 225.0], [3999.25, 751.0], [3999.5, 222.0], [3999.75, 740.0], [4000.0, 7048.0], [4000.25, 23600.0], [4000.5, 224.0], [4000.75, 745.0], [4001.0, 8407.0], [4001.25, 37760.0], [4001.5, 32204.0]]}}}
{"jsonrpc": "2.0", "method": "subscription", "params": {"channel": "book.ETH-10OCT25.none.20.100ms", "data": {"timestamp": 1759054879146, "change_id": 88417812170, "instrument_name": "ETH-10OCT25", "bids": [[4000.0, 15658.0], [3999.75, 24000.0], [3999.5, 375.0], [3999.25, 1250.0], [3999.0, 612.0], [3998.5, 4928.0], [3998.25, 14386.0], [3998.0, 910.0], [3997.75, 3112.0], [3997.5, 7040.0], [3996.5, 588.0], [3995.75, 1085.0], [3995.5, 3616.0], [3994.5, 612.0], [3994.25, 2065.0], [3994.0, 6884.0], [3993.25, 554.0], [3993.0, 1848.0], [3991.25, 587.0], [3991.0, 16.0]], "asks": [[4000.5, 11970.0], [4000.75, 8809.0], [4001.0, 29720.0], [4001.25, 5904.0], [4001.5, 6332.0], [4001.75, 5802.0], [4002.0, 6332.0], [4002.25, 4401.0], [4002.5, 588.0], [4003.5, 1498.0], [4003.75, 3004.0], [4004.5, 606.0], [4005.0, 595.0], [4005.5, 588.0], [4006.0, 6335.0], [4006.25, 23495.0], [4006.5, 16327.0], [4006.75, 6327.0], [4008.5, 601.0], [4009.5, 1082.0]]}}}
{"jsonrpc": "2.0", "method": "subscription", "params": {"channel": "book.ETH-3OCT25.none.20.100ms", "data": {"timestamp": 1759054879301, "change_id": 88417812199, "instrument_name": "ETH-3OCT25", "bids": [[3996.0, 17526.0], [3995.75, 30635.0], [3995.5, 8851.0], [3995.25, 5226.0], [3995.0, 752.0], [3994.75, 258.0], [3994.5, 735.0], [3994.25, 3961.0], [3994.0, 18173.0], [3993.75, 20393.0], [3993.5, 14033.0], [3993.25, 739.0], [3993.0, 222.0], [3992.75, 1865.0], [3992.5, 4260.0], [3992.25, 1478.0], [3992.0, 740.0], [3991.75, 258.0], [3991.5, 740.0], [3991.25, 7624.0]], "asks": [[3996.25, 4600.0], [3996.5, 7335.0], [3996.75, 13695.0], [3997.0, 17983.0], [3997.25, 34782.0], [3997.5, 892.0], [3998.0, 258.0], [3998.25, 1220.0], [3998.5, 732.0], [3999.0, 225.0], [3999.25, 751.0], [3999.5, 222.0], [3999.75, 740.0], [4000.0, 7048.0], [4000.25, 23600.0], [4000.5, 224.0], [4000.75, 745.0], [4001.0, 8407.0], [4001.25, 37760.0], [4001.5, 32204.0]]}}}
{"jsonrpc": "2.0", "method": "subscription", "params": {"channel": "book.ETH-10OCT25.none.20.100ms", "data": {"timestamp": 1759054879499, "change_id": 88417812636, "instrument_name": "ETH-10OCT25", "bids": [[4000.0, 15658.0], [3999.75, 25798.0], [3999.5, 10572.0], [3999.25, 1250.0], [3999.0, 612.0], [3998.5, 4928.0], [3998.25, 14386.0], [3998.0, 910.0], [3997.75, 3112.0], [3997.5, 7040.0], [3996.5, 588.0], [3995.75, 1085.0], [3995.5, 3616.0], [3994.5, 612.0], [3994.25, 2065.0], [3994.0, 6884.0], [3993.25, 554.0], [3993.0, 1848.0], [3991.25, 587.0], [3991.0, 16.0]], "asks": [[4000.5, 11970.0], [4000.75, 8809.0], [4001.0, 29720.0], [4001.25, 5904.0], [4001.5, 6332.0], [4001.75, 5802.0], [4002.0, 6332.0], [4002.25, 4401.0], [4002.5, 588.0], [4003.5, 1498.0], [4003.75, 3004.0], [4004.5, 606.0], [4005.0, 595.0], [4005.5, 588.0], [4006.0, 6335.0], [4006.25, 23495.0], [4006.5, 16327.0], [4006.75, 6327.0], [4008.5, 601.0], [4009.5, 1082.0]]}}}
{"jsonrpc": "2.0", "method": "subscription", "params": {"channel": "book.ETH-3OCT25.none.20.100ms", "data": {"timestamp": 1759054879495, "change_id": 88417812634, "instrument_name": "ETH-3OCT25", "bids": [[3996.0, 17526.0], [3995.75, 40822.0], [3995.5, 8851.0], [3995.25, 5226.0], [3995.0, 752.0], [3994.75, 258.0], [3994.5, 735.0], [3994.25, 3961.0], [3994.0, 18173.0], [3993.75, 20393.0], [3993.5, 14033.0], [3993.25, 739.0], [3993.0, 222.0], [3992.75, 1865.0], [3992.5, 4260.0], [3992.25, 1478.0], [3992.0, 740.0], [3991.75, 258.0], [3991.5, 740.0], [3991.25, 7624.0]], "asks": [[3996.25, 4600.0], [3996.5, 7335.0], [3996.75, 13695.0], [3997.0, 17983.0], [3997.25, 34782.0], [3997.5, 892.0], [3998.0, 258.0], [3998.25, 1220.0], [3998.5, 732.0], [3999.0, 225.0], [3999.25, 751.0], [3999.5, 222.0], [3999.75, 740.0], [4000.0, 7048.0], [4000.25, 23600.0], [4000.5, 224.0], [4000.75, 745.0], [4001.0, 8407.0], [4001.25, 37760.0], [4001.5, 32204.0]]}}}
{"jsonrpc": "2.0", "method": "subscription", "params": {"channel": "book.ETH-10OCT25.none.20.100ms", "data": {"timestamp": 1759054879789, "change_id": 88417812919, "instrument_name": "ETH-10OCT25", "bids": [[4000.0, 18258.0], [3999.75, 25798.0], [3999.5, 10572.0], [3999.25, 1250.0], [3999.0, 612.0], [3998.5, 4928.0], [3998.25, 14386.0], [3998.0, 910.0], [3997.75, 3112.0], [3997.5, 7040.0], [3996.5, 588.0], [3995.75, 1085.0], [3995.5, 3616.0], [3994.5, 612.0], [3994.25, 2065.0], [3994.0, 6884.0], [3993.25, 554.0], [3993.0, 1848.0], [3991.25, 587.0], [3991.0, 16.0]], "asks": [[4000.5, 8305.0], [4000.75, 13809.0], [4001.0, 29720.0], [4001.25, 5904.0], [4001.5, 6332.0], [4001.75, 5802.0], [4002.0, 6332.0], [4002.25, 4401.0], [4002.5, 588.0], [4003.5, 1498.0], [4003.75, 3004.0], [4004.5, 606.0], [4005.0, 595.0], [4005.5, 588.0], [4006.0, 6335.0], [4006.25, 23495.0], [4006.5, 16327.0], [4006.75, 6327.0], [4008.5, 601.0], [4009.5, 1082.0]]}}}
{"jsonrpc": "2.0", "method": "subscription", "params": {"channel": "book.ETH-10OCT25.none.20.100ms", "data": {"timestamp": 1759054880591, "change_id": 88417813879, "instrument_name": "ETH-10OCT25", "bids": [[4000.0, 18258.0], [3999.75, 25798.0], [3999.5, 10572.0], [3999.25, 1250.0], [3999.0, 612.0], [3998.5, 4928.0], [3998.25, 14386.0], [3998.0, 910.0], [3997.75, 1000.0], [3997.5, 612.0], [3997.0, 1928.0], [3996.75, 6428.0], [3996.5, 588.0], [3995.75, 1085.0], [3995.5, 3616.0], [3994.5, 612.0], [3994.25, 2065.0], [3994.0, 6884.0], [3993.25, 554.0], [3993.0, 1848.0]], "asks": [[4000.5, 8305.0], [4000.75, 13809.0], [4001.0, 29720.0], [4001.25, 5904.0], [4001.5, 6332.0], [4001.75, 5802.0], [4002.0, 6332.0], [4002.25, 4401.0], [4002.5, 588.0], [4003.5, 1498.0], [4003.75, 3004.0], [4004.5, 606.0], [4005.0, 595.0], [4005.5, 588.0], [4006.0, 6335.0], [4006.25, 23495.0], [4006.5, 16327.0], [4006.75, 6327.0], [4008.5, 601.0], [4009.5, 1082.0]]}}}
{"jsonrpc": "2.0", "method": "subscription", "params": {"channel": "book.ETH-3OCT25.none.20.100ms", "data": {"timestamp": 1759054880650, "change_id": 88417813973, "instrument_name": "ETH-3OCT25", "bids": [[3996.0, 17526.0], [3995.75, 40822.0], [3995.5, 8851.0], [3995.25, 5226.0], [3995.0, 752.0], [3994.75, 258.0], [3994.5, 735.0], [3994.25, 3961.0], [3994.0, 18173.0], [3993.75, 20393.0], [3993.5, 14033.0], [3993.25, 739.0], [3993.0, 222.0], [3992.75, 1865.0], [3992.5, 4260.0], [3992.25, 1478.0], [3992.0, 740.0], [3991.75, 258.0], [3991.5, 740.0], [3991.25, 7624.0]], "asks": [[3996.25, 4600.0], [3996.5, 7335.0], [3996.75, 13695.0], [3997.0, 17983.0], [3997.25, 24220.0], [3997.5, 892.0], [3998.0, 258.0], [3998.25, 1220.0], [3998.5, 732.0], [3999.0, 225.0], [3999.25, 751.0], [3999.5, 222.0], [3999.75, 740.0], [4000.0, 7048.0], [4000.25, 23600.0], [4000.5, 224.0], [4000.75, 745.0], [4001.0, 8407.0], [4001.25, 32885.0], [4001.5, 15954.0]]}}}
{"jsonrpc": "2.0", "method": "subscription", "params": {"channel": "book.ETH-3OCT25.none.20.100ms", "data": {"timestamp": 1759054881011, "change_id": 88417814530, "instrument_name": "ETH-3OCT25", "bids": [[3996.0, 17526.0], [3995.75, 42072.0], [3995.5, 7601.0], [3995.25, 5226.0], [3995.0, 752.0], [3994.75, 258.0], [3994.5, 735.0], [3994.25, 3961.0], [3994.0, 18173.0], [3993.75, 20393.0], [3993.5, 14033.0], [3993.25, 739.0], [3993.0, 222.0], [3992.75, 1865.0], [3992.5, 4260.0], [3992.25, 1478.0], [3992.0, 740.0], [3991.75, 258.0], [3991.5, 740.0], [3991.25, 7624.0]], "asks": [[3996.25, 4600.0], [3996.5, 7335.0], [3996.75, 13695.0], [3997.0, 17983.0], [3997.25, 34782.0], [3997.5, 892.0], [3998.0, 258.0], [3998.25, 1220.0], [3998.5, 732.0], [3999.0, 225.0], [3999.25, 751.0], [3999.5, 222.0], [3999.75, 5615.0], [4000.0, 23298.0], [4000.25, 23600.0], [4000.5, 224.0], [4000.75, 745.0], [4001.0, 8407.0], [4001.25, 32885.0], [4001.5, 15954.0]]}}}
{"jsonrpc": "2.0", "method": "subscription", "params": {"channel": "book.ETH-10OCT25.none.20.100ms", "data": {"timestamp": 1759054881418, "change_id": 88417814820, "instrument_name": "ETH-10OCT25", "bids": [[4000.0, 18258.0], [3999.75, 25798.0], [3999.5, 10572.0], [3999.25, 1250.0], [3999.0, 612.0], [3998.5, 4928.0], [3998.25, 14386.0], [3998.0, 910.0], [3997.75, 1000.0], [3997.5, 612.0], [3997.0, 1928.0], [3996.75, 6428.0], [3996.5, 588.0], [3995.75, 1085.0], [3995.5, 3616.0], [3994.5, 612.0], [3994.25, 2065.0], [3994.0, 6884.0], [3993.25, 554.0], [3993.0, 1848.0]], "asks": [[4000.5, 8305.0], [4000.75, 13809.0], [4001.0, 29720.0], [4001.25, 5904.0], [4001.5, 6332.0], [4001.75, 5802.0], [4002.0, 5012.0], [4002.25, 4401.0], [4002.5, 588.0], [4003.5, 1498.0], [4003.75, 3004.0], [4004.5, 606.0], [4005.0, 595.0], [4005.5, 588.0], [4006.0, 6335.0], [4006.25, 23495.0], [4006.5, 16327.0], [4006.75, 6327.0], [4008.5, 601.0], [4009.5, 1082.0]]}}}
{"jsonrpc": "2.0", "method": "subscription", "params": {"channel": "book.ETH-3OCT25.none.20.100ms", "data": {"timestamp": 1759054881419, "change_id": 88417814822, "instrument_name": "ETH-3OCT25", "bids": [[3996.0, 17526.0], [3995.75, 42072.0], [3995.5, 7343.0], [3995.25, 5226.0], [3995.0, 752.0], [3994.75, 258.0], [3994.5, 735.0], [3994.25, 3961.0], [3994.0, 18173.0], [3993.75, 20393.0], [3993.5, 14033.0], [3993.25, 739.0], [3993.0, 222.0], [3992.75, 1865.0], [3992.5, 4260.0], [3992.25, 1478.0], [3992.0, 740.0], [3991.75, 258.0], [3991.5, 740.0], [3991.25, 7624.0]], "asks": [[3996.25, 4600.0], [3996.5, 7335.0], [3996.75, 13695.0], [3997.0, 17983.0], [3997.25, 34782.0], [3997.5, 892.0], [3998.0, 258.0], [3998.25, 1220.0], [3998.5, 732.0], [3999.25, 751.0], [3999.5, 222.0], [3999.75, 5615.0], [4000.0, 23298.0], [4000.25, 23600.0], [4000.5, 224.0], [4000.75, 745.0], [4001.0, 8407.0], [4001.25, 32885.0], [4001.5, 15954.0], [4001.75, 223.0]]}}}
{"jsonrpc": "2.0", "method": "subscription", "params": {"channel": "book.ETH-10OCT25.none.20.100ms", "data": {"timestamp": 1759054881871, "change_id": 88417815421, "instrument_name": "ETH-10OCT25", "bids": [[4000.0, 18258.0], [3999.75, 25798.0], [3999.5, 10572.0], [3999.25, 1250.0], [3999.0, 612.0], [3998.5, 4928.0], [3998.25, 14386.0], [3998.0, 910.0], [3997.75, 1000.0], [3997.5, 612.0], [3997.0, 1928.0], [3996.75, 6428.0], [3996.5, 588.0], [3995.75, 1085.0], [3995.5, 3616.0], [3994.5, 612.0], [3994.25, 2065.0], [3994.0, 6884.0], [3993.25, 554.0], [3993.0, 1848.0]], "asks": [[4000.5, 8305.0], [4000.75, 13809.0], [4001.0, 29720.0], [4001.25, 5904.0], [4001.5, 6332.0], [4001.75, 5802.0], [4002.0, 5012.0], [4002.25, 4401.0], [4002.5, 588.0], [4003.5, 1498.0], [4003.75, 3004.0], [4004.5, 606.0], [4005.0, 595.0], [4005.5, 588.0], [4006.0, 6335.0], [4006.25, 23495.0], [4006.5, 16327.0], [4006.75, 6327.0], [4008.5, 601.0], [4009.5, 1082.0]]}}}
{"jsonrpc": "2.0", "method": "subscription", "params": {"channel": "book.ETH-3OCT25.none.20.100ms", "data": {"timestamp": 1759054882324, "change_id": 88417815852, "instrument_name": "ETH-3OCT25", "bids": [[3996.0, 17526.0], [3995.75, 42072.0], [3995.5, 7343.0], [3995.25, 5226.0], [3995.0, 752.0], [3994.75, 258.0], [3994.5, 735.0], [3994.25, 3961.0], [3994.0, 18173.0], [3993.75, 20393.0], [3993.5, 14033.0], [3993.25, 739.0], [3993.0, 222.0], [3992.75, 1865.0], [3992.5, 4260.0], [3992.25, 1478.0], [3992.0, 740.0], [3991.75, 258.0], [3991.5, 740.0], [3991.25, 7624.0]], "asks": [[3996.25, 4600.0], [3996.5, 7335.0], [3996.75, 13695.0], [3997.0, 17983.0], [3997.25, 34782.0], [3997.5, 892.0], [3998.0, 258.0], [3998.25, 1220.0], [3998.5, 732.0], [3999.0, 225.0], [3999.25, 751.0], [3999.5, 222.0], [3999.75, 5615.0], [4000.0, 23298.0], [4000.25, 23600.0], [4000.5, 224.0], [4000.75, 745.0], [4001.0, 8407.0], [4001.25, 32885.0], [4001.5, 15954.0]]}}}
{"jsonrpc": "2.0", "method": "subscription", "params": {"channel": "book.ETH-10OCT25.none.20.100ms", "data": {"timestamp": 1759054882625, "change_id": 88417816451, "instrument_name": "ETH-10OCT25", "bids": [[4000.0, 20218.0], [3999.75, 25798.0], [3999.5, 11822.0], [3999.0, 612.0], [3998.5, 4928.0], [3998.25, 16497.0], [3998.0, 7338.0], [3997.75, 1000.0], [3997.5, 612.0], [3996.5, 588.0], [3995.75, 1085.0], [3995.5, 3616.0], [3994.5, 2496.0], [3994.25, 6280.0], [3994.0, 604.0], [3993.25, 554.0], [3993.0, 1848.0], [3991.25, 587.0], [3991.0, 16.0], [3990.25, 612.0]], "asks": [[4000.5, 5720.0], [4000.75, 5175.0], [4001.0, 6970.0], [4001.25, 5904.0], [4001.5, 30332.0], [4001.75, 5802.0], [4002.0, 6332.0], [4002.25, 4401.0], [4002.5, 588.0], [4003.5, 1498.0], [4003.75, 3004.0], [4004.5, 606.0], [4005.0, 595.0], [4005.5, 588.0], [4006.0, 6335.0], [4006.25, 23495.0], [4006.5, 16327.0], [4006.75, 6327.0], [4008.5, 601.0], [4009.5, 1082.0]]}}}
{"jsonrpc": "2.0", "method": "subscription", "params": {"channel": "book.ETH-3OCT25.none.20.100ms", "data": {"timestamp": 1759054882530, "change_id": 88417816349, "instrument_name": "ETH-3OCT25", "bids": [[3996.0, 17526.0], [3995.75, 42072.0], [3995.5, 7343.0], [3995.25, 5226.0], [3995.0, 752.0], [3994.75, 3953.0], [3994.5, 13285.0], [3994.25, 224.0], [3994.0, 5623.0], [3993.75, 20393.0], [3993.5, 14033.0], [3993.25, 739.0], [3993.0, 222.0], [3992.75, 1865.0], [3992.5, 4260.0], [3992.25, 1478.0], [3992.0, 740.0], [3991.75, 258.0], [3991.5, 8164.0], [3991.25, 24975.0]], "asks": [[3996.25, 4600.0], [3996.5, 4600.0], [3996.75, 5842.0], [3997.0, 9294.0], [3997.25, 12032.0], [3997.5, 8092.0], [3997.75, 24000.0], [3998.0, 258.0], [3998.25, 1220.0], [3998.5, 732.0], [3999.0, 225.0], [3999.25, 751.0], [3999.5, 222.0], [3999.75, 740.0], [4000.0, 23298.0], [4000.25, 23600.0], [4000.5, 224.0], [4000.75, 745.0], [4001.0, 8407.0], [4001.25, 32885.0]]}}}
{"jsonrpc": "2.0", "method": "subscription", "params": {"channel": "book.ETH-10OCT25.none.20.100ms", "data": {"timestamp": 1759054883014, "change_id": 88417817027, "instrument_name": "ETH-10OCT25", "bids": [[4000.0, 22018.0], [3999.75, 25798.0], [3999.5, 11822.0], [3999.0, 612.0], [3998.5, 4928.0], [3998.25, 16497.0], [3998.0, 7338.0], [3997.75, 1000.0], [3997.5, 612.0], [3996.5, 588.0], [3995.75, 1085.0], [3995.5, 3616.0], [3994.5, 2496.0], [3994.25, 6280.0], [3994.0, 604.0], [3993.25, 554.0], [3993.0, 1848.0], [3991.25, 587.0], [3991.0, 16.0], [3990.25, 612.0]], "asks": [[4000.5, 5720.0], [4000.75, 6425.0], [4001.0, 10720.0], [4001.25, 29904.0], [4001.5, 6332.0], [4001.75, 5802.0], [4002.0, 6332.0], [4002.25, 4401.0], [4002.5, 588.0], [4003.5, 1498.0], [4003.75, 3004.0], [4004.5, 606.0], [4005.0, 595.0], [4005.5, 588.0], [4006.0, 6335.0], [4006.25, 23495.0], [4006.5, 16327.0], [4006.75, 6327.0], [4008.5, 601.0], [4009.5, 1082.0]]}}}
{"jsonrpc": "2.0", "method": "subscription", "params": {"channel": "book.ETH-3OCT25.none.20.100ms", "data": {"timestamp": 1759054882951, "change_id": 88417817009, "instrument_name": "ETH-3OCT25", "bids": [[3996.0, 27497.0], [3995.75, 42072.0], [3995.5, 7343.0], [3995.25, 5226.0], [3995.0, 752.0], [3994.75, 3953.0], [3994.5, 13285.0], [3994.25, 224.0], [3994.0, 5623.0], [3993.75, 20393.0], [3993.5, 14033.0], [3993.25, 739.0], [3993.0, 222.0], [3992.75, 1865.0], [3992.5, 4260.0], [3992.25, 1478.0], [3992.0, 740.0], [3991.75, 258.0], [3991.5, 8164.0], [3991.25, 24975.0]], "asks": [[3996.5, 4600.0], [3996.75, 11565.0], [3997.0, 13141.0], [3997.25, 20792.0], [3997.5, 8092.0], [3997.75, 24000.0], [3998.0, 258.0], [3998.25, 1220.0], [3998.5, 732.0], [3999.0, 225.0], [3999.25, 751.0], [3999.5, 222.0], [3999.75, 740.0], [4000.0, 23298.0], [4000.25, 23600.0], [4000.5, 224.0], [4000.75, 745.0], [4001.0, 8407.0], [4001.25, 32885.0], [4001.5, 15954.0]]}}}
{"jsonrpc": "2.0", "method": "subscription", "params": {"channel": "book.ETH-10OCT25.none.20.100ms", "data": {"timestamp": 1759054883317, "change_id": 88417817267, "instrument_name": "ETH-10OCT25", "bids": [[4000.0, 22018.0], [3999.75, 25798.0], [3999.5, 11822.0], [3999.0, 612.0], [3998.5, 4928.0], [3998.25, 16497.0], [3998.0, 7338.0], [3997.75, 1000.0], [3997.5, 612.0], [3996.5, 588.0], [3995.75, 1085.0], [3995.5, 3616.0], [3994.5, 2496.0], [3994.25, 6280.0], [3994.0, 604.0], [3993.25, 554.0], [3993.0, 1848.0], [3991.25, 587.0], [3991.0, 16.0], [3990.25, 612.0]], "asks": [[4000.5, 4400.0], [4000.75, 7230.0], [4001.0, 10720.0], [4001.25, 29904.0], [4001.5, 6332.0], [4001.75, 5802.0], [4002.0, 6332.0], [4002.25, 4401.0], [4002.5, 588.0], [4003.5, 1498.0], [4003.75, 3004.0], [4004.5, 606.0], [4005.0, 595.0], [4005.5, 588.0], [4006.0, 6335.0], [4006.25, 23495.0], [4006.5, 16327.0], [4006.75, 6327.0], [4008.5, 601.0], [4009.5, 1082.0]]}}}
{"jsonrpc": "2.0", "method": "subscription", "params": {"channel": "book.ETH-3OCT25.none.20.100ms", "data": {"timestamp": 1759054883321, "change_id": 88417817272, "instrument_name": "ETH-3OCT25", "bids": [[3996.0, 27497.0], [3995.75, 42072.0], [3995.5, 7343.0], [3995.25, 5226.0], [3995.0, 752.0], [3994.75, 3953.0], [3994.5, 13285.0], [3994.25, 224.0], [3994.0, 5623.0], [3993.75, 20393.0], [3993.5, 14033.0], [3993.25, 739.0], [3993.0, 222.0], [3992.75, 1865.0], [3992.5, 4260.0], [3992.25, 1478.0], [3992.0, 740.0], [3991.75, 258.0], [3991.5, 8164.0], [3991.25, 24975.0]], "asks": [[3996.5, 4600.0], [3996.75, 4600.0], [3997.0, 13141.0], [3997.25, 17312.0], [3997.5, 13092.0], [3997.75, 24000.0], [3998.0, 258.0], [3998.25, 1220.0], [3998.5, 732.0], [3999.0, 225.0], [3999.25, 751.0], [3999.5, 222.0], [3999.75, 740.0], [4000.0, 23298.0], [4000.25, 23600.0], [4000.5, 224.0], [4000.75, 745.0], [4001.0, 8407.0], [4001.25, 32885.0], [4001.5, 15954.0]]}}}
{"jsonrpc": "2.0", "method": "subscription", "params": {"channel": "book.ETH-10OCT25.none.20.100ms", "data": {"timestamp": 1759054883571, "change_id": 88417817618, "instrument_name": "ETH-10OCT25", "bids": [[4000.0, 22018.0], [3999.75, 25798.0], [3999.5, 11822.0], [3999.0, 612.0], [3998.5, 4928.0], [3998.25, 16497.0], [3998.0, 7338.0], [3997.75, 1000.0], [3997.5, 612.0], [3996.5, 588.0], [3995.75, 1085.0], [3995.5, 3616.0], [3994.5, 2496.0], [3994.25, 6280.0], [3994.0, 604.0], [3993.25, 554.0], [3993.0, 1848.0], [3991.25, 587.0], [3991.0, 16.0], [3990.25, 612.0]], "asks": [[4000.5, 4400.0], [4000.75, 7230.0], [4001.0, 10720.0], [4001.25, 29904.0], [4001.5, 6332.0], [4001.75, 5802.0], [4002.0, 16333.0], [4002.25, 4401.0], [4002.5, 588.0], [4003.5, 1498.0], [4003.75, 3004.0], [4004.5, 606.0], [4005.0, 595.0], [4005.5, 588.0], [4006.0, 6335.0], [4006.25, 23495.0], [4006.5, 16327.0], [4006.75, 6327.0], [4008.5, 601.0], [4009.5, 1082.0]]}}}
{"jsonrpc": "2.0", "method": "subscription", "params": {"channel": "book.ETH-3OCT25.none.20.100ms", "data": {"timestamp": 1759054883672, "change_id": 88417817791, "instrument_name": "ETH-3OCT25", "bids": [[3996.0, 27497.0], [3995.75, 42072.0], [3995.5, 7343.0], [3995.25, 5226.0], [3995.0, 752.0], [3994.75, 3953.0], [3994.5, 13285.0], [3994.25, 224.0], [3994.0, 5623.0], [3993.75, 20393.0], [3993.5, 14033.0], [3993.25, 739.0], [3993.0, 222.0], [3992.75, 1865.0], [3992.5, 4260.0], [3992.25, 1478.0], [3992.0, 740.0], [3991.75, 258.0], [3991.5, 8164.0], [3991.25, 24975.0]], "asks": [[3996.5, 4600.0], [3996.75, 4600.0], [3997.0, 8504.0], [3997.25, 9728.0], [3997.5, 23653.0], [3997.75, 24221.0], [3998.0, 993.0], [3998.25, 1220.0], [3998.5, 3731.0], [3998.75, 9996.0], [3999.0, 225.0], [3999.25, 751.0], [3999.5, 222.0], [3999.75, 740.0], [4000.0, 11074.0], [4000.25, 39850.0], [4000.5, 224.0], [4000.75, 745.0], [4001.0, 8407.0], [4001.25, 32885.0]]}}}
{"jsonrpc": "2.0", "method": "subscription", "params": {"channel": "book.ETH-3OCT25.none.20.100ms", "data": {"timestamp": 1759054883967, "change_id": 88417818334, "instrument_name": "ETH-3OCT25", "bids": [[3996.25, 4662.0], [3996.0, 32509.0], [3995.75, 42072.0], [3995.5, 5758.0], [3995.25, 226.0], [3995.0, 752.0], [3994.75, 3953.0], [3994.5, 13285.0], [3994.25, 224.0], [3994.0, 5623.0], [3993.75, 20393.0], [3993.5, 14033.0], [3993.25, 739.0], [3993.0, 222.0], [3992.75, 1865.0], [3992.5, 4260.0], [3992.25, 1478.0], [3992.0, 740.0], [3991.75, 258.0], [3991.5, 8164.0]], "asks": [[3996.5, 4600.0], [3996.75, 9612.0], [3997.0, 8504.0], [3997.25, 9728.0], [3997.5, 23653.0], [3997.75, 24221.0], [3998.0, 993.0], [3998.25, 1220.0], [3998.5, 3731.0], [3998.75, 9996.0], [3999.0, 225.0], [3999.25, 751.0], [3999.5, 222.0], [3999.75, 740.0], [4000.0, 11074.0], [4000.25, 39850.0], [4000.5, 224.0], [4000.75, 745.0], [4001.0, 8407.0], [4001.25, 32885.0]]}}}
{"jsonrpc": "2.0", "method": "subscription", "params": {"channel": "book.ETH-3OCT25.none.20.100ms", "data": {"timestamp": 1759054884252, "change_id": 88417818516, "instrument_name": "ETH-3OCT25", "bids": [[3996.25, 4662.0], [3996.0, 32509.0], [3995.75, 42072.0], [3995.5, 5758.0], [3995.25, 226.0], [3995.0, 752.0], [3994.75, 3953.0], [3994.5, 13285.0], [3994.25, 224.0], [3994.0, 5623.0], [3993.75, 20393.0], [3993.5, 14033.0], [3993.25, 739.0], [3993.0, 222.0], [3992.75, 1865.0], [3992.5, 4260.0], [3992.25, 1478.0], [3992.0, 740.0], [3991.75, 258.0], [3991.5, 8164.0]], "asks": [[3996.5, 4600.0], [3996.75, 4600.0], [3997.0, 8504.0], [3997.25, 9728.0], [3997.5, 23653.0], [3997.75, 24221.0], [3998.0, 993.0], [3998.25, 1220.0], [3998.5, 3731.0], [3998.75, 9996.0], [3999.0, 225.0], [3999.25, 751.0], [3999.5, 222.0], [3999.75, 740.0], [4000.0, 11074.0], [4000.25, 39850.0], [4000.5, 224.0], [4000.75, 745.0], [4001.0, 8407.0], [4001.25, 32885.0]]}}}
{"jsonrpc": "2.0", "method": "subscription", "params": {"channel": "book.ETH-10OCT25.none.20.100ms", "data": {"timestamp": 1759054884659, "change_id": 88417819032, "instrument_name": "ETH-10OCT25", "bids": [[4000.0, 22018.0], [3999.75, 28084.0], [3999.5, 10572.0], [3999.0, 612.0], [3998.5, 4928.0], [3998.25, 16497.0], [3998.0, 7338.0], [3997.75, 1000.0], [3997.5, 612.0], [3996.5, 588.0], [3995.75, 1085.0], [3995.5, 3616.0], [3994.75, 2068.0], [3994.5, 6892.0], [3994.0, 604.0], [3993.25, 554.0], [3993.0, 1848.0], [3991.25, 587.0], [3991.0, 16.0], [3990.25, 612.0]], "asks": [[4000.5, 4400.0], [4000.75, 5980.0], [4001.0, 10720.0], [4001.25, 31154.0], [4001.5, 6332.0], [4001.75, 5802.0], [4002.0, 16333.0], [4002.25, 4401.0], [4002.5, 588.0], [4003.5, 1498.0], [4003.75, 3004.0], [4004.5, 606.0], [4005.0, 595.0], [4005.5, 588.0], [4006.0, 6335.0], [4006.25, 23495.0], [4006.5, 16327.0], [4006.75, 6327.0], [4008.5, 601.0], [4009.5, 1082.0]]}}}
{"jsonrpc": "2.0", "method": "subscription", "params": {"channel": "book.ETH-3OCT25.none.20.100ms", "data": {"timestamp": 1759054884539, "change_id": 88417818878, "instrument_name": "ETH-3OCT25", "bids": [[3996.25, 4822.0], [3996.0, 33759.0], [3995.75, 40662.0], [3995.5, 5758.0], [3995.25, 226.0], [3995.0, 752.0], [3994.75, 3953.0], [3994.5, 13285.0], [3994.25, 224.0], [3994.0, 5623.0], [3993.75, 20393.0], [3993.5, 14033.0], [3993.25, 739.0], [3993.0, 222.0], [3992.75, 1865.0], [3992.5, 4260.0], [3992.25, 1478.0], [3992.0, 740.0], [3991.75, 258.0], [3991.5, 8164.0]], "asks": [[3996.5, 4600.0], [3996.75, 4600.0], [3997.0, 7266.0], [3997.25, 9728.0], [3997.5, 24903.0], [3997.75, 24221.0], [3998.0, 993.0], [3998.25, 1220.0], [3998.5, 3731.0], [3998.75, 9996.0], [3999.0, 225.0], [3999.25, 751.0], [3999.5, 222.0], [3999.75, 740.0], [4000.0, 11074.0], [4000.25, 39850.0], [4000.5, 224.0], [4000.75, 745.0], [4001.0, 8407.0], [4001.25, 32885.0]]}}}
{"jsonrpc": "2.0", "method": "subscription", "params": {"channel": "book.ETH-3OCT25.none.20.100ms", "data": {"timestamp": 1759054885008, "change_id": 88417819639, "instrument_name": "ETH-3OCT25", "bids": [[3996.5, 15561.0], [3996.25, 30635.0], [3996.0, 10574.0], [3995.75, 15417.0], [3995.5, 758.0], [3995.25, 226.0], [3995.0, 752.0], [3994.75, 3953.0], [3994.5, 13285.0], [3994.25, 224.0], [3994.0, 5623.0], [3993.75, 20393.0], [3993.5, 14033.0], [3993.25, 739.0], [3993.0, 222.0], [3992.75, 1865.0], [3992.5, 4260.0], [3992.25, 1478.0], [3992.0, 740.0], [3991.75, 258.0]], "asks": [[3996.75, 4600.0], [3997.0, 6484.0], [3997.25, 9728.0], [3997.5, 19407.0], [3997.75, 24221.0], [3998.0, 993.0], [3998.25, 1220.0], [3998.5, 3731.0], [3998.75, 9996.0], [3999.0, 225.0], [3999.25, 751.0], [3999.5, 222.0], [3999.75, 740.0], [4000.0, 7048.0], [4000.25, 39850.0], [4000.5, 224.0], [4000.75, 745.0], [4001.0, 8407.0], [4001.25, 32885.0], [4001.5, 15954.0]]}}}
{"jsonrpc": "2.0", "method": "subscription", "params": {"channel": "book.ETH-10OCT25.none.20.100ms", "data": {"timestamp": 1759054885290, "change_id": 88417819867, "instrument_name": "ETH-10OCT25", "bids": [[4000.0, 24443.0], [3999.75, 45390.0], [3999.0, 612.0], [3998.5, 4928.0], [3998.25, 16497.0], [3998.0, 7338.0], [3997.75, 1000.0], [3996.5, 588.0], [3995.5, 612.0], [3994.75, 2068.0], [3994.5, 6892.0], [3994.0, 604.0], [3993.25, 554.0], [3993.0, 1848.0], [3991.25, 587.0], [3991.0, 16.0], [3990.25, 612.0], [3990.0, 16.0], [3989.75, 596.0], [3989.5, 5028.0]], "asks": [[4000.5, 4400.0], [4000.75, 5980.0], [4001.0, 10720.0], [4001.25, 31154.0], [4001.5, 6332.0], [4001.75, 5802.0], [4002.0, 16333.0], [4002.25, 4401.0], [4002.5, 588.0], [4003.5, 1498.0], [4003.75, 3004.0], [4004.5, 606.0], [4005.0, 595.0], [4005.5, 588.0], [4006.0, 6335.0], [4006.25, 23495.0], [4006.5, 16327.0], [4006.75, 6327.0], [4008.5, 601.0], [4009.5, 1082.0]]}}}
{"jsonrpc": "2.0", "method": "subscription", "params": {"channel": "book.ETH-3OCT25.none.20.100ms", "data": {"timestamp": 1759054885290, "change_id": 88417819866, "instrument_name": "ETH-3OCT25", "bids": [[3996.5, 15561.0], [3996.25, 30635.0], [3996.0, 13554.0], [3995.75, 25351.0], [3995.5, 758.0], [3995.25, 226.0], [3995.0, 752.0], [3994.75, 3953.0], [3994.5, 13285.0], [3994.25, 224.0], [3994.0, 5623.0], [3993.75, 20393.0], [3993.5, 14033.0], [3993.25, 739.0], [3993.0, 222.0], [3992.75, 1865.0], [3992.5, 4260.0], [3992.25, 1478.0], [3992.0, 740.0], [3991.75, 258.0]], "asks": [[3996.75, 4600.0], [3997.0, 11084.0], [3997.25, 9728.0], [3997.5, 29968.0], [3997.75, 24221.0], [3998.0, 993.0], [3998.25, 1220.0], [3998.5, 3731.0], [3998.75, 9996.0], [3999.0, 225.0], [3999.25, 751.0], [3999.5, 222.0], [3999.75, 740.0], [4000.0, 7048.0], [4000.25, 39850.0], [4000.5, 224.0], [4000.75, 745.0], [4001.0, 8407.0], [4001.25, 32885.0], [4001.5, 15954.0]]}}}
{"jsonrpc": "2.0", "method": "subscription", "params": {"channel": "book.ETH-10OCT25.none.20.100ms", "data": {"timestamp": 1759054886619, "change_id": 88417821303, "instrument_name": "ETH-10OCT25", "bids": [[4000.0, 24443.0], [3999.75, 45390.0], [3999.0, 612.0], [3998.5, 4928.0], [3998.25, 16497.0], [3998.0, 7338.0], [3997.75, 1000.0], [3996.5, 588.0], [3996.0, 901.0], [3995.75, 3004.0], [3995.5, 612.0], [3994.75, 2068.0], [3994.5, 6892.0], [3994.0, 604.0], [3993.25, 554.0], [3993.0, 1848.0], [3991.25, 587.0], [3991.0, 16.0], [3990.25, 612.0], [3990.0, 16.0]], "asks": [[4000.5, 4400.0], [4000.75, 5980.0], [4001.0, 11970.0], [4001.25, 29904.0], [4001.5, 6332.0], [4001.75, 5802.0], [4002.0, 16333.0], [4002.25, 4401.0], [4002.5, 588.0], [4003.5, 1498.0], [4003.75, 3004.0], [4004.5, 606.0], [4005.0, 595.0], [4005.5, 588.0], [4006.0, 6335.0], [4006.25, 23495.0], [4006.5, 16327.0], [4006.75, 6327.0], [4008.5, 601.0], [4009.5, 1082.0]]}}}
{"jsonrpc": "2.0", "method": "subscription", "params": {"channel": "book.ETH-3OCT25.none.20.100ms", "data": {"timestamp": 1759054886353, "change_id": 88417820976, "instrument_name": "ETH-3OCT25", "bids": [[3996.5, 15561.0], [3996.25, 30635.0], [3996.0, 13554.0], [3995.75, 25351.0], [3995.5, 758.0], [3995.25, 226.0], [3995.0, 752.0], [3994.75, 3953.0], [3994.5, 13285.0], [3994.25, 224.0], [3994.0, 5623.0], [3993.75, 20393.0], [3993.5, 14033.0], [3993.25, 739.0], [3993.0, 222.0], [3992.75, 1865.0], [3992.5, 4260.0], [3992.25, 1478.0], [3992.0, 740.0], [3991.75, 258.0]], "asks": [[3996.75, 4600.0], [3997.0, 11084.0], [3997.25, 9728.0], [3997.5, 29968.0], [3997.75, 24221.0], [3998.0, 993.0], [3998.25, 1220.0], [3998.5, 3731.0], [3998.75, 9996.0], [3999.0, 225.0], [3999.25, 751.0], [3999.5, 222.0], [3999.75, 740.0], [4000.0, 11074.0], [4000.25, 39850.0], [4000.5, 224.0], [4000.75, 745.0], [4001.0, 8407.0], [4001.25, 32885.0], [4001.5, 15954.0]]}}}
{"jsonrpc": "2.0", "method": "subscription", "params": {"channel": "book.ETH-10OCT25.none.20.100ms", "data": {"timestamp": 1759054886758, "change_id": 88417821478, "instrument_name": "ETH-10OCT25", "bids": [[4000.0, 24443.0], [3999.75, 45390.0], [3999.0, 612.0], [3998.75, 484.0], [3998.5, 5928.0], [3998.25, 16497.0], [3998.0, 7338.0], [3996.5, 588.0], [3996.0, 901.0], [3995.75, 3004.0], [3995.5, 612.0], [3994.75, 2068.0], [3994.5, 6892.0], [3994.0, 604.0], [3993.25, 554.0], [3993.0, 1848.0], [3991.25, 587.0], [3991.0, 16.0], [3990.25, 612.0], [3990.0, 16.0]], "asks": [[4000.5, 4400.0], [4000.75, 5980.0], [4001.0, 11970.0], [4001.25, 29904.0], [4001.5, 6332.0], [4001.75, 5802.0], [4002.0, 16333.0], [4002.25, 4401.0], [4002.5, 588.0], [4003.5, 1498.0], [4003.75, 3004.0], [4004.5, 606.0], [4005.0, 595.0], [4005.5, 588.0], [4006.0, 6335.0], [4006.25, 23495.0], [4006.5, 16327.0], [4006.75, 6327.0], [4008.5, 601.0], [4009.5, 1082.0]]}}}
{"jsonrpc": "2.0", "method": "subscription", "params": {"channel": "book.ETH-10OCT25.none.20.100ms", "data": {"timestamp": 1759054887062, "change_id": 88417821884, "instrument_name": "ETH-10OCT25", "bids": [[4000.0, 24443.0], [3999.75, 45390.0], [3999.0, 612.0], [3998.75, 484.0], [3998.5, 5928.0], [3998.25, 16497.0], [3998.0, 7338.0], [3996.5, 588.0], [3996.0, 901.0], [3995.75, 3004.0], [3995.5, 612.0], [3994.5, 2496.0], [3994.25, 6280.0], [3994.0, 604.0], [3993.25, 554.0], [3993.0, 1848.0], [3991.25, 587.0], [3991.0, 16.0], [3990.25, 612.0], [3990.0, 16.0]], "asks": [[4000.5, 4400.0], [4000.75, 5980.0], [4001.0, 11970.0], [4001.25, 29904.0], [4001.5, 6332.0], [4001.75, 5802.0], [4002.0, 16333.0], [4002.25, 4401.0], [4002.5, 588.0], [4003.5, 1498.0], [4003.75, 3004.0], [4004.5, 606.0], [4005.0, 595.0], [4005.5, 588.0], [4006.0, 6335.0], [4006.25, 23495.0], [4006.5, 16327.0], [4006.75, 6327.0], [4008.5, 601.0], [4009.5, 1082.0]]}}}
{"jsonrpc": "2.0", "method": "subscription", "params": {"channel": "book.ETH-10OCT25.none.20.100ms", "data": {"timestamp": 1759054887481, "change_id": 88417822316, "instrument_name": "ETH-10OCT25", "bids": [[4000.0, 24443.0], [3999.75, 45390.0], [3999.0, 612.0], [3998.75, 484.0], [3998.5, 5928.0], [3998.25, 16497.0], [3998.0, 7338.0], [3996.5, 588.0], [3995.5, 612.0], [3994.5, 2496.0], [3994.25, 6280.0], [3994.0, 604.0], [3993.25, 554.0], [3993.0, 1848.0], [3991.25, 587.0], [3991.0, 16.0], [3990.25, 612.0], [3990.0, 16.0], [3989.75, 596.0], [3989.5, 5028.0]], "asks": [[4000.5, 4400.0], [4000.75, 5980.0], [4001.0, 11970.0], [4001.25, 29904.0], [4001.5, 6332.0], [4001.75, 5802.0], [4002.0, 16333.0], [4002.25, 4401.0], [4002.5, 588.0], [4003.5, 1498.0], [4003.75, 3004.0], [4004.5, 606.0], [4005.0, 595.0], [4005.5, 588.0], [4006.0, 6335.0], [4006.25, 23495.0], [4006.5, 16327.0], [4006.75, 6327.0], [4008.5, 601.0], [4009.5, 1082.0]]}}}
