{"jsonrpc": "2.0", "method": "subscription", "params": {"channel": "book.ETH-5SEP25.none.20.100ms", "data": {"timestamp": 1756844910642, "change_id": 84923472011, "instrument_name": "ETH-5SEP25", "bids": [[4305.0, 1.0], [4304.25, 5973.0], [4304.0, 19910.0], [4303.75, 960.0], [4303.5, 1750.0], [4303.0, 1.0], [4302.75, 266.0], [4302.5, 887.0], [4301.75, 1.0], [4301.5, 8334.0], [4301.25, 24822.0], [4301.0, 887.0], [4300.0, 11.0], [4299.5, 20.0], [4297.75, 609.0], [4297.5, 2140.0], [4297.25, 6568.0], [4297.0, 21893.0], [4296.0, 917.0], [4295.75, 25520.0]], "asks": [[4305.5, 800.0], [4305.75, 1040.0], [4306.0, 1583.0], [4306.25, 8443.0], [4306.5, 19110.0], [4307.5, 12306.0], [4307.75, 800.0], [4308.0, 11.0], [4308.5, 887.0], [4308.75, 1000.0], [4309.25, 5.0], [4310.75, 266.0], [4311.0, 887.0], [4311.25, 7876.0], [4311.5, 26365.0], [4312.0, 11.0], [4312.25, 266.0], [4312.5, 887.0], [4312.75, 276.0], [4313.0, 920.0]]}}}
{"jsonrpc": "2.0", "method": "subscription", "params": {"channel": "book.ETH-5SEP25.none.20.100ms", "data": {"timestamp": 1756844910899, "change_id": 84923472661, "instrument_name": "ETH-5SEP25", "bids": [[4304.75, 300.0], [4304.5, 1040.0], [4304.25, 6774.0], [4304.0, 19910.0], [4303.75, 1847.0], [4303.5, 1750.0], [4303.0, 1.0], [4302.75, 266.0], [4302.5, 887.0], [4302.25, 1.0], [4301.5, 8334.0], [4301.25, 24822.0], [4301.0, 887.0], [4300.0, 11.0], [4299.5, 20.0], [4297.75, 609.0], [4297.5, 2140.0], [4297.25, 6568.0], [4297.0, 21893.0], [4296.0, 917.0]], "asks": [[4305.5, 1040.0], [4305.75, 1310.0], [4306.0, 2583.0], [4306.25, 8443.0], [4306.5, 19110.0], [4307.5, 12306.0], [4307.75, 800.0], [4308.0, 11.0], [4308.75, 1000.0], [4309.25, 5.0], [4311.25, 7876.0], [4311.5, 26365.0], [4312.0, 11.0], [4312.25, 266.0], [4312.5, 887.0], [4312.75, 276.0], [4313.0, 920.0], [4315.0, 267.0], [4315.25, 890.0], [4315.5, 7442.0]]}}}
{"jsonrpc": "2.0", "method": "subscription", "params": {"channel": "book.ETH-12SEP25.none.20.100ms", "data": {"timestamp": 1756844910900, "change_id": 84923472671, "instrument_name": "ETH-12SEP25", "bids": [[4308.0, 1300.0], [4307.75, 3292.0], [4307.5, 7639.0], [4307.25, 300.0], [4307.0, 10641.0], [4306.75, 38618.0], [4306.5, 20097.0], [4305.75, 5368.0], [4305.5, 15839.0], [4303.25, 620.0], [4302.75, 620.0], [4301.5, 616.0], [4301.0, 599.0], [4300.5, 604.0], [4299.0, 603.0], [4298.75, 2064.0], [4298.5, 6880.0], [4298.25, 6768.0], [4298.0, 41761.0], [4297.5, 90610.0]], "asks": [[4308.5, 160.0], [4309.0, 1702.0], [4309.25, 24030.0], [4309.5, 7639.0], [4311.0, 3693.0], [4311.25, 12311.0], [4312.75, 620.0], [4313.25, 5368.0], [4313.5, 15839.0], [4314.75, 620.0], [4315.25, 2456.0], [4315.5, 6182.0], [4315.75, 620.0], [4316.75, 606.0], [4317.0, 246.0], [4317.25, 820.0], [4317.75, 6117.0], [4318.0, 18345.0], [4318.25, 11183.0], [4318.5, 35199.0]]}}}
{"jsonrpc": "2.0", "method": "subscription", "params": {"channel": "book.ETH-12SEP25.none.20.100ms", "data": {"timestamp": 1756844911307, "change_id": 84923473250, "instrument_name": "ETH-12SEP25", "bids": [[4308.0, 2300.0], [4307.75, 3292.0], [4307.5, 7639.0], [4307.25, 300.0], [4307.0, 10641.0], [4306.75, 38618.0], [4306.5, 20097.0], [4305.75, 5368.0], [4305.5, 15839.0], [4303.25, 620.0], [4302.75, 620.0], [4301.5, 616.0], [4301.0, 599.0], [4300.5, 604.0], [4299.0, 603.0], [4298.75, 2064.0], [4298.5, 6880.0], [4298.25, 6768.0], [4298.0, 41761.0], [4297.5, 90610.0]], "asks": [[4308.5, 160.0], [4309.0, 2702.0], [4309.25, 24030.0], [4309.5, 7639.0], [4311.0, 3693.0], [4311.25, 12311.0], [4312.75, 620.0], [4313.25, 5368.0], [4313.5, 15839.0], [4314.75, 620.0], [4315.25, 2456.0], [4315.5, 6182.0], [4315.75, 620.0], [4316.75, 606.0], [4317.0, 246.0], [4317.25, 820.0], [4317.75, 6117.0], [4318.0, 18345.0], [4318.25, 11163.0], [4318.5, 35219.0]]}}}
{"jsonrpc": "2.0", "method": "subscription", "params": {"channel": "book.ETH-5SEP25.none.20.100ms", "data": {"timestamp": 1756844911073, "change_id": 84923473118, "instrument_name": "ETH-5SEP25", "bids": [[4304.75, 2100.0], [4304.5, 1040.0], [4304.25, 6774.0], [4304.0, 19910.0], [4303.75, 1847.0], [4303.5, 1750.0], [4303.0, 1.0], [4302.75, 266.0], [4302.5, 887.0], [4302.25, 1.0], [4301.5, 8334.0], [4301.25, 24822.0], [4301.0, 887.0], [4300.0, 11.0], [4299.5, 20.0], [4297.75, 609.0], [4297.5, 2140.0], [4297.25, 6568.0], [4297.0, 21893.0], [4296.0, 917.0]], "asks": [[4305.5, 1040.0], [4305.75, 1310.0], [4306.0, 2583.0], [4306.25, 8443.0], [4306.5, 19110.0], [4307.5, 12306.0], [4307.75, 800.0], [4308.0, 11.0], [4308.75, 1000.0], [4309.25, 5.0], [4311.25, 7876.0], [4311.5, 26365.0], [4312.0, 11.0], [4312.25, 266.0], [4312.5, 887.0], [4312.75, 276.0], [4313.0, 920.0], [4315.0, 267.0], [4315.25, 890.0], [4315.5, 7442.0]]}}}
{"jsonrpc": "2.0", "method": "subscription", "params": {"channel": "book.ETH-12SEP25.none.20.100ms", "data": {"timestamp": 1756844911484, "change_id": 84923473488, "instrument_name": "ETH-12SEP25", "bids": [[4308.0, 2300.0], [4307.75, 3292.0], [4307.5, 7639.0], [4307.25, 300.0], [4307.0, 10641.0], [4306.75, 38618.0], [4306.5, 20097.0], [4305.75, 5368.0], [4305.5, 15839.0], [4303.25, 620.0], [4302.75, 620.0], [4301.5, 616.0], [4301.0, 599.0], [4300.5, 604.0], [4299.0, 603.0], [4298.75, 2064.0], [4298.5, 6880.0], [4298.25, 6768.0], [4298.0, 41761.0], [4297.5, 90610.0]], "asks": [[4308.5, 160.0], [4309.0, 702.0], [4309.25, 23030.0], [4309.5, 7639.0], [4311.0, 3693.0], [4311.25, 12311.0], [4312.75, 620.0], [4313.25, 5368.0], [4313.5, 15839.0], [4314.75, 620.0], [4315.25, 2456.0], [4315.5, 6182.0], [4315.75, 620.0], [4316.75, 606.0], [4317.0, 246.0], [4317.25, 820.0], [4317.75, 6117.0], [4318.0, 18345.0], [4318.25, 11163.0], [4318.5, 35219.0]]}}}
{"jsonrpc": "2.0", "method": "subscription", "params": {"channel": "book.ETH-5SEP25.none.20.100ms", "data": {"timestamp": 1756844911484, "change_id": 84923473489, "instrument_name": "ETH-5SEP25", "bids": [[4304.75, 1100.0], [4304.5, 1040.0], [4304.25, 6774.0], [4304.0, 19910.0], [4303.75, 1847.0], [4303.5, 1750.0], [4303.0, 1.0], [4302.75, 266.0], [4302.5, 887.0], [4302.25, 1.0], [4301.5, 8334.0], [4301.25, 24822.0], [4301.0, 887.0], [4300.0, 11.0], [4299.5, 20.0], [4297.75, 609.0], [4297.5, 2140.0], [4297.25, 6568.0], [4297.0, 21893.0], [4296.0, 917.0]], "asks": [[4305.5, 510.0], [4305.75, 2040.0], [4306.0, 1583.0], [4306.25, 8443.0], [4306.5, 19110.0], [4307.5, 12306.0], [4307.75, 800.0], [4308.0, 11.0], [4308.75, 1000.0], [4309.25, 5.0], [4311.25, 7876.0], [4311.5, 26365.0], [4312.0, 11.0], [4312.25, 266.0], [4312.5, 887.0], [4312.75, 276.0], [4313.0, 920.0], [4315.0, 267.0], [4315.25, 890.0], [4315.5, 7442.0]]}}}
{"jsonrpc": "2.0", "method": "subscription", "params": {"channel": "book.ETH-12SEP25.none.20.100ms", "data": {"timestamp": 1756844911887, "change_id": 84923474256, "instrument_name": "ETH-12SEP25", "bids": [[4308.0, 2300.0], [4307.75, 3292.0], [4307.5, 7639.0], [4307.25, 300.0], [4307.0, 10641.0], [4306.75, 37618.0], [4306.5, 20097.0], [4305.75, 5368.0], [4305.5, 15839.0], [4302.75, 620.0], [4301.5, 616.0], [4301.0, 599.0], [4300.5, 604.0], [4299.0, 603.0], [4298.75, 2064.0], [4298.5, 6880.0], [4298.25, 6768.0], [4298.0, 41761.0], [4297.5, 90610.0], [4296.5, 606.0]], "asks": [[4308.5, 160.0], [4309.0, 3153.0], [4309.25, 23030.0], [4309.5, 7639.0], [4311.0, 3693.0], [4311.25, 12311.0], [4312.75, 620.0], [4313.25, 5368.0], [4313.5, 15839.0], [4314.75, 620.0], [4315.25, 2456.0], [4315.5, 6182.0], [4316.75, 606.0], [4317.0, 246.0], [4317.25, 820.0], [4317.75, 6117.0], [4318.0, 18345.0], [4318.25, 11163.0], [4318.5, 35219.0], [4318.75, 621.0]]}}}
{"jsonrpc": "2.0", "method": "subscription", "params": {"channel": "book.ETH-5SEP25.none.20.100ms", "data": {"timestamp": 1756844911972, "change_id": 84923474440, "instrument_name": "ETH-5SEP25", "bids": [[4304.75, 2100.0], [4304.5, 1040.0], [4304.25, 6774.0], [4304.0, 19910.0], [4303.75, 1847.0], [4303.5, 1750.0], [4303.0, 1.0], [4302.75, 266.0], [4302.5, 887.0], [4302.25, 1.0], [4301.75, 266.0], [4301.5, 8334.0], [4301.25, 24822.0], [4301.0, 887.0], [4300.0, 11.0], [4299.5, 20.0], [4297.75, 609.0], [4297.5, 2140.0], [4297.25, 6568.0], [4297.0, 22780.0]], "asks": [[4305.5, 510.0], [4305.75, 2200.0], [4306.0, 1583.0], [4306.25, 8283.0], [4306.5, 19110.0], [4307.25, 3692.0], [4307.5, 12306.0], [4307.75, 800.0], [4308.0, 11.0], [4308.75, 1000.0], [4309.25, 5.0], [4311.25, 7876.0], [4311.5, 26365.0], [4312.0, 11.0], [4312.25, 266.0], [4312.5, 887.0], [4312.75, 276.0], [4313.0, 920.0], [4315.0, 267.0], [4315.25, 890.0]]}}}
{"jsonrpc": "2.0", "method": "subscription", "params": {"channel": "book.ETH-12SEP25.none.20.100ms", "data": {"timestamp": 1756844912306, "change_id": 84923474582, "instrument_name": "ETH-12SEP25", "bids": [[4308.0, 2300.0], [4307.75, 3292.0], [4307.5, 7639.0], [4307.25, 300.0], [4307.0, 10641.0], [4306.75, 37618.0], [4306.5, 20097.0], [4305.75, 5368.0], [4305.5, 15839.0], [4302.75, 620.0], [4301.5, 616.0], [4301.0, 599.0], [4300.5, 604.0], [4299.0, 603.0], [4298.75, 2064.0], [4298.5, 6880.0], [4298.25, 6768.0], [4298.0, 41761.0], [4297.5, 90610.0], [4296.5, 606.0]], "asks": [[4308.5, 160.0], [4308.75, 1000.0], [4309.0, 3153.0], [4309.25, 23030.0], [4309.5, 7639.0], [4311.0, 3693.0], [4311.25, 12311.0], [4312.75, 620.0], [4313.25, 5368.0], [4313.5, 15839.0], [4314.75, 620.0], [4315.25, 2456.0], [4315.5, 6182.0], [4316.75, 606.0], [4317.0, 246.0], [4317.25, 820.0], [4317.75, 6117.0], [4318.0, 18345.0], [4318.25, 11163.0], [4318.5, 35219.0]]}}}
{"jsonrpc": "2.0", "method": "subscription", "params": {"channel": "book.ETH-5SEP25.none.20.100ms", "data": {"timestamp": 1756844912774, "change_id": 84923475282, "instrument_name": "ETH-5SEP25", "bids": [[4304.75, 2100.0], [4304.5, 1040.0], [4304.25, 6774.0], [4304.0, 19910.0], [4303.75, 1847.0], [4303.5, 1750.0], [4303.0, 1.0], [4302.75, 266.0], [4302.5, 887.0], [4302.25, 1.0], [4301.75, 266.0], [4301.5, 8334.0], [4301.25, 24822.0], [4301.0, 887.0], [4300.0, 11.0], [4299.5, 20.0], [4297.75, 609.0], [4297.5, 2148.0], [4297.25, 6568.0], [4297.0, 22780.0]], "asks": [[4305.5, 1049.0], [4305.75, 3950.0], [4306.0, 1040.0], [4306.25, 6533.0], [4306.5, 19110.0], [4307.25, 3692.0], [4307.5, 12306.0], [4307.75, 800.0], [4308.0, 11.0], [4308.75, 1000.0], [4309.25, 5.0], [4311.25, 7876.0], [4311.5, 26365.0], [4312.0, 11.0], [4312.25, 266.0], [4312.5, 887.0], [4312.75, 276.0], [4313.0, 920.0], [4315.0, 267.0], [4315.25, 890.0]]}}}
{"jsonrpc": "2.0", "method": "subscription", "params": {"channel": "book.ETH-12SEP25.none.20.100ms", "data": {"timestamp": 1756844913255, "change_id": 84923475962, "instrument_name": "ETH-12SEP25", "bids": [[4308.0, 563.0], [4307.75, 4292.0], [4307.5, 7639.0], [4307.25, 300.0], [4307.0, 10641.0], [4306.75, 37618.0], [4306.5, 20097.0], [4305.75, 5368.0], [4305.5, 15839.0], [4305.25, 623.0], [4303.25, 1902.0], [4303.0, 6340.0], [4302.75, 620.0], [4301.5, 616.0], [4301.0, 599.0], [4300.5, 604.0], [4299.75, 5780.0], [4299.5, 19267.0], [4299.0, 603.0], [4298.75, 2064.0]], "asks": [[4308.5, 160.0], [4308.75, 3050.0], [4309.0, 4379.0], [4309.25, 21280.0], [4309.5, 7639.0], [4311.0, 3693.0], [4311.25, 12311.0], [4312.75, 620.0], [4313.25, 5368.0], [4313.5, 15839.0], [4314.75, 620.0], [4315.25, 2456.0], [4315.5, 6182.0], [4316.75, 606.0], [4317.0, 246.0], [4317.25, 820.0], [4317.75, 6117.0], [4318.0, 18345.0], [4318.25, 11163.0], [4318.5, 35219.0]]}}}
{"jsonrpc": "2.0", "method": "subscription", "params": {"channel": "book.ETH-12SEP25.none.20.100ms", "data": {"timestamp": 1756844913626, "change_id": 84923476499, "instrument_name": "ETH-12SEP25", "bids": [[4307.75, 2292.0], [4307.5, 1000.0], [4307.25, 300.0], [4307.0, 10641.0], [4306.75, 37618.0], [4306.5, 20097.0], [4305.75, 5368.0], [4305.5, 15839.0], [4305.25, 623.0], [4303.25, 1902.0], [4303.0, 6340.0], [4302.75, 620.0], [4301.5, 616.0], [4301.0, 599.0], [4300.5, 604.0], [4299.75, 5780.0], [4299.5, 19267.0], [4299.0, 603.0], [4298.75, 2064.0], [4298.5, 6880.0]], "asks": [[4308.5, 1685.0], [4308.75, 2050.0], [4309.0, 4379.0], [4309.25, 21280.0], [4309.5, 7639.0], [4311.0, 4316.0], [4311.25, 12311.0], [4312.75, 620.0], [4313.25, 5368.0], [4313.5, 15839.0], [4314.75, 620.0], [4315.25, 2456.0], [4315.5, 6182.0], [4316.75, 606.0], [4317.0, 246.0], [4317.25, 820.0], [4317.75, 6117.0], [4318.0, 18345.0], [4318.25, 11163.0], [4318.5, 35219.0]]}}}
{"jsonrpc": "2.0", "method": "subscription", "params": {"channel": "book.ETH-5SEP25.none.20.100ms", "data": {"timestamp": 1756844913619, "change_id": 84923476485, "instrument_name": "ETH-5SEP25", "bids": [[4304.5, 2040.0], [4304.25, 6773.0], [4304.0, 19911.0], [4303.75, 1847.0], [4303.5, 1750.0], [4302.75, 267.0], [4302.5, 887.0], [4302.0, 1.0], [4301.75, 266.0], [4301.5, 8334.0], [4301.25, 25088.0], [4301.0, 887.0], [4300.0, 11.0], [4299.5, 20.0], [4297.75, 609.0], [4297.5, 2148.0], [4297.25, 6568.0], [4297.0, 22780.0], [4296.25, 275.0], [4296.0, 8573.0]], "asks": [[4305.0, 240.0], [4305.25, 1100.0], [4305.5, 2049.0], [4305.75, 2950.0], [4306.0, 1040.0], [4306.25, 6533.0], [4306.5, 19110.0], [4307.25, 3692.0], [4307.5, 12546.0], [4307.75, 1800.0], [4308.0, 11.0], [4309.25, 5.0], [4310.75, 266.0], [4311.0, 888.0], [4311.25, 7876.0], [4311.5, 26365.0], [4312.0, 11.0], [4312.25, 266.0], [4312.5, 887.0], [4312.75, 276.0]]}}}
{"jsonrpc": "2.0", "method": "subscription", "params": {"channel": "book.ETH-5SEP25.none.20.100ms", "data": {"timestamp": 1756844913781, "change_id": 84923477826, "instrument_name": "ETH-5SEP25", "bids": [[4304.5, 800.0], [4304.25, 800.0], [4304.0, 1354.0], [4303.75, 5186.0], [4303.5, 20860.0], [4303.0, 160.0], [4302.75, 267.0], [4302.5, 887.0], [4302.0, 1.0], [4301.75, 266.0], [4301.5, 887.0], [4301.25, 266.0], [4301.0, 887.0], [4300.25, 24822.0], [4300.0, 899.0], [4299.25, 20.0], [4297.75, 2070.0], [4297.5, 7154.0], [4297.25, 6568.0], [4297.0, 22780.0]], "asks": [[4305.0, 240.0], [4305.25, 960.0], [4305.5, 510.0], [4305.75, 8493.0], [4306.0, 20150.0], [4306.25, 800.0], [4306.5, 12304.0], [4307.5, 240.0], [4307.75, 1800.0], [4308.0, 11.0], [4309.25, 5.0], [4310.75, 266.0], [4311.0, 888.0], [4311.25, 7876.0], [4311.5, 26365.0], [4312.0, 11.0], [4312.25, 266.0], [4312.5, 887.0], [4312.75, 276.0], [4313.0, 920.0]]}}}
{"jsonrpc": "2.0", "method": "subscription", "params": {"channel": "book.ETH-12SEP25.none.20.100ms", "data": {"timestamp": 1756844913726, "change_id": 84923477505, "instrument_name": "ETH-12SEP25", "bids": [[4307.75, 7938.0], [4307.5, 1000.0], [4307.25, 300.0], [4307.0, 1536.0], [4306.75, 7742.0], [4306.5, 20097.0], [4306.0, 160.0], [4305.75, 5368.0], [4305.5, 15839.0], [4305.25, 623.0], [4302.75, 620.0], [4301.75, 6340.0], [4301.5, 616.0], [4301.0, 599.0], [4300.5, 604.0], [4299.75, 5780.0], [4299.5, 19267.0], [4299.0, 603.0], [4298.75, 2064.0], [4298.5, 6880.0]], "asks": [[4308.25, 348.0], [4308.5, 1685.0], [4308.75, 2050.0], [4309.0, 6192.0], [4309.25, 21280.0], [4309.5, 7639.0], [4310.0, 3693.0], [4310.25, 12310.0], [4311.0, 623.0], [4312.75, 620.0], [4313.25, 5368.0], [4313.5, 15839.0], [4314.75, 620.0], [4315.25, 2456.0], [4315.5, 6182.0], [4316.75, 606.0], [4317.0, 246.0], [4317.25, 820.0], [4317.75, 6117.0], [4318.0, 18345.0]]}}}
{"jsonrpc": "2.0", "method": "subscription", "params": {"channel": "book.ETH-12SEP25.none.20.100ms", "data": {"timestamp": 1756844914020, "change_id": 84923477975, "instrument_name": "ETH-12SEP25", "bids": [[4307.75, 7938.0], [4307.5, 300.0], [4307.25, 1300.0], [4307.0, 1536.0], [4306.75, 7742.0], [4306.5, 20097.0], [4306.0, 160.0], [4305.75, 4752.0], [4305.5, 15839.0], [4305.25, 623.0], [4302.75, 620.0], [4302.0, 1902.0], [4301.75, 6340.0], [4301.5, 616.0], [4301.0, 599.0], [4300.5, 604.0], [4299.75, 5780.0], [4299.5, 19267.0], [4299.0, 603.0], [4298.75, 2064.0]], "asks": [[4308.25, 1348.0], [4308.5, 1685.0], [4308.75, 2050.0], [4309.0, 6192.0], [4309.25, 21280.0], [4309.5, 7639.0], [4310.0, 3693.0], [4310.25, 12310.0], [4311.0, 623.0], [4312.75, 620.0], [4313.25, 5368.0], [4313.5, 15839.0], [4314.75, 620.0], [4315.25, 2456.0], [4315.5, 6182.0], [4316.75, 606.0], [4317.0, 246.0], [4317.25, 820.0], [4317.75, 6117.0], [4318.0, 18345.0]]}}}
{"jsonrpc": "2.0", "method": "subscription", "params": {"channel": "book.ETH-5SEP25.none.20.100ms", "data": {"timestamp": 1756844914162, "change_id": 84923478410, "instrument_name": "ETH-5SEP25", "bids": [[4304.25, 800.0], [4304.0, 1354.0], [4303.75, 5186.0], [4303.5, 20860.0], [4303.0, 160.0], [4302.75, 267.0], [4302.5, 887.0], [4302.0, 1.0], [4301.75, 266.0], [4301.5, 887.0], [4301.25, 266.0], [4301.0, 887.0], [4300.75, 266.0], [4300.5, 8335.0], [4300.25, 25092.0], [4300.0, 899.0], [4299.25, 20.0], [4297.75, 2070.0], [4297.5, 7154.0], [4297.25, 6568.0]], "asks": [[4305.0, 1043.0], [4305.25, 3710.0], [4305.5, 240.0], [4305.75, 6743.0], [4306.0, 19350.0], [4306.25, 4491.0], [4306.5, 12304.0], [4307.5, 510.0], [4307.75, 1800.0], [4308.0, 11.0], [4309.25, 5.0], [4310.75, 266.0], [4311.0, 888.0], [4311.25, 7876.0], [4311.5, 26365.0], [4312.0, 11.0], [4312.25, 266.0], [4312.5, 887.0], [4312.75, 276.0], [4313.0, 920.0]]}}}
{"jsonrpc": "2.0", "method": "subscription", "params": {"channel": "book.ETH-12SEP25.none.20.100ms", "data": {"timestamp": 1756844914564, "change_id": 84923478994, "instrument_name": "ETH-12SEP25", "bids": [[4307.75, 7938.0], [4307.25, 300.0], [4307.0, 1536.0], [4306.75, 7742.0], [4306.5, 20097.0], [4306.0, 160.0], [4305.75, 4752.0], [4305.5, 15839.0], [4302.75, 620.0], [4302.0, 1902.0], [4301.75, 6340.0], [4301.5, 616.0], [4301.0, 599.0], [4300.5, 604.0], [4299.75, 5780.0], [4299.5, 19267.0], [4299.0, 603.0], [4298.75, 2064.0], [4298.5, 6880.0], [4298.25, 6748.0]], "asks": [[4308.25, 1348.0], [4308.5, 1685.0], [4308.75, 2050.0], [4309.0, 6192.0], [4309.25, 21280.0], [4309.5, 7639.0], [4310.0, 3693.0], [4310.25, 12310.0], [4312.75, 620.0], [4313.25, 5368.0], [4313.5, 15839.0], [4314.75, 620.0], [4315.25, 2456.0], [4315.5, 6182.0], [4316.75, 606.0], [4317.0, 246.0], [4317.25, 820.0], [4317.75, 6117.0], [4318.0, 18345.0], [4318.25, 11183.0]]}}}
{"jsonrpc": "2.0", "method": "subscription", "params": {"channel": "book.ETH-5SEP25.none.20.100ms", "data": {"timestamp": 1756844914358, "change_id": 84923478699, "instrument_name": "ETH-5SEP25", "bids": [[4304.25, 2040.0], [4304.0, 1354.0], [4303.75, 5186.0], [4303.5, 21020.0], [4302.75, 267.0], [4302.5, 887.0], [4302.0, 1.0], [4301.75, 266.0], [4301.5, 887.0], [4301.25, 266.0], [4301.0, 887.0], [4300.75, 266.0], [4300.5, 8335.0], [4300.25, 25092.0], [4300.0, 899.0], [4299.25, 20.0], [4297.75, 2070.0], [4297.5, 7154.0], [4297.25, 6568.0], [4297.0, 22780.0]], "asks": [[4305.0, 1043.0], [4305.25, 3710.0], [4305.5, 240.0], [4305.75, 6743.0], [4306.0, 19350.0], [4306.25, 4491.0], [4306.5, 12304.0], [4307.5, 510.0], [4307.75, 1800.0], [4308.0, 11.0], [4309.25, 5.0], [4310.75, 266.0], [4311.0, 888.0], [4311.25, 7876.0], [4311.5, 26365.0], [4312.0, 11.0], [4312.25, 266.0], [4312.5, 887.0], [4312.75, 276.0], [4313.0, 920.0]]}}}
{"jsonrpc": "2.0", "method": "subscription", "params": {"channel": "book.ETH-5SEP25.none.20.100ms", "data": {"timestamp": 1756844914652, "change_id": 84923479204, "instrument_name": "ETH-5SEP25", "bids": [[4304.25, 2040.0], [4304.0, 1354.0], [4303.75, 5186.0], [4303.5, 21020.0], [4302.75, 266.0], [4302.5, 888.0], [4301.75, 267.0], [4301.5, 887.0], [4301.25, 266.0], [4301.0, 887.0], [4300.75, 266.0], [4300.5, 8335.0], [4300.25, 25092.0], [4300.0, 899.0], [4299.25, 20.0], [4297.75, 2070.0], [4297.5, 7154.0], [4297.25, 6568.0], [4297.0, 22780.0], [4296.25, 275.0]], "asks": [[4305.0, 1043.0], [4305.25, 3710.0], [4305.5, 240.0], [4305.75, 6743.0], [4306.0, 19350.0], [4306.25, 4491.0], [4306.5, 12304.0], [4307.5, 510.0], [4307.75, 1800.0], [4308.0, 11.0], [4309.25, 5.0], [4310.75, 266.0], [4311.0, 888.0], [4311.25, 7876.0], [4311.5, 26365.0], [4312.0, 11.0], [4312.25, 266.0], [4312.5, 887.0], [4312.75, 276.0], [4313.0, 920.0]]}}}
{"jsonrpc": "2.0", "method": "subscription", "params": {"channel": "book.ETH-5SEP25.none.20.100ms", "data": {"timestamp": 1756844915151, "change_id": 84923480001, "instrument_name": "ETH-5SEP25", "bids": [[4304.5, 1000.0], [4304.25, 1040.0], [4304.0, 1040.0], [4303.75, 4299.0], [4303.5, 21020.0], [4302.5, 1.0], [4301.75, 267.0], [4301.5, 887.0], [4301.25, 266.0], [4301.0, 887.0], [4300.75, 266.0], [4300.5, 8335.0], [4300.25, 25092.0], [4300.0, 899.0], [4298.75, 20.0], [4297.75, 2070.0], [4297.5, 7154.0], [4297.25, 6568.0], [4297.0, 22780.0], [4296.25, 275.0]], "asks": [[4305.0, 1043.0], [4305.25, 3950.0], [4305.5, 1040.0], [4305.75, 6743.0], [4306.0, 19350.0], [4306.25, 4491.0], [4306.5, 12304.0], [4307.5, 510.0], [4307.75, 1800.0], [4308.0, 11.0], [4309.25, 5.0], [4310.75, 266.0], [4311.0, 888.0], [4311.25, 7876.0], [4311.5, 26365.0], [4312.0, 11.0], [4312.25, 266.0], [4312.5, 887.0], [4312.75, 276.0], [4313.0, 920.0]]}}}
{"jsonrpc": "2.0", "method": "subscription", "params": {"channel": "book.ETH-12SEP25.none.20.100ms", "data": {"timestamp": 1756844915552, "change_id": 84923480268, "instrument_name": "ETH-12SEP25", "bids": [[4307.75, 7938.0], [4307.5, 1000.0], [4307.25, 300.0], [4307.0, 1536.0], [4306.75, 7742.0], [4306.5, 20097.0], [4306.0, 160.0], [4305.75, 4752.0], [4305.5, 15839.0], [4302.75, 620.0], [4302.0, 1902.0], [4301.75, 6340.0], [4301.5, 616.0], [4301.0, 599.0], [4300.5, 604.0], [4299.75, 5780.0], [4299.5, 19267.0], [4299.0, 603.0], [4298.75, 2064.0], [4298.5, 6880.0]], "asks": [[4308.25, 1348.0], [4308.5, 1685.0], [4308.75, 2050.0], [4309.0, 6192.0], [4309.25, 21280.0], [4309.5, 7639.0], [4310.0, 3693.0], [4310.25, 12310.0], [4312.75, 620.0], [4313.25, 5368.0], [4313.5, 15839.0], [4314.75, 620.0], [4315.25, 2456.0], [4315.5, 6182.0], [4316.75, 606.0], [4317.0, 246.0], [4317.25, 820.0], [4317.75, 6117.0], [4318.0, 18345.0], [4318.25, 11183.0]]}}}
{"jsonrpc": "2.0", "method": "subscription", "params": {"channel": "book.ETH-5SEP25.none.20.100ms", "data": {"timestamp": 1756844915354, "change_id": 84923480047, "instrument_name": "ETH-5SEP25", "bids": [[4304.5, 1000.0], [4304.25, 1040.0], [4304.0, 1040.0], [4303.75, 4299.0], [4303.5, 21020.0], [4302.5, 1.0], [4301.75, 267.0], [4301.5, 887.0], [4301.25, 266.0], [4301.0, 887.0], [4300.75, 266.0], [4300.5, 8335.0], [4300.25, 25092.0], [4300.0, 899.0], [4298.75, 20.0], [4297.75, 2070.0], [4297.5, 7154.0], [4297.25, 6568.0], [4297.0, 22780.0], [4296.25, 275.0]], "asks": [[4305.0, 1043.0], [4305.25, 3950.0], [4305.5, 1040.0], [4305.75, 6743.0], [4306.0, 19350.0], [4306.25, 4491.0], [4306.5, 12304.0], [4307.5, 510.0], [4307.75, 1800.0], [4308.0, 11.0], [4309.25, 5.0], [4310.75, 266.0], [4311.0, 888.0], [4311.25, 7876.0], [4311.5, 26365.0], [4312.0, 11.0], [4312.25, 266.0], [4312.5, 887.0], [4312.75, 276.0], [4313.0, 920.0]]}}}
{"jsonrpc": "2.0", "method": "subscription", "params": {"channel": "book.ETH-12SEP25.none.20.100ms", "data": {"timestamp": 1756844915858, "change_id": 84923481078, "instrument_name": "ETH-12SEP25", "bids": [[4308.0, 2592.0], [4307.75, 8938.0], [4307.25, 300.0], [4307.0, 1536.0], [4306.75, 7742.0], [4306.5, 20257.0], [4305.75, 4752.0], [4305.5, 15839.0], [4302.75, 620.0], [4302.0, 1902.0], [4301.75, 6340.0], [4301.5, 616.0], [4301.0, 599.0], [4300.5, 604.0], [4299.75, 5780.0], [4299.5, 19267.0], [4299.0, 603.0], [4298.75, 2064.0], [4298.5, 6880.0], [4298.25, 6748.0]], "asks": [[4308.5, 1919.0], [4308.75, 3050.0], [4309.0, 6192.0], [4309.25, 21280.0], [4309.5, 7639.0], [4310.0, 3693.0], [4310.25, 12310.0], [4312.75, 620.0], [4313.25, 5368.0], [4313.5, 15839.0], [4314.75, 620.0], [4315.25, 2456.0], [4315.5, 6182.0], [4316.75, 606.0], [4317.0, 246.0], [4317.25, 820.0], [4317.75, 6137.0], [4318.0, 18345.0], [4318.25, 11163.0], [4318.5, 35199.0]]}}}
{"jsonrpc": "2.0", "method": "subscription", "params": {"channel": "book.ETH-5SEP25.none.20.100ms", "data": {"timestamp": 1756844915714, "change_id": 84923480665, "instrument_name": "ETH-5SEP25", "bids": [[4304.75, 1000.0], [4304.25, 1040.0], [4304.0, 1041.0], [4303.75, 4298.0], [4303.5, 21020.0], [4302.75, 1.0], [4302.0, 1.0], [4300.5, 7447.0], [4300.25, 24822.0], [4300.0, 11.0], [4298.75, 20.0], [4297.75, 2070.0], [4297.5, 7154.0], [4297.25, 6568.0], [4297.0, 22780.0], [4296.25, 275.0], [4296.0, 917.0], [4295.25, 20936.0], [4295.0, 25520.0], [4294.75, 90000.0]], "asks": [[4305.0, 888.0], [4305.25, 2950.0], [4305.5, 1040.0], [4305.75, 6743.0], [4306.0, 19586.0], [4306.25, 5379.0], [4306.5, 12304.0], [4306.75, 266.0], [4307.0, 888.0], [4307.5, 510.0], [4307.75, 1800.0], [4308.0, 11.0], [4309.25, 5.0], [4310.75, 266.0], [4311.0, 888.0], [4311.25, 7876.0], [4311.5, 26365.0], [4312.0, 11.0], [4312.25, 266.0], [4312.5, 887.0]]}}}
{"jsonrpc": "2.0", "method": "subscription", "params": {"channel": "book.ETH-12SEP25.none.20.100ms", "data": {"timestamp": 1756844916032, "change_id": 84923481244, "instrument_name": "ETH-12SEP25", "bids": [[4308.0, 2592.0], [4307.75, 8938.0], [4307.25, 300.0], [4307.0, 1536.0], [4306.75, 7742.0], [4306.5, 20257.0], [4305.75, 4752.0], [4305.5, 15839.0], [4302.75, 620.0], [4302.0, 1902.0], [4301.75, 6340.0], [4301.5, 616.0], [4301.0, 599.0], [4300.5, 604.0], [4299.75, 5780.0], [4299.5, 19267.0], [4299.0, 603.0], [4298.75, 2064.0], [4298.5, 6880.0], [4298.25, 6748.0]], "asks": [[4308.5, 2685.0], [4308.75, 2050.0], [4309.0, 6192.0], [4309.25, 21280.0], [4309.5, 7639.0], [4310.0, 3693.0], [4310.25, 12310.0], [4312.75, 620.0], [4313.25, 5368.0], [4313.5, 15839.0], [4314.75, 620.0], [4315.25, 2456.0], [4315.5, 6182.0], [4316.75, 606.0], [4317.0, 246.0], [4317.25, 820.0], [4317.75, 6137.0], [4318.0, 18345.0], [4318.25, 11163.0], [4318.5, 35199.0]]}}}
{"jsonrpc": "2.0", "method": "subscription", "params": {"channel": "book.ETH-5SEP25.none.20.100ms", "data": {"timestamp": 1756844916233, "change_id": 84923481299, "instrument_name": "ETH-5SEP25", "bids": [[4304.75, 1000.0], [4304.25, 1040.0], [4304.0, 1040.0], [4303.75, 4299.0], [4303.5, 21020.0], [4302.5, 1.0], [4302.0, 1.0], [4300.5, 7447.0], [4300.25, 24822.0], [4300.0, 11.0], [4298.75, 20.0], [4297.75, 2070.0], [4297.5, 7154.0], [4297.25, 6568.0], [4297.0, 22780.0], [4296.25, 275.0], [4296.0, 917.0], [4295.25, 20936.0], [4295.0, 25520.0], [4294.75, 90000.0]], "asks": [[4305.0, 888.0], [4305.25, 3220.0], [4305.5, 2040.0], [4305.75, 6743.0], [4306.0, 19586.0], [4306.25, 5379.0], [4306.5, 12304.0], [4306.75, 266.0], [4307.0, 888.0], [4307.5, 240.0], [4307.75, 1000.0], [4308.0, 11.0], [4309.25, 5.0], [4310.75, 266.0], [4311.0, 888.0], [4311.25, 7876.0], [4311.5, 26365.0], [4312.0, 11.0], [4312.25, 266.0], [4312.5, 887.0]]}}}
{"jsonrpc": "2.0", "method": "subscription", "params": {"channel": "book.ETH-12SEP25.none.20.100ms", "data": {"timestamp": 1756844916599, "change_id": 84923481907, "instrument_name": "ETH-12SEP25", "bids": [[4308.0, 2592.0], [4307.75, 8938.0], [4307.25, 300.0], [4307.0, 1536.0], [4306.75, 7742.0], [4306.5, 20257.0], [4305.75, 4752.0], [4305.5, 15839.0], [4302.75, 620.0], [4302.0, 1902.0], [4301.75, 6340.0], [4301.5, 616.0], [4301.0, 599.0], [4300.5, 604.0], [4299.75, 5780.0], [4299.5, 19267.0], [4299.0, 603.0], [4298.75, 2064.0], [4298.5, 6880.0], [4298.25, 6748.0]], "asks": [[4308.5, 1555.0], [4308.75, 2050.0], [4309.0, 6192.0], [4309.25, 21280.0], [4309.5, 7639.0], [4310.0, 3693.0], [4310.25, 12310.0], [4312.75, 620.0], [4313.25, 5368.0], [4313.5, 15839.0], [4314.75, 620.0], [4315.25, 2456.0], [4315.5, 6182.0], [4316.75, 606.0], [4317.0, 246.0], [4317.25, 820.0], [4317.75, 6117.0], [4318.0, 18365.0], [4318.25, 11163.0], [4318.5, 35199.0]]}}}
{"jsonrpc": "2.0", "method": "subscription", "params": {"channel": "book.ETH-5SEP25.none.20.100ms", "data": {"timestamp": 1756844916561, "change_id": 84923481814, "instrument_name": "ETH-5SEP25", "bids": [[4304.75, 1000.0], [4304.5, 240.0], [4304.25, 1040.0], [4304.0, 1040.0], [4303.75, 6670.0], [4303.5, 21020.0], [4302.5, 1.0], [4302.0, 1.0], [4300.5, 7447.0], [4300.25, 24822.0], [4300.0, 11.0], [4299.0, 20.0], [4298.5, 266.0], [4298.25, 888.0], [4297.75, 2070.0], [4297.5, 7154.0], [4297.25, 6568.0], [4297.0, 22780.0], [4296.25, 275.0], [4296.0, 917.0]], "asks": [[4305.0, 888.0], [4305.25, 700.0], [4305.5, 2535.0], [4305.75, 8493.0], [4306.0, 19586.0], [4306.25, 5379.0], [4306.5, 12304.0], [4306.75, 266.0], [4307.0, 888.0], [4307.5, 240.0], [4307.75, 1000.0], [4308.0, 11.0], [4309.25, 5.0], [4310.75, 266.0], [4311.0, 888.0], [4311.25, 7876.0], [4311.5, 26365.0], [4312.0, 11.0], [4312.25, 266.0], [4312.5, 887.0]]}}}
{"jsonrpc": "2.0", "method": "subscription", "params": {"channel": "book.ETH-5SEP25.none.20.100ms", "data": {"timestamp": 1756844916914, "change_id": 84923482686, "instrument_name": "ETH-5SEP25", "bids": [[4304.75, 1000.0], [4304.5, 240.0], [4304.25, 1040.0], [4304.0, 1040.0], [4303.75, 6670.0], [4303.5, 21020.0], [4302.5, 1.0], [4300.75, 1.0], [4300.5, 7447.0], [4300.25, 24822.0], [4300.0, 11.0], [4299.0, 20.0], [4298.5, 266.0], [4298.25, 888.0], [4297.75, 2070.0], [4297.5, 7154.0], [4297.25, 6568.0], [4297.0, 22780.0], [4296.25, 275.0], [4296.0, 917.0]], "asks": [[4305.0, 888.0], [4305.25, 1400.0], [4305.5, 1535.0], [4305.75, 8493.0], [4306.0, 19586.0], [4306.25, 5379.0], [4306.5, 12304.0], [4306.75, 266.0], [4307.0, 888.0], [4307.5, 240.0], [4307.75, 1000.0], [4308.0, 11.0], [4309.25, 5.0], [4310.75, 266.0], [4311.0, 888.0], [4311.25, 7876.0], [4311.5, 26365.0], [4312.0, 11.0], [4312.25, 266.0], [4312.5, 887.0]]}}}
{"jsonrpc": "2.0", "method": "subscription", "params": {"channel": "book.ETH-12SEP25.none.20.100ms", "data": {"timestamp": 1756844917037, "change_id": 84923482842, "instrument_name": "ETH-12SEP25", "bids": [[4308.0, 2592.0], [4307.75, 7938.0], [4307.5, 1000.0], [4307.25, 300.0], [4307.0, 1536.0], [4306.75, 7742.0], [4306.5, 20257.0], [4305.75, 4752.0], [4305.5, 15839.0], [4302.75, 620.0], [4302.0, 1902.0], [4301.75, 6340.0], [4301.5, 616.0], [4301.0, 599.0], [4300.5, 604.0], [4299.75, 5780.0], [4299.5, 19267.0], [4299.0, 603.0], [4298.75, 2064.0], [4298.5, 6880.0]], "asks": [[4308.5, 1555.0], [4308.75, 2050.0], [4309.0, 6192.0], [4309.25, 21280.0], [4309.5, 7639.0], [4310.0, 3693.0], [4310.25, 12310.0], [4312.75, 620.0], [4313.25, 5368.0], [4313.5, 15839.0], [4314.75, 620.0], [4315.25, 2456.0], [4315.5, 6182.0], [4316.75, 606.0], [4317.0, 246.0], [4317.25, 820.0], [4317.75, 6117.0], [4318.0, 18365.0], [4318.25, 11163.0], [4318.5, 35199.0]]}}}
{"jsonrpc": "2.0", "method": "subscription", "params": {"channel": "book.ETH-5SEP25.none.20.100ms", "data": {"timestamp": 1756844917161, "change_id": 84923482869, "instrument_name": "ETH-5SEP25", "bids": [[4304.5, 1240.0], [4304.25, 1040.0], [4304.0, 1041.0], [4303.75, 6669.0], [4303.5, 21020.0], [4302.75, 1.0], [4301.0, 1.0], [4300.5, 7447.0], [4300.25, 24822.0], [4300.0, 11.0], [4299.0, 20.0], [4298.5, 266.0], [4298.25, 888.0], [4297.75, 2070.0], [4297.5, 7154.0], [4297.25, 6568.0], [4297.0, 22780.0], [4296.25, 275.0], [4296.0, 917.0], [4295.25, 20936.0]], "asks": [[4305.25, 1400.0], [4305.5, 1535.0], [4305.75, 8493.0], [4306.0, 19350.0], [4306.25, 4491.0], [4306.5, 12304.0], [4306.75, 888.0], [4307.5, 240.0], [4307.75, 1000.0], [4308.0, 11.0], [4309.25, 5.0], [4310.75, 266.0], [4311.0, 888.0], [4311.25, 7876.0], [4311.5, 26365.0], [4312.0, 11.0], [4312.25, 266.0], [4312.5, 887.0], [4312.75, 276.0], [4313.0, 920.0]]}}}
{"jsonrpc": "2.0", "method": "subscription", "params": {"channel": "book.ETH-12SEP25.none.20.100ms", "data": {"timestamp": 1756844917728, "change_id": 84923483497, "instrument_name": "ETH-12SEP25", "bids": [[4308.0, 2592.0], [4307.75, 7938.0], [4307.5, 1000.0], [4307.25, 300.0], [4307.0, 1536.0], [4306.75, 7742.0], [4306.5, 20257.0], [4305.75, 4752.0], [4305.5, 15839.0], [4302.75, 620.0], [4302.0, 1902.0], [4301.75, 6340.0], [4301.0, 599.0], [4300.5, 604.0], [4299.75, 5780.0], [4299.5, 19267.0], [4299.0, 603.0], [4298.75, 2064.0], [4298.5, 6880.0], [4298.25, 6748.0]], "asks": [[4308.5, 1555.0], [4308.75, 2050.0], [4309.0, 6192.0], [4309.25, 21280.0], [4309.5, 7639.0], [4310.0, 3693.0], [4310.25, 12310.0], [4312.75, 620.0], [4313.25, 5368.0], [4313.5, 15839.0], [4314.75, 620.0], [4315.25, 2456.0], [4315.5, 6182.0], [4316.75, 606.0], [4317.0, 246.0], [4317.25, 820.0], [4317.75, 6117.0], [4318.0, 18365.0], [4318.25, 11163.0], [4318.5, 35199.0]]}}}
{"jsonrpc": "2.0", "method": "subscription", "params": {"channel": "book.ETH-12SEP25.none.20.100ms", "data": {"timestamp": 1756844918199, "change_id": 84923483978, "instrument_name": "ETH-12SEP25", "bids": [[4308.0, 2592.0], [4307.75, 7938.0], [4307.5, 1000.0], [4307.25, 300.0], [4307.0, 1536.0], [4306.75, 7742.0], [4306.5, 20257.0], [4305.0, 623.0], [4304.75, 4752.0], [4304.5, 15839.0], [4302.75, 620.0], [4302.0, 1902.0], [4301.75, 6340.0], [4301.0, 599.0], [4300.5, 604.0], [4299.75, 5780.0], [4299.5, 19267.0], [4299.0, 603.0], [4298.75, 2064.0], [4298.5, 6880.0]], "asks": [[4308.5, 1555.0], [4308.75, 2050.0], [4309.0, 6192.0], [4309.25, 21280.0], [4309.5, 7639.0], [4310.0, 3693.0], [4310.25, 12310.0], [4312.75, 620.0], [4313.25, 5368.0], [4313.5, 15839.0], [4314.75, 620.0], [4315.25, 2456.0], [4315.5, 6182.0], [4316.75, 606.0], [4317.0, 246.0], [4317.25, 820.0], [4317.75, 6117.0], [4318.0, 18365.0], [4318.25, 11163.0], [4318.5, 35199.0]]}}}
{"jsonrpc": "2.0", "method": "subscription", "params": {"channel": "book.ETH-5SEP25.none.20.100ms", "data": {"timestamp": 1756844918147, "change_id": 84923483965, "instrument_name": "ETH-5SEP25", "bids": [[4304.5, 2040.0], [4304.25, 1040.0], [4304.0, 1041.0], [4303.75, 6669.0], [4303.5, 21020.0], [4302.75, 1.0], [4301.25, 1.0], [4301.0, 888.0], [4300.5, 7447.0], [4300.25, 24822.0], [4300.0, 11.0], [4299.0, 20.0], [4298.5, 266.0], [4298.25, 888.0], [4297.75, 2070.0], [4297.5, 7154.0], [4297.25, 6568.0], [4297.0, 22780.0], [4296.25, 275.0], [4296.0, 917.0]], "asks": [[4305.25, 1400.0], [4305.5, 1535.0], [4305.75, 8493.0], [4306.0, 19350.0], [4306.25, 4491.0], [4306.5, 12304.0], [4306.75, 888.0], [4307.5, 240.0], [4307.75, 1000.0], [4308.0, 11.0], [4309.25, 5.0], [4310.75, 266.0], [4311.0, 888.0], [4311.25, 7876.0], [4311.5, 26365.0], [4312.0, 11.0], [4312.25, 266.0], [4312.5, 887.0], [4312.75, 276.0], [4313.0, 920.0]]}}}
{"jsonrpc": "2.0", "method": "subscription", "params": {"channel": "book.ETH-5SEP25.none.20.100ms", "data": {"timestamp": 1756844918543, "change_id": 84923484409, "instrument_name": "ETH-5SEP25", "bids": [[4304.5, 2040.0], [4304.25, 1040.0], [4304.0, 1041.0], [4303.75, 6669.0], [4303.5, 21020.0], [4302.75, 1.0], [4301.5, 1.0], [4301.0, 888.0], [4300.5, 8335.0], [4300.25, 24822.0], [4300.0, 11.0], [4299.0, 20.0], [4298.5, 266.0], [4298.25, 888.0], [4297.75, 2070.0], [4297.5, 7154.0], [4297.25, 6568.0], [4297.0, 22780.0], [4296.25, 275.0], [4296.0, 917.0]], "asks": [[4305.0, 348.0], [4305.25, 1400.0], [4305.5, 1535.0], [4305.75, 8493.0], [4306.0, 19350.0], [4306.25, 4491.0], [4306.5, 12304.0], [4307.5, 240.0], [4307.75, 1000.0], [4308.0, 11.0], [4309.25, 5.0], [4310.75, 266.0], [4311.0, 888.0], [4311.25, 7876.0], [4311.5, 26365.0], [4312.0, 11.0], [4312.25, 266.0], [4312.5, 887.0], [4312.75, 276.0], [4313.0, 920.0]]}}}
{"jsonrpc": "2.0", "method": "subscription", "params": {"channel": "book.ETH-5SEP25.none.20.100ms", "data": {"timestamp": 1756844918805, "change_id": 84923485035, "instrument_name": "ETH-5SEP25", "bids": [[4304.5, 2040.0], [4304.25, 1276.0], [4304.0, 1928.0], [4303.75, 6670.0], [4303.5, 21020.0], [4301.75, 1.0], [4301.5, 1.0], [4301.0, 888.0], [4300.5, 8335.0], [4300.25, 24822.0], [4300.0, 11.0], [4299.0, 20.0], [4298.5, 266.0], [4298.25, 888.0], [4297.75, 2070.0], [4297.5, 7154.0], [4297.25, 6568.0], [4297.0, 22780.0], [4296.25, 275.0], [4296.0, 917.0]], "asks": [[4305.0, 830.0], [4305.25, 3150.0], [4305.5, 1040.0], [4305.75, 6743.0], [4306.0, 19350.0], [4306.25, 4491.0], [4306.5, 12304.0], [4307.5, 240.0], [4307.75, 1000.0], [4308.0, 11.0], [4309.25, 5.0], [4310.75, 266.0], [4311.0, 888.0], [4311.25, 7876.0], [4311.5, 26365.0], [4312.0, 11.0], [4312.25, 266.0], [4312.5, 887.0], [4312.75, 276.0], [4313.0, 920.0]]}}}
{"jsonrpc": "2.0", "method": "subscription", "params": {"channel": "book.ETH-12SEP25.none.20.100ms", "data": {"timestamp": 1756844919014, "change_id": 84923485295, "instrument_name": "ETH-12SEP25", "bids": [[4308.0, 2592.0], [4307.75, 7938.0], [4307.5, 1000.0], [4307.25, 300.0], [4307.0, 1536.0], [4306.75, 7742.0], [4306.5, 20257.0], [4305.0, 623.0], [4304.75, 4752.0], [4304.5, 15839.0], [4302.75, 620.0], [4302.5, 1902.0], [4302.25, 6340.0], [4301.0, 599.0], [4300.5, 604.0], [4299.75, 5780.0], [4299.5, 19267.0], [4299.0, 603.0], [4298.75, 2064.0], [4298.5, 6880.0]], "asks": [[4308.5, 1555.0], [4308.75, 2050.0], [4309.0, 6192.0], [4309.25, 21280.0], [4309.5, 7639.0], [4310.0, 3693.0], [4310.25, 12310.0], [4312.75, 620.0], [4313.25, 5368.0], [4313.5, 15839.0], [4314.75, 620.0], [4315.25, 2456.0], [4315.5, 6182.0], [4316.75, 606.0], [4317.0, 246.0], [4317.25, 820.0], [4317.75, 6117.0], [4318.0, 18365.0], [4318.25, 11163.0], [4318.5, 35199.0]]}}}
{"jsonrpc": "2.0", "method": "subscription", "params": {"channel": "book.ETH-5SEP25.none.20.100ms", "data": {"timestamp": 1756844919140, "change_id": 84923485315, "instrument_name": "ETH-5SEP25", "bids": [[4304.5, 1800.0], [4304.25, 1276.0], [4304.0, 1928.0], [4303.75, 6670.0], [4303.5, 21020.0], [4301.75, 2.0], [4301.25, 266.0], [4301.0, 888.0], [4300.5, 8335.0], [4300.25, 24822.0], [4300.0, 11.0], [4299.0, 20.0], [4298.5, 266.0], [4298.25, 888.0], [4297.75, 2070.0], [4297.5, 7154.0], [4297.25, 6568.0], [4297.0, 22780.0], [4296.25, 275.0], [4296.0, 917.0]], "asks": [[4305.0, 830.0], [4305.25, 3150.0], [4305.5, 1040.0], [4305.75, 6743.0], [4306.0, 19350.0], [4306.25, 4491.0], [4306.5, 12304.0], [4307.5, 240.0], [4307.75, 1000.0], [4308.0, 11.0], [4309.25, 5.0], [4310.75, 266.0], [4311.0, 888.0], [4311.25, 7876.0], [4311.5, 26365.0], [4312.0, 11.0], [4312.25, 266.0], [4312.5, 887.0], [4312.75, 276.0], [4313.0, 920.0]]}}}
{"jsonrpc": "2.0", "method": "subscription", "params": {"channel": "book.ETH-5SEP25.none.20.100ms", "data": {"timestamp": 1756844919544, "change_id": 84923485547, "instrument_name": "ETH-5SEP25", "bids": [[4304.5, 1800.0], [4304.25, 1276.0], [4304.0, 1928.0], [4303.75, 6670.0], [4303.5, 21020.0], [4302.0, 1.0], [4301.75, 1.0], [4301.25, 266.0], [4301.0, 888.0], [4300.75, 24822.0], [4300.5, 888.0], [4300.0, 11.0], [4299.0, 20.0], [4298.5, 266.0], [4298.25, 888.0], [4297.75, 2070.0], [4297.5, 7154.0], [4297.25, 6568.0], [4297.0, 22780.0], [4296.25, 275.0]], "asks": [[4305.0, 830.0], [4305.25, 3150.0], [4305.5, 1040.0], [4305.75, 6743.0], [4306.0, 19350.0], [4306.25, 4491.0], [4306.5, 12304.0], [4307.5, 240.0], [4307.75, 1000.0], [4308.0, 11.0], [4309.25, 5.0], [4310.75, 266.0], [4311.0, 888.0], [4311.25, 7876.0], [4311.5, 26365.0], [4312.0, 11.0], [4312.25, 266.0], [4312.5, 887.0], [4312.75, 276.0], [4313.0, 920.0]]}}}
{"jsonrpc": "2.0", "method": "subscription", "params": {"channel": "book.ETH-5SEP25.none.20.100ms", "data": {"timestamp": 1756844919760, "change_id": 84923486085, "instrument_name": "ETH-5SEP25", "bids": [[4304.5, 1800.0], [4304.25, 1276.0], [4304.0, 1928.0], [4303.75, 6670.0], [4303.5, 21020.0], [4302.0, 1.0], [4301.75, 1.0], [4301.25, 266.0], [4301.0, 888.0], [4300.75, 24822.0], [4300.5, 888.0], [4300.0, 11.0], [4299.0, 20.0], [4298.5, 266.0], [4298.25, 888.0], [4297.75, 2070.0], [4297.5, 7154.0], [4297.25, 6568.0], [4297.0, 22780.0], [4296.25, 275.0]], "asks": [[4305.0, 348.0], [4305.25, 2420.0], [4305.5, 2040.0], [4305.75, 6743.0], [4306.0, 19350.0], [4306.25, 4491.0], [4306.5, 12304.0], [4307.5, 240.0], [4307.75, 1000.0], [4308.0, 11.0], [4309.25, 5.0], [4310.75, 266.0], [4311.0, 888.0], [4311.25, 7876.0], [4311.5, 26365.0], [4312.0, 11.0], [4312.25, 266.0], [4312.5, 887.0], [4312.75, 276.0], [4313.0, 920.0]]}}}
{"jsonrpc": "2.0", "method": "subscription", "params": {"channel": "book.ETH-12SEP25.none.20.100ms", "data": {"timestamp": 1756844919759, "change_id": 84923486084, "instrument_name": "ETH-12SEP25", "bids": [[4308.0, 2592.0], [4307.75, 8938.0], [4307.25, 300.0], [4307.0, 1536.0], [4306.75, 7742.0], [4306.5, 20257.0], [4305.0, 623.0], [4304.75, 4752.0], [4304.5, 15839.0], [4302.75, 620.0], [4302.5, 1902.0], [4302.25, 6340.0], [4301.0, 599.0], [4300.5, 604.0], [4299.75, 5780.0], [4299.5, 19267.0], [4299.0, 603.0], [4298.75, 2064.0], [4298.5, 6880.0], [4298.25, 6748.0]], "asks": [[4308.5, 1555.0], [4308.75, 2050.0], [4309.0, 6192.0], [4309.25, 21280.0], [4309.5, 7639.0], [4310.0, 3693.0], [4310.25, 12310.0], [4312.75, 620.0], [4313.25, 5368.0], [4313.5, 15839.0], [4314.75, 620.0], [4315.25, 2456.0], [4315.5, 6182.0], [4316.75, 606.0], [4317.0, 246.0], [4317.25, 820.0], [4317.75, 6117.0], [4318.0, 18365.0], [4318.25, 11163.0], [4318.5, 35199.0]]}}}
{"jsonrpc": "2.0", "method": "subscription", "params": {"channel": "book.ETH-12SEP25.none.20.100ms", "data": {"timestamp": 1756844920168, "change_id": 84923486784, "instrument_name": "ETH-12SEP25", "bids": [[4307.5, 7635.0], [4307.25, 300.0], [4307.0, 1536.0], [4306.75, 7742.0], [4306.5, 20257.0], [4305.0, 623.0], [4304.75, 4752.0], [4304.5, 15839.0], [4302.75, 620.0], [4302.5, 1902.0], [4302.25, 6340.0], [4301.0, 599.0], [4300.5, 604.0], [4299.75, 5780.0], [4299.5, 19267.0], [4299.0, 603.0], [4298.75, 2064.0], [4298.5, 6880.0], [4298.25, 6748.0], [4298.0, 22494.0]], "asks": [[4308.0, 948.0], [4308.25, 3098.0], [4308.5, 1395.0], [4308.75, 1300.0], [4309.0, 6192.0], [4309.25, 21280.0], [4309.5, 7639.0], [4310.0, 3693.0], [4310.25, 12310.0], [4312.75, 620.0], [4313.25, 5368.0], [4313.5, 15839.0], [4314.75, 620.0], [4315.25, 2456.0], [4315.5, 6182.0], [4316.75, 606.0], [4317.0, 246.0], [4317.25, 820.0], [4317.75, 6117.0], [4318.0, 18365.0]]}}}
{"jsonrpc": "2.0", "method": "subscription", "params": {"channel": "book.ETH-5SEP25.none.20.100ms", "data": {"timestamp": 1756844920143, "change_id": 84923486770, "instrument_name": "ETH-5SEP25", "bids": [[4304.25, 800.0], [4304.0, 1040.0], [4303.75, 6669.0], [4303.5, 21021.0], [4303.25, 888.0], [4302.5, 1.0], [4301.5, 1.0], [4301.25, 266.0], [4301.0, 8335.0], [4300.75, 24822.0], [4300.5, 888.0], [4300.0, 11.0], [4299.0, 20.0], [4298.5, 266.0], [4298.25, 888.0], [4297.75, 2070.0], [4297.5, 7154.0], [4297.25, 6568.0], [4297.0, 22780.0], [4296.25, 275.0]], "asks": [[4304.75, 300.0], [4305.0, 1348.0], [4305.25, 2150.0], [4305.5, 1040.0], [4305.75, 6743.0], [4306.0, 19350.0], [4306.25, 4491.0], [4306.5, 12604.0], [4306.75, 1000.0], [4308.0, 11.0], [4309.25, 5.0], [4310.75, 266.0], [4311.0, 888.0], [4311.25, 7876.0], [4311.5, 26365.0], [4312.0, 11.0], [4312.25, 266.0], [4312.5, 887.0], [4312.75, 276.0], [4313.0, 920.0]]}}}
{"jsonrpc": "2.0", "method": "subscription", "params": {"channel": "book.ETH-12SEP25.none.20.100ms", "data": {"timestamp": 1756844920510, "change_id": 84923487658, "instrument_name": "ETH-12SEP25", "bids": [[4307.0, 2000.0], [4306.75, 300.0], [4306.5, 1000.0], [4305.75, 19257.0], [4305.25, 1750.0], [4305.0, 623.0], [4304.75, 4752.0], [4304.5, 16462.0], [4302.75, 620.0], [4301.5, 1902.0], [4301.25, 6340.0], [4301.0, 599.0], [4300.5, 604.0], [4299.0, 603.0], [4298.75, 2064.0], [4298.5, 26147.0], [4298.25, 6748.0], [4298.0, 33060.0], [4297.75, 35219.0], [4297.5, 90610.0]], "asks": [[4307.5, 160.0], [4307.75, 300.0], [4308.0, 1300.0], [4308.25, 7057.0], [4308.5, 20492.0], [4308.75, 7935.0], [4310.0, 3693.0], [4310.25, 12310.0], [4312.75, 620.0], [4313.25, 5368.0], [4313.5, 15839.0], [4314.75, 620.0], [4315.25, 2456.0], [4315.5, 6182.0], [4315.75, 623.0], [4316.25, 623.0], [4316.5, 18345.0], [4316.75, 606.0], [4317.0, 246.0], [4317.25, 820.0]]}}}
{"jsonrpc": "2.0", "method": "subscription", "params": {"channel": "book.ETH-5SEP25.none.20.100ms", "data": {"timestamp": 1756844920564, "change_id": 84923487616, "instrument_name": "ETH-5SEP25", "bids": [[4303.75, 800.0], [4303.5, 1.0], [4303.25, 4086.0], [4303.0, 19376.0], [4302.75, 1048.0], [4302.5, 525.0], [4302.25, 2638.0], [4301.75, 1.0], [4301.5, 1.0], [4301.0, 7447.0], [4300.75, 24822.0], [4300.25, 888.0], [4300.0, 11.0], [4299.0, 20.0], [4297.75, 2070.0], [4297.5, 7154.0], [4297.25, 6568.0], [4297.0, 22780.0], [4296.25, 275.0], [4296.0, 917.0]], "asks": [[4304.5, 1044.0], [4304.75, 3950.0], [4305.0, 800.0], [4305.25, 5943.0], [4305.5, 20150.0], [4305.75, 800.0], [4306.0, 240.0], [4306.25, 4491.0], [4306.5, 12604.0], [4306.75, 1000.0], [4308.0, 11.0], [4309.25, 5.0], [4310.75, 266.0], [4311.0, 888.0], [4311.25, 7876.0], [4311.5, 26365.0], [4312.0, 11.0], [4312.25, 266.0], [4312.5, 887.0], [4312.75, 276.0]]}}}
{"jsonrpc": "2.0", "method": "subscription", "params": {"channel": "book.ETH-12SEP25.none.20.100ms", "data": {"timestamp": 1756844920739, "change_id": 84923488341, "instrument_name": "ETH-12SEP25", "bids": [[4307.25, 7635.0], [4307.0, 1000.0], [4306.75, 300.0], [4306.5, 1000.0], [4306.0, 1000.0], [4305.75, 21007.0], [4305.0, 623.0], [4304.75, 4752.0], [4304.5, 16462.0], [4302.75, 620.0], [4301.5, 1902.0], [4301.25, 6340.0], [4301.0, 599.0], [4300.5, 604.0], [4299.0, 603.0], [4298.75, 2064.0], [4298.5, 26147.0], [4298.25, 6748.0], [4298.0, 33060.0], [4297.75, 35219.0]], "asks": [[4307.5, 160.0], [4307.75, 2050.0], [4308.0, 1000.0], [4308.25, 5307.0], [4308.5, 20492.0], [4308.75, 7935.0], [4310.0, 3693.0], [4310.25, 12310.0], [4312.75, 620.0], [4313.25, 5368.0], [4313.5, 15839.0], [4314.75, 620.0], [4315.25, 2456.0], [4315.5, 6182.0], [4316.25, 623.0], [4316.5, 18345.0], [4316.75, 606.0], [4317.0, 246.0], [4317.25, 820.0], [4317.75, 613.0]]}}}
{"jsonrpc": "2.0", "method": "subscription", "params": {"channel": "book.ETH-5SEP25.none.20.100ms", "data": {"timestamp": 1756844920739, "change_id": 84923488558, "instrument_name": "ETH-5SEP25", "bids": [[4303.75, 800.0], [4303.5, 1.0], [4303.25, 4086.0], [4303.0, 19376.0], [4302.75, 2798.0], [4302.25, 888.0], [4301.75, 1.0], [4301.5, 1.0], [4301.0, 7447.0], [4300.75, 24822.0], [4300.25, 888.0], [4300.0, 11.0], [4299.0, 20.0], [4297.75, 2070.0], [4297.5, 7154.0], [4297.25, 6568.0], [4297.0, 22780.0], [4296.25, 275.0], [4296.0, 917.0], [4295.25, 28592.0]], "asks": [[4304.5, 1044.0], [4304.75, 3950.0], [4305.0, 800.0], [4305.25, 5943.0], [4305.5, 20150.0], [4305.75, 800.0], [4306.0, 240.0], [4306.25, 4491.0], [4306.5, 12604.0], [4306.75, 1000.0], [4308.0, 11.0], [4309.25, 5.0], [4310.75, 266.0], [4311.0, 888.0], [4311.25, 7876.0], [4311.5, 26365.0], [4312.0, 11.0], [4312.25, 266.0], [4312.5, 887.0], [4312.75, 276.0]]}}}
{"jsonrpc": "2.0", "method": "subscription", "params": {"channel": "book.ETH-12SEP25.none.20.100ms", "data": {"timestamp": 1756844921114, "change_id": 84923488920, "instrument_name": "ETH-12SEP25", "bids": [[4307.25, 8635.0], [4306.75, 300.0], [4306.5, 1000.0], [4306.0, 1000.0], [4305.75, 21007.0], [4305.0, 623.0], [4304.75, 4752.0], [4304.5, 16462.0], [4302.75, 620.0], [4301.5, 1902.0], [4301.25, 6340.0], [4301.0, 599.0], [4300.5, 604.0], [4299.0, 603.0], [4298.75, 2064.0], [4298.5, 26147.0], [4298.25, 6748.0], [4298.0, 33060.0], [4297.75, 35219.0], [4297.5, 90610.0]], "asks": [[4307.5, 160.0], [4308.0, 1000.0], [4308.25, 5307.0], [4308.5, 22242.0], [4308.75, 7635.0], [4310.0, 3693.0], [4310.25, 12310.0], [4312.75, 620.0], [4313.25, 5368.0], [4313.5, 15839.0], [4314.75, 620.0], [4315.25, 2456.0], [4315.5, 6182.0], [4316.25, 623.0], [4316.5, 18345.0], [4316.75, 606.0], [4317.0, 246.0], [4317.25, 820.0], [4317.75, 613.0], [4318.0, 20.0]]}}}
{"jsonrpc": "2.0", "method": "subscription", "params": {"channel": "book.ETH-5SEP25.none.20.100ms", "data": {"timestamp": 1756844921085, "change_id": 84923488911, "instrument_name": "ETH-5SEP25", "bids": [[4304.0, 800.0], [4303.75, 800.0], [4303.5, 1.0], [4303.25, 4086.0], [4303.0, 19376.0], [4302.75, 1910.0], [4302.25, 888.0], [4302.0, 1.0], [4301.25, 1.0], [4301.0, 7447.0], [4300.75, 24822.0], [4300.25, 888.0], [4300.0, 11.0], [4299.0, 20.0], [4297.75, 2070.0], [4297.5, 7154.0], [4297.25, 6568.0], [4297.0, 22780.0], [4296.25, 275.0], [4296.0, 917.0]], "asks": [[4304.75, 3950.0], [4305.0, 800.0], [4305.25, 5943.0], [4305.5, 19350.0], [4305.75, 800.0], [4306.0, 240.0], [4306.25, 4491.0], [4306.5, 12604.0], [4306.75, 1000.0], [4308.0, 11.0], [4309.25, 5.0], [4310.75, 266.0], [4311.0, 888.0], [4311.25, 7876.0], [4311.5, 26365.0], [4312.0, 11.0], [4312.25, 266.0], [4312.5, 887.0], [4312.75, 276.0], [4313.0, 920.0]]}}}
{"jsonrpc": "2.0", "method": "subscription", "params": {"channel": "book.ETH-12SEP25.none.20.100ms", "data": {"timestamp": 1756844921549, "change_id": 84923489604, "instrument_name": "ETH-12SEP25", "bids": [[4307.5, 3591.0], [4307.25, 7635.0], [4306.75, 300.0], [4306.5, 1000.0], [4306.0, 1000.0], [4305.75, 21007.0], [4305.0, 623.0], [4304.75, 4752.0], [4304.5, 16462.0], [4302.75, 620.0], [4301.5, 1902.0], [4301.25, 6340.0], [4301.0, 599.0], [4300.5, 604.0], [4299.0, 603.0], [4298.75, 2064.0], [4298.5, 26147.0], [4298.25, 6748.0], [4298.0, 33060.0], [4297.75, 35219.0]], "asks": [[4308.0, 1000.0], [4308.25, 5467.0], [4308.5, 21242.0], [4308.75, 7635.0], [4310.0, 3693.0], [4310.25, 12310.0], [4312.75, 620.0], [4313.25, 5368.0], [4313.5, 15839.0], [4314.75, 620.0], [4315.25, 2456.0], [4315.5, 6182.0], [4316.25, 623.0], [4316.5, 18345.0], [4316.75, 606.0], [4317.0, 246.0], [4317.25, 820.0], [4317.75, 613.0], [4318.0, 20.0], [4318.25, 11163.0]]}}}
{"jsonrpc": "2.0", "method": "subscription", "params": {"channel": "book.ETH-5SEP25.none.20.100ms", "data": {"timestamp": 1756844921459, "change_id": 84923489320, "instrument_name": "ETH-5SEP25", "bids": [[4304.25, 1800.0], [4304.0, 1040.0], [4303.75, 1040.0], [4303.5, 801.0], [4303.25, 4086.0], [4303.0, 19376.0], [4302.75, 1910.0], [4302.25, 889.0], [4301.5, 1.0], [4301.0, 7447.0], [4300.75, 24822.0], [4300.5, 266.0], [4300.25, 888.0], [4300.0, 11.0], [4299.0, 20.0], [4297.75, 2070.0], [4297.5, 7154.0], [4297.25, 6568.0], [4297.0, 22780.0], [4296.25, 275.0]], "asks": [[4304.75, 460.0], [4305.0, 1000.0], [4305.25, 5943.0], [4305.5, 21100.0], [4305.75, 800.0], [4306.0, 240.0], [4306.25, 4491.0], [4306.5, 12604.0], [4306.75, 1000.0], [4308.0, 11.0], [4309.25, 5.0], [4310.75, 266.0], [4311.0, 888.0], [4311.25, 7876.0], [4311.5, 26365.0], [4312.0, 11.0], [4312.25, 266.0], [4312.5, 887.0], [4312.75, 276.0], [4313.0, 920.0]]}}}
{"jsonrpc": "2.0", "method": "subscription", "params": {"channel": "book.ETH-12SEP25.none.20.100ms", "data": {"timestamp": 1756844921666, "change_id": 84923489884, "instrument_name": "ETH-12SEP25", "bids": [[4307.5, 3591.0], [4307.25, 7635.0], [4306.75, 300.0], [4306.5, 1000.0], [4306.0, 1000.0], [4305.75, 21007.0], [4305.0, 623.0], [4304.75, 4752.0], [4304.5, 16462.0], [4302.75, 620.0], [4301.5, 1902.0], [4301.25, 6340.0], [4301.0, 599.0], [4300.5, 604.0], [4299.0, 603.0], [4298.75, 2064.0], [4298.5, 26147.0], [4298.25, 6748.0], [4298.0, 33060.0], [4297.75, 35219.0]], "asks": [[4308.0, 1000.0], [4308.25, 5467.0], [4308.5, 21242.0], [4308.75, 7635.0], [4310.0, 3693.0], [4310.25, 12310.0], [4312.75, 620.0], [4313.25, 5368.0], [4313.5, 15839.0], [4314.75, 620.0], [4315.25, 2456.0], [4315.5, 6182.0], [4316.25, 623.0], [4316.5, 18345.0], [4316.75, 606.0], [4317.0, 246.0], [4317.25, 820.0], [4317.75, 633.0], [4318.25, 11163.0], [4318.5, 35199.0]]}}}
{"jsonrpc": "2.0", "method": "subscription", "params": {"channel": "book.ETH-5SEP25.none.20.100ms", "data": {"timestamp": 1756844921907, "change_id": 84923490386, "instrument_name": "ETH-5SEP25", "bids": [[4304.25, 1800.0], [4304.0, 1040.0], [4303.75, 1040.0], [4303.5, 1041.0], [4303.25, 4886.0], [4303.0, 19376.0], [4302.75, 1910.0], [4302.25, 889.0], [4301.5, 1.0], [4301.0, 7447.0], [4300.75, 24822.0], [4300.5, 266.0], [4300.25, 888.0], [4300.0, 11.0], [4299.0, 20.0], [4297.75, 2070.0], [4297.5, 7154.0], [4297.25, 6568.0], [4297.0, 22780.0], [4296.25, 275.0]], "asks": [[4304.75, 948.0], [4305.0, 2750.0], [4305.25, 5943.0], [4305.5, 19350.0], [4305.75, 800.0], [4306.0, 240.0], [4306.25, 4491.0], [4306.5, 12604.0], [4306.75, 1000.0], [4308.0, 11.0], [4309.25, 5.0], [4310.75, 266.0], [4311.0, 888.0], [4311.25, 7876.0], [4311.5, 26365.0], [4312.0, 11.0], [4312.25, 266.0], [4312.5, 887.0], [4312.75, 276.0], [4313.0, 920.0]]}}}
{"jsonrpc": "2.0", "method": "subscription", "params": {"channel": "book.ETH-12SEP25.none.20.100ms", "data": {"timestamp": 1756844922482, "change_id": 84923490969, "instrument_name": "ETH-12SEP25", "bids": [[4307.25, 7935.0], [4307.0, 1000.0], [4306.75, 300.0], [4306.5, 1000.0], [4306.0, 7302.0], [4305.75, 21007.0], [4305.0, 623.0], [4304.75, 4752.0], [4304.5, 16462.0], [4302.75, 620.0], [4301.5, 1902.0], [4301.25, 6340.0], [4301.0, 599.0], [4300.5, 604.0], [4299.0, 603.0], [4298.75, 7588.0], [4298.5, 26147.0], [4298.25, 6748.0], [4298.0, 33060.0], [4297.75, 35199.0]], "asks": [[4307.75, 763.0], [4308.0, 2750.0], [4308.25, 5307.0], [4308.5, 19492.0], [4308.75, 7635.0], [4310.0, 3693.0], [4310.25, 12310.0], [4312.75, 620.0], [4313.25, 5368.0], [4313.5, 15839.0], [4314.75, 620.0], [4315.25, 2456.0], [4315.5, 6182.0], [4315.75, 623.0], [4316.25, 6127.0], [4316.5, 18345.0], [4316.75, 606.0], [4317.0, 246.0], [4317.25, 820.0], [4317.75, 633.0]]}}}
{"jsonrpc": "2.0", "method": "subscription", "params": {"channel": "book.ETH-5SEP25.none.20.100ms", "data": {"timestamp": 1756844922512, "change_id": 84923491000, "instrument_name": "ETH-5SEP25", "bids": [[4304.0, 800.0], [4303.75, 1040.0], [4303.5, 1040.0], [4303.25, 4887.0], [4303.0, 19650.0], [4302.75, 1910.0], [4302.5, 883.0], [4302.0, 1.0], [4301.25, 1.0], [4301.0, 8330.0], [4300.75, 24822.0], [4300.0, 11.0], [4298.75, 285.0], [4298.5, 883.0], [4297.75, 2070.0], [4297.5, 7154.0], [4297.25, 6568.0], [4297.0, 22780.0], [4296.25, 275.0], [4296.0, 917.0]], "asks": [[4304.5, 348.0], [4304.75, 1460.0], [4305.0, 1750.0], [4305.25, 5943.0], [4305.5, 19350.0], [4305.75, 800.0], [4306.0, 240.0], [4306.25, 4491.0], [4306.5, 12604.0], [4306.75, 1000.0], [4308.0, 11.0], [4309.25, 5.0], [4310.75, 266.0], [4311.0, 888.0], [4311.25, 7876.0], [4311.5, 26365.0], [4312.0, 11.0], [4312.25, 266.0], [4312.5, 887.0], [4312.75, 276.0]]}}}
{"jsonrpc": "2.0", "method": "subscription", "params": {"channel": "book.ETH-12SEP25.none.20.100ms", "data": {"timestamp": 1756844922879, "change_id": 84923491869, "instrument_name": "ETH-12SEP25", "bids": [[4307.25, 7635.0], [4306.75, 300.0], [4306.5, 1300.0], [4306.25, 1000.0], [4306.0, 7302.0], [4305.75, 21007.0], [4305.0, 623.0], [4304.75, 4752.0], [4304.5, 16462.0], [4302.75, 620.0], [4301.5, 1902.0], [4301.25, 6340.0], [4301.0, 599.0], [4300.5, 604.0], [4299.0, 603.0], [4298.75, 7588.0], [4298.5, 26147.0], [4298.25, 6748.0], [4298.0, 33060.0], [4297.75, 35199.0]], "asks": [[4307.75, 1763.0], [4308.0, 4050.0], [4308.25, 6307.0], [4308.5, 19492.0], [4308.75, 7635.0], [4310.0, 3693.0], [4310.25, 12310.0], [4312.75, 620.0], [4313.25, 5368.0], [4313.5, 15839.0], [4314.75, 620.0], [4315.25, 2456.0], [4315.5, 6182.0], [4315.75, 623.0], [4316.25, 6127.0], [4316.5, 18345.0], [4316.75, 606.0], [4317.0, 246.0], [4317.25, 820.0], [4317.75, 633.0]]}}}
{"jsonrpc": "2.0", "method": "subscription", "params": {"channel": "book.ETH-5SEP25.none.20.100ms", "data": {"timestamp": 1756844922879, "change_id": 84923491870, "instrument_name": "ETH-5SEP25", "bids": [[4304.0, 800.0], [4303.75, 1040.0], [4303.5, 1040.0], [4303.25, 4887.0], [4303.0, 19376.0], [4302.75, 160.0], [4302.5, 883.0], [4302.0, 1751.0], [4301.5, 883.0], [4301.25, 1.0], [4301.0, 8330.0], [4300.75, 24822.0], [4300.0, 11.0], [4298.75, 285.0], [4298.5, 883.0], [4297.75, 2070.0], [4297.5, 7154.0], [4297.25, 6568.0], [4297.0, 22780.0], [4296.25, 275.0]], "asks": [[4304.5, 348.0], [4304.75, 1460.0], [4305.0, 1750.0], [4305.25, 5943.0], [4305.5, 19350.0], [4305.75, 800.0], [4306.0, 240.0], [4306.25, 4491.0], [4306.5, 12604.0], [4306.75, 1000.0], [4308.0, 11.0], [4309.25, 5.0], [4310.75, 266.0], [4311.0, 888.0], [4311.25, 7876.0], [4311.5, 26365.0], [4312.0, 11.0], [4312.25, 266.0], [4312.5, 887.0], [4312.75, 276.0]]}}}
{"jsonrpc": "2.0", "method": "subscription", "params": {"channel": "book.ETH-12SEP25.none.20.100ms", "data": {"timestamp": 1756844923121, "change_id": 84923492204, "instrument_name": "ETH-12SEP25", "bids": [[4306.75, 300.0], [4306.5, 1300.0], [4306.25, 1300.0], [4306.0, 7302.0], [4305.75, 21007.0], [4305.0, 623.0], [4304.75, 4752.0], [4304.5, 16462.0], [4302.75, 620.0], [4301.5, 1902.0], [4301.25, 6340.0], [4301.0, 599.0], [4300.5, 604.0], [4299.0, 603.0], [4298.75, 7588.0], [4298.5, 26147.0], [4298.25, 6748.0], [4298.0, 33060.0], [4297.75, 35199.0], [4297.5, 90630.0]], "asks": [[4307.25, 160.0], [4307.75, 2603.0], [4308.0, 3050.0], [4308.25, 6307.0], [4308.5, 19492.0], [4308.75, 7635.0], [4310.0, 3693.0], [4310.25, 12932.0], [4311.5, 4752.0], [4311.75, 15839.0], [4312.75, 620.0], [4313.25, 616.0], [4314.75, 620.0], [4315.25, 2456.0], [4315.5, 6182.0], [4315.75, 623.0], [4316.25, 6127.0], [4316.5, 18345.0], [4316.75, 606.0], [4317.0, 246.0]]}}}
{"jsonrpc": "2.0", "method": "subscription", "params": {"channel": "book.ETH-5SEP25.none.20.100ms", "data": {"timestamp": 1756844923056, "change_id": 84923492174, "instrument_name": "ETH-5SEP25", "bids": [[4303.75, 800.0], [4303.5, 1040.0], [4303.25, 4886.0], [4303.0, 19377.0], [4302.75, 160.0], [4302.5, 2633.0], [4302.0, 1.0], [4301.5, 883.0], [4301.25, 1.0], [4301.0, 883.0], [4300.25, 24822.0], [4300.0, 11.0], [4298.75, 285.0], [4298.5, 883.0], [4297.75, 2070.0], [4297.5, 7154.0], [4297.25, 6568.0], [4297.0, 22780.0], [4296.25, 275.0], [4296.0, 917.0]], "asks": [[4304.25, 735.0], [4304.5, 2898.0], [4304.75, 2260.0], [4305.0, 800.0], [4305.25, 5943.0], [4305.5, 19350.0], [4305.75, 800.0], [4306.0, 240.0], [4306.25, 4491.0], [4306.5, 12604.0], [4306.75, 1000.0], [4308.0, 11.0], [4309.25, 5.0], [4310.25, 7637.0], [4310.5, 25457.0], [4310.75, 266.0], [4311.0, 888.0], [4311.25, 272.0], [4311.5, 908.0], [4312.0, 11.0]]}}}
{"jsonrpc": "2.0", "method": "subscription", "params": {"channel": "book.ETH-12SEP25.none.20.100ms", "data": {"timestamp": 1756844923538, "change_id": 84923492611, "instrument_name": "ETH-12SEP25", "bids": [[4307.0, 8634.0], [4306.75, 300.0], [4306.5, 1300.0], [4306.25, 1300.0], [4306.0, 7302.0], [4305.75, 30922.0], [4305.0, 623.0], [4304.75, 4752.0], [4304.5, 16462.0], [4302.75, 620.0], [4301.5, 1902.0], [4301.25, 6340.0], [4301.0, 599.0], [4300.5, 604.0], [4299.0, 603.0], [4298.75, 7588.0], [4298.5, 26147.0], [4298.25, 6748.0], [4298.0, 33060.0], [4297.75, 35199.0]], "asks": [[4307.25, 160.0], [4308.0, 2750.0], [4308.25, 5307.0], [4308.5, 19492.0], [4308.75, 7635.0], [4310.0, 3693.0], [4310.25, 12932.0], [4311.5, 4752.0], [4311.75, 15839.0], [4313.25, 616.0], [4314.75, 620.0], [4315.25, 2456.0], [4315.5, 6182.0], [4315.75, 623.0], [4316.25, 6127.0], [4316.5, 18345.0], [4316.75, 606.0], [4317.0, 246.0], [4317.25, 820.0], [4317.75, 633.0]]}}}
{"jsonrpc": "2.0", "method": "subscription", "params": {"channel": "book.ETH-5SEP25.none.20.100ms", "data": {"timestamp": 1756844923451, "change_id": 84923492480, "instrument_name": "ETH-5SEP25", "bids": [[4303.75, 800.0], [4303.5, 1040.0], [4303.25, 4886.0], [4303.0, 19377.0], [4302.75, 950.0], [4302.5, 2633.0], [4301.75, 1.0], [4301.5, 883.0], [4301.0, 884.0], [4300.5, 8330.0], [4300.25, 24822.0], [4300.0, 11.0], [4298.75, 285.0], [4298.5, 883.0], [4297.75, 2070.0], [4297.5, 7154.0], [4297.25, 6568.0], [4297.0, 22780.0], [4296.25, 275.0], [4296.0, 917.0]], "asks": [[4304.25, 160.0], [4304.5, 2098.0], [4304.75, 2100.0], [4305.0, 800.0], [4305.25, 5943.0], [4305.5, 19350.0], [4305.75, 800.0], [4306.0, 240.0], [4306.25, 4491.0], [4306.5, 12604.0], [4306.75, 1000.0], [4308.0, 11.0], [4309.25, 5.0], [4310.25, 7637.0], [4310.5, 25457.0], [4310.75, 266.0], [4311.0, 888.0], [4311.25, 272.0], [4311.5, 908.0], [4312.0, 11.0]]}}}
{"jsonrpc": "2.0", "method": "subscription", "params": {"channel": "book.ETH-12SEP25.none.20.100ms", "data": {"timestamp": 1756844923752, "change_id": 84923493106, "instrument_name": "ETH-12SEP25", "bids": [[4307.0, 8634.0], [4306.75, 300.0], [4306.5, 1300.0], [4306.25, 1300.0], [4306.0, 7302.0], [4305.75, 30922.0], [4305.0, 623.0], [4304.75, 4752.0], [4304.5, 16462.0], [4302.75, 620.0], [4301.5, 1902.0], [4301.25, 6340.0], [4301.0, 599.0], [4300.5, 604.0], [4299.0, 603.0], [4298.75, 7588.0], [4298.5, 26147.0], [4298.25, 6748.0], [4298.0, 33060.0], [4297.75, 35199.0]], "asks": [[4307.25, 160.0], [4307.75, 1000.0], [4308.0, 3750.0], [4308.25, 5307.0], [4308.5, 19492.0], [4308.75, 7635.0], [4310.0, 3693.0], [4310.25, 12932.0], [4311.5, 4752.0], [4311.75, 15839.0], [4313.25, 616.0], [4314.75, 620.0], [4315.25, 2456.0], [4315.5, 6182.0], [4315.75, 623.0], [4316.25, 6127.0], [4316.5, 18345.0], [4316.75, 606.0], [4317.0, 246.0], [4317.25, 820.0]]}}}
{"jsonrpc": "2.0", "method": "subscription", "params": {"channel": "book.ETH-5SEP25.none.20.100ms", "data": {"timestamp": 1756844923838, "change_id": 84923493454, "instrument_name": "ETH-5SEP25", "bids": [[4303.75, 1040.0], [4303.5, 1040.0], [4303.25, 4886.0], [4303.0, 19377.0], [4302.75, 950.0], [4302.5, 2633.0], [4301.75, 1.0], [4301.5, 883.0], [4301.0, 884.0], [4300.5, 8330.0], [4300.25, 24822.0], [4300.0, 11.0], [4298.75, 285.0], [4298.5, 883.0], [4297.75, 2070.0], [4297.5, 7154.0], [4297.25, 6568.0], [4297.0, 22780.0], [4296.25, 275.0], [4296.0, 917.0]], "asks": [[4304.25, 160.0], [4304.5, 2098.0], [4304.75, 2100.0], [4305.0, 800.0], [4305.25, 5943.0], [4305.5, 19350.0], [4305.75, 800.0], [4306.0, 240.0], [4306.25, 4491.0], [4306.5, 12604.0], [4306.75, 1000.0], [4308.0, 11.0], [4309.25, 5.0], [4310.25, 7637.0], [4310.5, 25457.0], [4310.75, 266.0], [4311.0, 888.0], [4311.25, 272.0], [4311.5, 908.0], [4312.0, 11.0]]}}}
{"jsonrpc": "2.0", "method": "subscription", "params": {"channel": "book.ETH-5SEP25.none.20.100ms", "data": {"timestamp": 1756844924190, "change_id": 84923493705, "instrument_name": "ETH-5SEP25", "bids": [[4304.0, 1800.0], [4303.75, 1040.0], [4303.5, 1040.0], [4303.25, 4887.0], [4303.0, 19376.0], [4302.75, 160.0], [4302.5, 1750.0], [4302.0, 1.0], [4301.0, 1.0], [4300.5, 7447.0], [4300.25, 24822.0], [4300.0, 11.0], [4298.75, 20.0], [4298.25, 265.0], [4298.0, 883.0], [4297.75, 2070.0], [4297.5, 7154.0], [4297.25, 6568.0], [4297.0, 22780.0], [4296.25, 275.0]], "asks": [[4304.5, 2098.0], [4304.75, 1300.0], [4305.0, 960.0], [4305.25, 5943.0], [4305.5, 19350.0], [4305.75, 1065.0], [4306.0, 1123.0], [4306.25, 4491.0], [4306.5, 12604.0], [4306.75, 1000.0], [4308.0, 11.0], [4308.75, 265.0], [4309.0, 883.0], [4309.25, 5.0], [4310.25, 7637.0], [4310.5, 25457.0], [4310.75, 266.0], [4311.0, 888.0], [4311.25, 272.0], [4311.5, 908.0]]}}}
{"jsonrpc": "2.0", "method": "subscription", "params": {"channel": "book.ETH-12SEP25.none.20.100ms", "data": {"timestamp": 1756844924478, "change_id": 84923493994, "instrument_name": "ETH-12SEP25", "bids": [[4307.0, 1000.0], [4306.75, 300.0], [4306.5, 1300.0], [4306.25, 1300.0], [4306.0, 7302.0], [4305.75, 30922.0], [4305.0, 623.0], [4304.75, 4752.0], [4304.5, 16462.0], [4302.75, 620.0], [4301.5, 1902.0], [4301.25, 6340.0], [4301.0, 599.0], [4300.5, 604.0], [4299.0, 603.0], [4298.75, 7588.0], [4298.5, 26147.0], [4298.25, 6748.0], [4298.0, 33060.0], [4297.75, 35199.0]], "asks": [[4307.25, 160.0], [4307.75, 1000.0], [4308.0, 3750.0], [4308.25, 5307.0], [4308.5, 19492.0], [4308.75, 7635.0], [4310.0, 3693.0], [4310.25, 12932.0], [4311.5, 4752.0], [4311.75, 15839.0], [4313.25, 616.0], [4314.75, 620.0], [4315.25, 2456.0], [4315.5, 6182.0], [4315.75, 623.0], [4316.25, 6127.0], [4316.5, 18345.0], [4316.75, 606.0], [4317.0, 246.0], [4317.25, 820.0]]}}}
{"jsonrpc": "2.0", "method": "subscription", "params": {"channel": "book.ETH-5SEP25.none.20.100ms", "data": {"timestamp": 1756844924532, "change_id": 84923494063, "instrument_name": "ETH-5SEP25", "bids": [[4304.0, 800.0], [4303.75, 1040.0], [4303.5, 1040.0], [4303.25, 4887.0], [4303.0, 19376.0], [4302.75, 685.0], [4302.5, 1750.0], [4302.0, 1.0], [4301.25, 1.0], [4300.5, 7447.0], [4300.25, 24822.0], [4300.0, 11.0], [4298.75, 20.0], [4297.75, 2070.0], [4297.5, 7146.0], [4297.25, 6568.0], [4297.0, 22780.0], [4296.25, 275.0], [4296.0, 917.0], [4295.75, 8.0]], "asks": [[4304.5, 2050.0], [4304.75, 1515.0], [4305.0, 1843.0], [4305.25, 5943.0], [4305.5, 19350.0], [4305.75, 1683.0], [4306.0, 240.0], [4306.25, 5374.0], [4306.5, 12604.0], [4306.75, 1000.0], [4308.0, 11.0], [4308.75, 265.0], [4309.0, 883.0], [4309.25, 5.0], [4310.25, 7637.0], [4310.5, 25457.0], [4310.75, 266.0], [4311.0, 888.0], [4311.25, 272.0], [4311.5, 908.0]]}}}
{"jsonrpc": "2.0", "method": "subscription", "params": {"channel": "book.ETH-5SEP25.none.20.100ms", "data": {"timestamp": 1756844924822, "change_id": 84923494900, "instrument_name": "ETH-5SEP25", "bids": [[4304.0, 800.0], [4303.75, 1040.0], [4303.5, 1040.0], [4303.25, 4887.0], [4303.0, 49066.0], [4302.75, 685.0], [4302.5, 1750.0], [4302.0, 1.0], [4301.25, 1.0], [4300.5, 7447.0], [4300.25, 24822.0], [4300.0, 11.0], [4298.75, 20.0], [4297.75, 2070.0], [4297.5, 7146.0], [4297.25, 6568.0], [4297.0, 22780.0], [4296.25, 275.0], [4296.0, 917.0], [4295.75, 8.0]], "asks": [[4304.5, 2050.0], [4304.75, 1300.0], [4305.0, 1843.0], [4305.25, 5943.0], [4305.5, 19350.0], [4305.75, 800.0], [4306.0, 1123.0], [4306.25, 4491.0], [4306.5, 12604.0], [4306.75, 1000.0], [4308.0, 11.0], [4308.75, 265.0], [4309.0, 883.0], [4309.25, 5.0], [4310.25, 7637.0], [4310.5, 25457.0], [4310.75, 266.0], [4311.0, 888.0], [4311.25, 272.0], [4311.5, 908.0]]}}}
{"jsonrpc": "2.0", "method": "subscription", "params": {"channel": "book.ETH-12SEP25.none.20.100ms", "data": {"timestamp": 1756844924579, "change_id": 84923494165, "instrument_name": "ETH-12SEP25", "bids": [[4307.0, 8633.0], [4306.75, 300.0], [4306.5, 1300.0], [4306.25, 1300.0], [4306.0, 7302.0], [4305.75, 21007.0], [4305.0, 623.0], [4304.75, 4752.0], [4304.5, 16462.0], [4302.75, 620.0], [4301.5, 1902.0], [4301.25, 6340.0], [4301.0, 599.0], [4300.5, 604.0], [4299.0, 603.0], [4298.75, 7588.0], [4298.5, 26147.0], [4298.25, 6748.0], [4298.0, 33060.0], [4297.75, 35199.0]], "asks": [[4307.25, 160.0], [4307.75, 1000.0], [4308.0, 3750.0], [4308.25, 5307.0], [4308.5, 19492.0], [4308.75, 7635.0], [4310.0, 3693.0], [4310.25, 12932.0], [4311.5, 4752.0], [4311.75, 15839.0], [4313.25, 616.0], [4314.75, 620.0], [4315.25, 2456.0], [4315.5, 6182.0], [4315.75, 623.0], [4316.25, 6127.0], [4316.5, 18345.0], [4316.75, 606.0], [4317.0, 246.0], [4317.25, 820.0]]}}}
{"jsonrpc": "2.0", "method": "subscription", "params": {"channel": "book.ETH-12SEP25.none.20.100ms", "data": {"timestamp": 1756844925105, "change_id": 84923495173, "instrument_name": "ETH-12SEP25", "bids": [[4307.25, 2590.0], [4307.0, 8633.0], [4306.75, 300.0], [4306.5, 9273.0], [4306.25, 30808.0], [4306.0, 7302.0], [4305.75, 21007.0], [4305.0, 623.0], [4304.75, 4752.0], [4304.5, 16462.0], [4302.75, 620.0], [4302.0, 1902.0], [4301.75, 6340.0], [4301.0, 599.0], [4300.5, 604.0], [4299.0, 603.0], [4298.75, 7588.0], [4298.5, 26147.0], [4298.25, 6748.0], [4298.0, 33060.0]], "asks": [[4307.75, 2000.0], [4308.0, 2910.0], [4308.25, 5307.0], [4308.5, 19492.0], [4308.75, 7633.0], [4310.0, 3693.0], [4310.25, 12932.0], [4311.5, 4752.0], [4311.75, 15839.0], [4313.25, 616.0], [4314.75, 620.0], [4315.25, 2456.0], [4315.5, 6182.0], [4315.75, 623.0], [4316.25, 6127.0], [4316.5, 18345.0], [4316.75, 606.0], [4317.0, 246.0], [4317.25, 820.0], [4317.75, 633.0]]}}}
{"jsonrpc": "2.0", "method": "subscription", "params": {"channel": "book.ETH-5SEP25.none.20.100ms", "data": {"timestamp": 1756844925108, "change_id": 84923495177, "instrument_name": "ETH-5SEP25", "bids": [[4304.0, 800.0], [4303.75, 1040.0], [4303.5, 1040.0], [4303.25, 4887.0], [4303.0, 49066.0], [4302.75, 685.0], [4302.5, 1750.0], [4302.0, 1.0], [4301.25, 1.0], [4300.5, 7447.0], [4300.25, 24822.0], [4300.0, 11.0], [4298.75, 20.0], [4297.75, 2070.0], [4297.5, 7146.0], [4297.25, 6568.0], [4297.0, 22780.0], [4296.25, 275.0], [4296.0, 917.0], [4295.75, 8.0]], "asks": [[4304.5, 2050.0], [4304.75, 1300.0], [4305.0, 1843.0], [4305.25, 5943.0], [4305.5, 19350.0], [4305.75, 800.0], [4306.0, 240.0], [4306.25, 4491.0], [4306.5, 12604.0], [4306.75, 1000.0], [4308.0, 11.0], [4308.75, 265.0], [4309.0, 883.0], [4309.25, 5.0], [4310.25, 7637.0], [4310.5, 25457.0], [4310.75, 266.0], [4311.0, 888.0], [4311.25, 272.0], [4311.5, 908.0]]}}}
{"jsonrpc": "2.0", "method": "subscription", "params": {"channel": "book.ETH-12SEP25.none.20.100ms", "data": {"timestamp": 1756844925252, "change_id": 84923495206, "instrument_name": "ETH-12SEP25", "bids": [[4307.0, 8633.0], [4306.75, 300.0], [4306.5, 9273.0], [4306.25, 30808.0], [4306.0, 6302.0], [4305.75, 21007.0], [4305.0, 623.0], [4304.75, 4752.0], [4304.5, 16462.0], [4302.75, 620.0], [4302.0, 1902.0], [4301.75, 6340.0], [4301.0, 599.0], [4300.5, 604.0], [4299.0, 603.0], [4298.75, 7588.0], [4298.5, 26147.0], [4298.25, 6748.0], [4298.0, 33060.0], [4297.75, 35199.0]], "asks": [[4307.5, 160.0], [4307.75, 2000.0], [4308.0, 2750.0], [4308.25, 5307.0], [4308.5, 19492.0], [4308.75, 7633.0], [4310.0, 3693.0], [4310.25, 12932.0], [4311.5, 4752.0], [4311.75, 15839.0], [4313.25, 616.0], [4314.75, 620.0], [4315.25, 2456.0], [4315.5, 6182.0], [4315.75, 623.0], [4316.25, 6127.0], [4316.5, 18345.0], [4316.75, 606.0], [4317.0, 246.0], [4317.25, 820.0]]}}}
{"jsonrpc": "2.0", "method": "subscription", "params": {"channel": "book.ETH-5SEP25.none.20.100ms", "data": {"timestamp": 1756844925461, "change_id": 84923495346, "instrument_name": "ETH-5SEP25", "bids": [[4304.0, 800.0], [4303.75, 2040.0], [4303.5, 1040.0], [4303.25, 4887.0], [4303.0, 49066.0], [4302.75, 685.0], [4302.5, 1750.0], [4302.0, 1.0], [4301.25, 1.0], [4301.0, 883.0], [4300.5, 7447.0], [4300.25, 24822.0], [4300.0, 11.0], [4298.75, 20.0], [4297.75, 2070.0], [4297.5, 7146.0], [4297.25, 6568.0], [4297.0, 22780.0], [4296.25, 275.0], [4296.0, 917.0]], "asks": [[4304.5, 2210.0], [4304.75, 1300.0], [4305.0, 1683.0], [4305.25, 5943.0], [4305.5, 19350.0], [4305.75, 800.0], [4306.0, 240.0], [4306.25, 4491.0], [4306.5, 12604.0], [4306.75, 1000.0], [4308.0, 11.0], [4308.75, 265.0], [4309.0, 883.0], [4309.25, 5.0], [4310.25, 7637.0], [4310.5, 25457.0], [4310.75, 266.0], [4311.0, 888.0], [4311.25, 272.0], [4311.5, 908.0]]}}}
{"jsonrpc": "2.0", "method": "subscription", "params": {"channel": "book.ETH-5SEP25.none.20.100ms", "data": {"timestamp": 1756844925763, "change_id": 84923496029, "instrument_name": "ETH-5SEP25", "bids": [[4304.0, 800.0], [4303.75, 2040.0], [4303.5, 1040.0], [4303.25, 4886.0], [4303.0, 49067.0], [4302.75, 685.0], [4302.5, 1750.0], [4301.75, 1.0], [4301.0, 1.0], [4300.5, 7447.0], [4300.25, 24822.0], [4300.0, 11.0], [4298.75, 20.0], [4297.75, 2070.0], [4297.5, 7146.0], [4297.25, 6568.0], [4297.0, 22780.0], [4296.25, 275.0], [4296.0, 917.0], [4295.75, 8.0]], "asks": [[4304.25, 883.0], [4304.5, 2210.0], [4304.75, 1300.0], [4305.0, 1683.0], [4305.25, 5943.0], [4305.5, 19350.0], [4305.75, 800.0], [4306.0, 1123.0], [4306.25, 4491.0], [4306.5, 12604.0], [4306.75, 1000.0], [4308.0, 11.0], [4308.75, 265.0], [4309.0, 883.0], [4309.25, 5.0], [4310.25, 7637.0], [4310.5, 25457.0], [4310.75, 266.0], [4311.0, 888.0], [4311.25, 272.0]]}}}
{"jsonrpc": "2.0", "method": "subscription", "params": {"channel": "book.ETH-12SEP25.none.20.100ms", "data": {"timestamp": 1756844926062, "change_id": 84923496746, "instrument_name": "ETH-12SEP25", "bids": [[4307.25, 2590.0], [4307.0, 7633.0], [4306.5, 8273.0], [4306.25, 29808.0], [4306.0, 6302.0], [4305.75, 21007.0], [4305.25, 1000.0], [4305.0, 623.0], [4304.75, 4752.0], [4304.5, 16462.0], [4302.75, 620.0], [4302.0, 1902.0], [4301.75, 6340.0], [4301.0, 599.0], [4300.5, 604.0], [4299.0, 603.0], [4298.75, 7588.0], [4298.5, 26147.0], [4298.25, 6748.0], [4298.0, 33060.0]], "asks": [[4307.75, 525.0], [4308.0, 1750.0], [4308.25, 5467.0], [4308.5, 19492.0], [4308.75, 7633.0], [4310.0, 3693.0], [4310.25, 12932.0], [4311.5, 4752.0], [4311.75, 15839.0], [4313.25, 616.0], [4314.75, 620.0], [4315.25, 2456.0], [4315.5, 6182.0], [4315.75, 623.0], [4316.25, 6127.0], [4316.5, 18345.0], [4316.75, 606.0], [4317.0, 246.0], [4317.25, 820.0], [4317.75, 633.0]]}}}
{"jsonrpc": "2.0", "method": "subscription", "params": {"channel": "book.ETH-5SEP25.none.20.100ms", "data": {"timestamp": 1756844926142, "change_id": 84923496817, "instrument_name": "ETH-5SEP25", "bids": [[4304.0, 800.0], [4303.75, 1040.0], [4303.5, 1040.0], [4303.25, 4887.0], [4303.0, 49066.0], [4302.75, 685.0], [4302.5, 1750.0], [4302.0, 1.0], [4301.0, 1.0], [4300.5, 7447.0], [4300.25, 24822.0], [4300.0, 11.0], [4298.75, 20.0], [4297.75, 2070.0], [4297.5, 7146.0], [4297.25, 6568.0], [4297.0, 22780.0], [4296.25, 275.0], [4296.0, 917.0], [4295.75, 8.0]], "asks": [[4304.5, 1750.0], [4304.75, 300.0], [4305.0, 1683.0], [4305.25, 6103.0], [4305.5, 19350.0], [4305.75, 800.0], [4306.0, 1123.0], [4306.25, 4491.0], [4306.5, 12604.0], [4306.75, 1000.0], [4308.0, 11.0], [4308.75, 265.0], [4309.0, 883.0], [4309.25, 5.0], [4310.25, 7637.0], [4310.5, 25457.0], [4310.75, 266.0], [4311.0, 888.0], [4311.25, 272.0], [4311.5, 908.0]]}}}
{"jsonrpc": "2.0", "method": "subscription", "params": {"channel": "book.ETH-12SEP25.none.20.100ms", "data": {"timestamp": 1756844926292, "change_id": 84923496853, "instrument_name": "ETH-12SEP25", "bids": [[4307.25, 2590.0], [4307.0, 8633.0], [4306.5, 8273.0], [4306.25, 29808.0], [4306.0, 6302.0], [4305.75, 21007.0], [4305.25, 1000.0], [4305.0, 623.0], [4304.75, 4752.0], [4304.5, 16462.0], [4302.75, 620.0], [4302.0, 1902.0], [4301.75, 6340.0], [4301.0, 599.0], [4300.5, 604.0], [4299.0, 603.0], [4298.75, 7588.0], [4298.5, 26147.0], [4298.25, 6748.0], [4298.0, 33060.0]], "asks": [[4307.75, 1685.0], [4308.0, 1750.0], [4308.25, 5307.0], [4308.5, 19492.0], [4308.75, 7633.0], [4310.0, 3693.0], [4310.25, 12932.0], [4311.5, 4752.0], [4311.75, 15839.0], [4313.25, 616.0], [4314.75, 620.0], [4315.25, 2456.0], [4315.5, 6182.0], [4315.75, 623.0], [4316.25, 6127.0], [4316.5, 18345.0], [4316.75, 606.0], [4317.0, 246.0], [4317.25, 820.0], [4317.75, 633.0]]}}}
{"jsonrpc": "2.0", "method": "subscription", "params": {"channel": "book.ETH-5SEP25.none.20.100ms", "data": {"timestamp": 1756844926340, "change_id": 84923496862, "instrument_name": "ETH-5SEP25", "bids": [[4304.0, 1800.0], [4303.75, 1040.0], [4303.5, 1040.0], [4303.25, 4887.0], [4303.0, 49066.0], [4302.75, 685.0], [4302.5, 1750.0], [4302.0, 1.0], [4301.0, 1.0], [4300.5, 7447.0], [4300.25, 24822.0], [4300.0, 11.0], [4299.5, 883.0], [4298.75, 20.0], [4297.75, 2070.0], [4297.5, 7146.0], [4297.25, 6568.0], [4297.0, 22780.0], [4296.25, 275.0], [4296.0, 917.0]], "asks": [[4304.5, 2098.0], [4304.75, 1460.0], [4305.0, 1683.0], [4305.25, 5943.0], [4305.5, 19350.0], [4305.75, 800.0], [4306.0, 1123.0], [4306.25, 4491.0], [4306.5, 12604.0], [4306.75, 1000.0], [4308.0, 11.0], [4308.75, 265.0], [4309.0, 883.0], [4309.25, 5.0], [4310.25, 7637.0], [4310.5, 25457.0], [4310.75, 266.0], [4311.0, 888.0], [4311.25, 272.0], [4311.5, 908.0]]}}}
{"jsonrpc": "2.0", "method": "subscription", "params": {"channel": "book.ETH-12SEP25.none.20.100ms", "data": {"timestamp": 1756844926733, "change_id": 84923497519, "instrument_name": "ETH-12SEP25", "bids": [[4307.25, 2590.0], [4307.0, 7633.0], [4306.5, 8273.0], [4306.25, 29808.0], [4306.0, 6302.0], [4305.75, 21007.0], [4305.25, 1000.0], [4305.0, 623.0], [4304.75, 4752.0], [4304.5, 16462.0], [4302.75, 620.0], [4302.0, 1902.0], [4301.75, 6340.0], [4301.0, 599.0], [4300.5, 604.0], [4299.0, 603.0], [4298.75, 7588.0], [4298.5, 26147.0], [4298.25, 6748.0], [4298.0, 33060.0]], "asks": [[4307.75, 2685.0], [4308.0, 1750.0], [4308.25, 5307.0], [4308.5, 19492.0], [4308.75, 7633.0], [4310.0, 3693.0], [4310.25, 12932.0], [4311.5, 4752.0], [4311.75, 15839.0], [4314.75, 620.0], [4315.25, 2456.0], [4315.5, 6182.0], [4315.75, 623.0], [4316.25, 6127.0], [4316.5, 18345.0], [4316.75, 606.0], [4317.0, 246.0], [4317.25, 820.0], [4317.75, 633.0], [4318.25, 11163.0]]}}}
{"jsonrpc": "2.0", "method": "subscription", "params": {"channel": "book.ETH-5SEP25.none.20.100ms", "data": {"timestamp": 1756844926847, "change_id": 84923497970, "instrument_name": "ETH-5SEP25", "bids": [[4303.75, 1040.0], [4303.5, 1040.0], [4303.25, 4886.0], [4303.0, 49067.0], [4302.75, 1568.0], [4302.5, 1750.0], [4302.0, 1.0], [4301.75, 883.0], [4301.25, 1.0], [4300.5, 7447.0], [4300.25, 24822.0], [4300.0, 11.0], [4298.75, 20.0], [4298.25, 265.0], [4298.0, 883.0], [4297.75, 2070.0], [4297.5, 7146.0], [4297.25, 6568.0], [4297.0, 22780.0], [4296.25, 275.0]], "asks": [[4304.25, 800.0], [4304.5, 1750.0], [4304.75, 460.0], [4305.0, 800.0], [4305.25, 5943.0], [4305.5, 19350.0], [4305.75, 800.0], [4306.0, 240.0], [4306.25, 4491.0], [4306.5, 12604.0], [4306.75, 1000.0], [4308.0, 11.0], [4309.25, 5.0], [4310.25, 7637.0], [4310.5, 25457.0], [4310.75, 266.0], [4311.0, 888.0], [4311.25, 272.0], [4311.5, 908.0], [4312.0, 11.0]]}}}
{"jsonrpc": "2.0", "method": "subscription", "params": {"channel": "book.ETH-12SEP25.none.20.100ms", "data": {"timestamp": 1756844927165, "change_id": 84923498554, "instrument_name": "ETH-12SEP25", "bids": [[4306.75, 7632.0], [4306.0, 6302.0], [4305.75, 21007.0], [4305.5, 300.0], [4305.25, 1000.0], [4304.75, 4752.0], [4304.5, 16462.0], [4302.75, 620.0], [4302.25, 2524.0], [4302.0, 6340.0], [4301.0, 599.0], [4300.5, 604.0], [4299.0, 603.0], [4298.75, 7588.0], [4298.5, 26147.0], [4298.25, 6748.0], [4298.0, 33060.0], [4297.75, 35199.0], [4297.5, 90630.0], [4296.0, 626.0]], "asks": [[4307.25, 490.0], [4307.5, 3098.0], [4307.75, 1234.0], [4308.0, 1000.0], [4308.25, 5307.0], [4308.5, 21338.0], [4308.75, 7633.0], [4309.75, 622.0], [4310.0, 3693.0], [4310.25, 12932.0], [4311.5, 4752.0], [4311.75, 16461.0], [4314.25, 2477.0], [4314.5, 6182.0], [4314.75, 620.0], [4315.25, 601.0], [4315.75, 623.0], [4316.25, 6127.0], [4316.5, 18345.0], [4316.75, 606.0]]}}}
{"jsonrpc": "2.0", "method": "subscription", "params": {"channel": "book.ETH-5SEP25.none.20.100ms", "data": {"timestamp": 1756844927175, "change_id": 84923498566, "instrument_name": "ETH-5SEP25", "bids": [[4303.5, 800.0], [4303.25, 1800.0], [4303.0, 884.0], [4302.75, 5566.0], [4302.5, 20860.0], [4301.75, 1.0], [4301.0, 1.0], [4300.75, 265.0], [4300.5, 883.0], [4300.25, 7715.0], [4300.0, 25716.0], [4298.75, 20.0], [4297.75, 2070.0], [4297.5, 7142.0], [4297.25, 6568.0], [4297.0, 22780.0], [4296.25, 275.0], [4296.0, 917.0], [4295.75, 8.0], [4295.5, 6281.0]], "asks": [[4304.0, 348.0], [4304.25, 1685.0], [4304.5, 1750.0], [4304.75, 300.0], [4305.0, 800.0], [4305.25, 5943.0], [4305.5, 19350.0], [4305.75, 800.0], [4306.0, 240.0], [4306.25, 4491.0], [4306.5, 12604.0], [4306.75, 1000.0], [4308.0, 11.0], [4309.25, 5.0], [4309.5, 265.0], [4309.75, 883.0], [4310.0, 265.0], [4310.25, 8520.0], [4310.5, 25457.0], [4310.75, 266.0]]}}}
{"jsonrpc": "2.0", "method": "subscription", "params": {"channel": "book.ETH-12SEP25.none.20.100ms", "data": {"timestamp": 1756844927406, "change_id": 84923498786, "instrument_name": "ETH-12SEP25", "bids": [[4306.75, 8632.0], [4306.0, 6302.0], [4305.75, 21007.0], [4305.5, 300.0], [4305.25, 1000.0], [4304.75, 4752.0], [4304.5, 16462.0], [4302.75, 620.0], [4302.25, 2524.0], [4302.0, 6340.0], [4301.0, 599.0], [4300.5, 604.0], [4299.0, 603.0], [4298.75, 7588.0], [4298.5, 26147.0], [4298.25, 6748.0], [4298.0, 33060.0], [4297.75, 35199.0], [4297.5, 90630.0], [4296.0, 626.0]], "asks": [[4307.25, 1490.0], [4307.5, 3098.0], [4307.75, 1234.0], [4308.0, 1000.0], [4308.25, 5307.0], [4308.5, 21338.0], [4308.75, 7633.0], [4309.75, 622.0], [4310.0, 3693.0], [4310.25, 12932.0], [4311.5, 4752.0], [4311.75, 16461.0], [4314.25, 2477.0], [4314.5, 6182.0], [4314.75, 620.0], [4315.25, 601.0], [4315.75, 623.0], [4316.25, 6127.0], [4316.5, 18345.0], [4316.75, 606.0]]}}}
{"jsonrpc": "2.0", "method": "subscription", "params": {"channel": "book.ETH-5SEP25.none.20.100ms", "data": {"timestamp": 1756844927440, "change_id": 84923498797, "instrument_name": "ETH-5SEP25", "bids": [[4303.5, 800.0], [4303.25, 1065.0], [4303.0, 884.0], [4302.75, 5566.0], [4302.5, 20860.0], [4301.75, 1.0], [4301.0, 1.0], [4300.75, 265.0], [4300.5, 883.0], [4300.25, 7715.0], [4300.0, 25716.0], [4298.75, 20.0], [4297.75, 609.0], [4297.5, 2136.0], [4297.25, 6568.0], [4297.0, 22780.0], [4296.25, 275.0], [4296.0, 917.0], [4295.75, 1510.0], [4295.5, 11287.0]], "asks": [[4304.0, 348.0], [4304.25, 1685.0], [4304.5, 1750.0], [4304.75, 5936.0], [4305.0, 19910.0], [4305.5, 240.0], [4305.75, 800.0], [4306.0, 240.0], [4306.25, 4491.0], [4306.5, 12604.0], [4306.75, 1000.0], [4308.0, 11.0], [4309.25, 5.0], [4309.5, 265.0], [4309.75, 883.0], [4310.0, 265.0], [4310.25, 8520.0], [4310.5, 25457.0], [4310.75, 266.0], [4311.0, 888.0]]}}}
{"jsonrpc": "2.0", "method": "subscription", "params": {"channel": "book.ETH-12SEP25.none.20.100ms", "data": {"timestamp": 1756844927788, "change_id": 84923499631, "instrument_name": "ETH-12SEP25", "bids": [[4306.75, 8632.0], [4306.0, 10018.0], [4305.75, 50557.0], [4305.5, 300.0], [4305.25, 1000.0], [4305.0, 160.0], [4304.75, 4752.0], [4304.5, 16462.0], [4302.75, 620.0], [4302.25, 622.0], [4301.25, 6340.0], [4301.0, 599.0], [4300.5, 604.0], [4299.0, 603.0], [4298.75, 7588.0], [4298.5, 26147.0], [4298.25, 6748.0], [4298.0, 22494.0], [4297.5, 90630.0], [4296.75, 35199.0]], "asks": [[4307.25, 1944.0], [4307.5, 3098.0], [4307.75, 1234.0], [4308.0, 1300.0], [4308.25, 6307.0], [4308.5, 21338.0], [4308.75, 7633.0], [4309.75, 622.0], [4310.0, 3693.0], [4310.25, 12932.0], [4311.5, 4752.0], [4311.75, 16461.0], [4314.25, 2477.0], [4314.5, 6182.0], [4314.75, 620.0], [4315.25, 601.0], [4315.75, 623.0], [4316.25, 6127.0], [4316.5, 18345.0], [4316.75, 606.0]]}}}
{"jsonrpc": "2.0", "method": "subscription", "params": {"channel": "book.ETH-5SEP25.none.20.100ms", "data": {"timestamp": 1756844927788, "change_id": 84923499931, "instrument_name": "ETH-5SEP25", "bids": [[4303.5, 1800.0], [4303.25, 1065.0], [4303.0, 884.0], [4302.75, 5406.0], [4302.5, 50547.0], [4302.0, 160.0], [4301.75, 1.0], [4300.75, 266.0], [4300.5, 883.0], [4300.25, 7715.0], [4300.0, 25716.0], [4298.75, 20.0], [4297.75, 609.0], [4297.5, 2136.0], [4297.25, 6568.0], [4297.0, 22780.0], [4296.25, 275.0], [4296.0, 917.0], [4295.75, 1510.0], [4295.5, 5269.0]], "asks": [[4304.0, 348.0], [4304.25, 1685.0], [4304.5, 1750.0], [4304.75, 5936.0], [4305.0, 19110.0], [4305.5, 240.0], [4305.75, 800.0], [4306.0, 240.0], [4306.25, 4491.0], [4306.5, 12604.0], [4306.75, 1000.0], [4308.0, 11.0], [4309.25, 5.0], [4309.5, 265.0], [4309.75, 883.0], [4310.0, 265.0], [4310.25, 8520.0], [4310.5, 25457.0], [4310.75, 266.0], [4311.0, 888.0]]}}}
{"jsonrpc": "2.0", "method": "subscription", "params": {"channel": "book.ETH-12SEP25.none.20.100ms", "data": {"timestamp": 1756844928150, "change_id": 84923500352, "instrument_name": "ETH-12SEP25", "bids": [[4306.75, 8632.0], [4306.0, 10018.0], [4305.75, 50557.0], [4305.5, 460.0], [4305.25, 1000.0], [4304.75, 4752.0], [4304.5, 16462.0], [4302.75, 620.0], [4302.25, 622.0], [4301.25, 6340.0], [4301.0, 599.0], [4300.5, 604.0], [4299.0, 603.0], [4298.75, 7588.0], [4298.5, 26147.0], [4298.25, 6748.0], [4298.0, 22494.0], [4297.5, 90610.0], [4297.0, 20.0], [4296.75, 35199.0]], "asks": [[4307.25, 160.0], [4307.5, 3098.0], [4307.75, 1234.0], [4308.0, 3552.0], [4308.25, 13939.0], [4308.5, 19492.0], [4309.75, 622.0], [4310.0, 3693.0], [4310.25, 12932.0], [4311.5, 4752.0], [4311.75, 16461.0], [4314.25, 2477.0], [4314.5, 6182.0], [4314.75, 620.0], [4315.25, 601.0], [4315.75, 623.0], [4316.25, 6127.0], [4316.5, 18345.0], [4316.75, 606.0], [4317.0, 246.0]]}}}
{"jsonrpc": "2.0", "method": "subscription", "params": {"channel": "book.ETH-5SEP25.none.20.100ms", "data": {"timestamp": 1756844928144, "change_id": 84923500340, "instrument_name": "ETH-5SEP25", "bids": [[4303.5, 1800.0], [4303.25, 1065.0], [4303.0, 1041.0], [4302.75, 6206.0], [4302.5, 50707.0], [4301.75, 1.0], [4301.0, 1.0], [4300.75, 265.0], [4300.5, 883.0], [4300.25, 7715.0], [4300.0, 25716.0], [4298.25, 20.0], [4297.75, 609.0], [4297.5, 2136.0], [4297.25, 6568.0], [4297.0, 22780.0], [4296.25, 275.0], [4296.0, 917.0], [4295.75, 1510.0], [4295.5, 5269.0]], "asks": [[4304.25, 1685.0], [4304.5, 1750.0], [4304.75, 5936.0], [4305.0, 19110.0], [4305.5, 240.0], [4305.75, 800.0], [4306.0, 240.0], [4306.25, 4491.0], [4306.5, 12604.0], [4306.75, 1000.0], [4308.0, 11.0], [4309.25, 5.0], [4309.5, 265.0], [4309.75, 883.0], [4310.0, 265.0], [4310.25, 8520.0], [4310.5, 25457.0], [4310.75, 266.0], [4311.0, 888.0], [4311.25, 272.0]]}}}
{"jsonrpc": "2.0", "method": "subscription", "params": {"channel": "book.ETH-5SEP25.none.20.100ms", "data": {"timestamp": 1756844928658, "change_id": 84923501258, "instrument_name": "ETH-5SEP25", "bids": [[4303.5, 1800.0], [4303.25, 1065.0], [4303.0, 1041.0], [4302.75, 6206.0], [4302.5, 50707.0], [4301.75, 1.0], [4301.0, 1.0], [4300.75, 265.0], [4300.5, 883.0], [4300.25, 7715.0], [4300.0, 25716.0], [4298.25, 20.0], [4297.75, 609.0], [4297.5, 2136.0], [4297.25, 6568.0], [4297.0, 22780.0], [4296.25, 275.0], [4296.0, 917.0], [4295.75, 1510.0], [4295.5, 5269.0]], "asks": [[4304.25, 1685.0], [4304.5, 1750.0], [4304.75, 5936.0], [4305.0, 19110.0], [4305.5, 240.0], [4305.75, 800.0], [4306.0, 240.0], [4306.25, 4491.0], [4306.5, 12604.0], [4306.75, 1000.0], [4308.0, 11.0], [4309.25, 5.0], [4309.5, 265.0], [4309.75, 883.0], [4310.0, 265.0], [4310.25, 8520.0], [4310.5, 25457.0], [4310.75, 266.0], [4311.0, 888.0], [4311.25, 272.0]]}}}
{"jsonrpc": "2.0", "method": "subscription", "params": {"channel": "book.ETH-12SEP25.none.20.100ms", "data": {"timestamp": 1756844929135, "change_id": 84923502172, "instrument_name": "ETH-12SEP25", "bids": [[4306.75, 8632.0], [4306.0, 10018.0], [4305.75, 50557.0], [4305.5, 460.0], [4305.25, 1000.0], [4304.75, 4752.0], [4304.5, 16462.0], [4302.75, 620.0], [4302.25, 622.0], [4301.5, 1902.0], [4301.25, 6340.0], [4301.0, 599.0], [4300.5, 604.0], [4299.0, 603.0], [4298.75, 7588.0], [4298.5, 26147.0], [4298.25, 6748.0], [4298.0, 22494.0], [4297.5, 90610.0], [4297.0, 20.0]], "asks": [[4307.25, 160.0], [4307.5, 3098.0], [4307.75, 1234.0], [4308.0, 3552.0], [4308.25, 12939.0], [4308.5, 19492.0], [4309.75, 622.0], [4310.0, 3693.0], [4310.25, 12932.0], [4311.5, 4752.0], [4311.75, 16461.0], [4314.25, 2477.0], [4314.5, 6182.0], [4314.75, 620.0], [4315.25, 601.0], [4315.75, 623.0], [4316.25, 6127.0], [4316.5, 18345.0], [4316.75, 606.0], [4317.0, 266.0]]}}}
{"jsonrpc": "2.0", "method": "subscription", "params": {"channel": "book.ETH-5SEP25.none.20.100ms", "data": {"timestamp": 1756844929060, "change_id": 84923502153, "instrument_name": "ETH-5SEP25", "bids": [[4303.5, 1800.0], [4303.25, 1065.0], [4303.0, 1041.0], [4302.75, 6206.0], [4302.5, 50707.0], [4301.75, 1.0], [4301.0, 1.0], [4300.25, 7715.0], [4300.0, 25716.0], [4298.25, 20.0], [4297.75, 609.0], [4297.5, 2136.0], [4297.25, 6568.0], [4297.0, 22780.0], [4296.25, 275.0], [4296.0, 917.0], [4295.75, 1510.0], [4295.5, 5269.0], [4295.25, 878.0], [4294.25, 883.0]], "asks": [[4304.25, 1685.0], [4304.5, 1750.0], [4304.75, 5936.0], [4305.0, 19375.0], [4305.25, 883.0], [4305.5, 475.0], [4305.75, 1683.0], [4306.0, 475.0], [4306.25, 5374.0], [4306.5, 12604.0], [4306.75, 1000.0], [4308.0, 11.0], [4309.25, 5.0], [4309.5, 265.0], [4309.75, 883.0], [4310.0, 265.0], [4310.25, 8520.0], [4310.5, 25457.0], [4310.75, 266.0], [4311.0, 888.0]]}}}
{"jsonrpc": "2.0", "method": "subscription", "params": {"channel": "book.ETH-12SEP25.none.20.100ms", "data": {"timestamp": 1756844929321, "change_id": 84923502240, "instrument_name": "ETH-12SEP25", "bids": [[4306.75, 8632.0], [4306.0, 10018.0], [4305.75, 50557.0], [4305.5, 460.0], [4305.25, 1000.0], [4304.75, 4752.0], [4304.5, 16462.0], [4302.25, 622.0], [4301.5, 1902.0], [4301.25, 6340.0], [4301.0, 599.0], [4300.5, 604.0], [4299.0, 603.0], [4298.75, 7588.0], [4298.5, 26147.0], [4298.25, 6748.0], [4298.0, 22494.0], [4297.5, 90610.0], [4297.0, 20.0], [4296.75, 35199.0]], "asks": [[4307.25, 160.0], [4307.5, 3098.0], [4307.75, 1234.0], [4308.0, 3552.0], [4308.25, 12939.0], [4308.5, 19492.0], [4309.75, 622.0], [4310.0, 3693.0], [4310.25, 12932.0], [4311.5, 4752.0], [4311.75, 16461.0], [4314.25, 2477.0], [4314.5, 6182.0], [4315.25, 601.0], [4315.75, 623.0], [4316.25, 6127.0], [4316.5, 18345.0], [4316.75, 606.0], [4317.0, 266.0], [4317.25, 820.0]]}}}
{"jsonrpc": "2.0", "method": "subscription", "params": {"channel": "book.ETH-5SEP25.none.20.100ms", "data": {"timestamp": 1756844929349, "change_id": 84923502251, "instrument_name": "ETH-5SEP25", "bids": [[4303.5, 1800.0], [4303.25, 1065.0], [4303.0, 1041.0], [4302.75, 6206.0], [4302.5, 50707.0], [4301.75, 1.0], [4301.0, 1.0], [4300.25, 7715.0], [4300.0, 25716.0], [4298.25, 20.0], [4297.75, 609.0], [4297.5, 2136.0], [4297.25, 6568.0], [4297.0, 22780.0], [4296.25, 275.0], [4296.0, 917.0], [4295.75, 1510.0], [4295.5, 32237.0], [4295.25, 90878.0], [4294.25, 883.0]], "asks": [[4304.25, 1685.0], [4304.5, 1750.0], [4304.75, 5936.0], [4305.0, 19375.0], [4305.25, 883.0], [4305.5, 475.0], [4305.75, 1683.0], [4306.0, 475.0], [4306.25, 5374.0], [4306.5, 12604.0], [4306.75, 1000.0], [4308.0, 11.0], [4309.25, 5.0], [4309.5, 265.0], [4309.75, 883.0], [4310.0, 265.0], [4310.25, 8520.0], [4310.5, 25457.0], [4310.75, 266.0], [4311.0, 888.0]]}}}
{"jsonrpc": "2.0", "method": "subscription", "params": {"channel": "book.ETH-12SEP25.none.20.100ms", "data": {"timestamp": 1756844929804, "change_id": 84923503016, "instrument_name": "ETH-12SEP25", "bids": [[4307.0, 1000.0], [4306.75, 8632.0], [4306.5, 300.0], [4306.25, 1000.0], [4306.0, 13388.0], [4305.75, 50557.0], [4305.5, 460.0], [4305.25, 1000.0], [4304.75, 4752.0], [4304.5, 16462.0], [4302.25, 622.0], [4301.5, 1902.0], [4301.25, 6340.0], [4301.0, 599.0], [4300.5, 604.0], [4299.0, 603.0], [4298.75, 7588.0], [4298.5, 26147.0], [4298.25, 6748.0], [4298.0, 22494.0]], "asks": [[4307.25, 160.0], [4307.5, 1750.0], [4307.75, 234.0], [4308.0, 3552.0], [4308.25, 12939.0], [4308.5, 19492.0], [4309.75, 622.0], [4310.0, 3693.0], [4310.25, 12932.0], [4311.5, 4752.0], [4311.75, 16461.0], [4314.25, 2477.0], [4314.5, 6182.0], [4315.25, 601.0], [4315.75, 623.0], [4316.25, 6127.0], [4316.5, 18345.0], [4316.75, 606.0], [4317.0, 266.0], [4317.25, 820.0]]}}}
{"jsonrpc": "2.0", "method": "subscription", "params": {"channel": "book.ETH-5SEP25.none.20.100ms", "data": {"timestamp": 1756844929749, "change_id": 84923502929, "instrument_name": "ETH-5SEP25", "bids": [[4303.5, 2040.0], [4303.25, 1065.0], [4303.0, 1041.0], [4302.75, 6206.0], [4302.5, 50707.0], [4301.75, 1.0], [4301.25, 265.0], [4301.0, 884.0], [4300.25, 7715.0], [4300.0, 25716.0], [4298.25, 20.0], [4297.75, 609.0], [4297.5, 2136.0], [4297.25, 6568.0], [4297.0, 22780.0], [4296.25, 275.0], [4296.0, 917.0], [4295.75, 1510.0], [4295.5, 32237.0], [4295.25, 90878.0]], "asks": [[4304.25, 919.0], [4304.5, 2750.0], [4304.75, 5936.0], [4305.0, 19110.0], [4305.5, 240.0], [4305.75, 800.0], [4306.0, 475.0], [4306.25, 5374.0], [4306.5, 12604.0], [4306.75, 1000.0], [4308.0, 11.0], [4309.25, 5.0], [4309.5, 265.0], [4309.75, 883.0], [4310.0, 265.0], [4310.25, 8520.0], [4310.5, 25457.0], [4310.75, 266.0], [4311.0, 888.0], [4311.25, 272.0]]}}}
{"jsonrpc": "2.0", "method": "subscription", "params": {"channel": "book.ETH-12SEP25.none.20.100ms", "data": {"timestamp": 1756844930197, "change_id": 84923503497, "instrument_name": "ETH-12SEP25", "bids": [[4307.0, 1000.0], [4306.75, 8632.0], [4306.5, 300.0], [4306.25, 1000.0], [4306.0, 13388.0], [4305.75, 50557.0], [4305.5, 460.0], [4305.25, 1000.0], [4304.75, 4752.0], [4304.5, 16462.0], [4302.25, 622.0], [4301.5, 1902.0], [4301.25, 6340.0], [4301.0, 599.0], [4300.5, 604.0], [4299.0, 603.0], [4298.75, 7588.0], [4298.5, 26147.0], [4298.25, 6748.0], [4298.0, 22494.0]], "asks": [[4307.25, 160.0], [4307.5, 2750.0], [4307.75, 234.0], [4308.0, 3552.0], [4308.25, 12939.0], [4308.5, 19492.0], [4309.75, 622.0], [4310.0, 3693.0], [4310.25, 12932.0], [4311.5, 4752.0], [4311.75, 16461.0], [4314.25, 2477.0], [4314.5, 6182.0], [4315.25, 601.0], [4315.75, 623.0], [4316.25, 6127.0], [4316.5, 18345.0], [4316.75, 606.0], [4317.0, 266.0], [4317.25, 820.0]]}}}
{"jsonrpc": "2.0", "method": "subscription", "params": {"channel": "book.ETH-5SEP25.none.20.100ms", "data": {"timestamp": 1756844930303, "change_id": 84923503531, "instrument_name": "ETH-5SEP25", "bids": [[4303.5, 2040.0], [4303.25, 1065.0], [4303.0, 1041.0], [4302.75, 6206.0], [4302.5, 50707.0], [4301.75, 1.0], [4301.25, 265.0], [4301.0, 884.0], [4300.25, 7715.0], [4300.0, 25716.0], [4298.25, 20.0], [4297.75, 609.0], [4297.5, 2136.0], [4297.25, 6568.0], [4297.0, 22780.0], [4296.25, 275.0], [4296.0, 917.0], [4295.75, 1510.0], [4295.5, 32237.0], [4295.25, 90878.0]], "asks": [[4304.25, 1685.0], [4304.5, 1750.0], [4304.75, 5936.0], [4305.0, 19110.0], [4305.5, 240.0], [4305.75, 800.0], [4306.0, 240.0], [4306.25, 4491.0], [4306.5, 12604.0], [4306.75, 1000.0], [4308.0, 11.0], [4309.25, 5.0], [4309.5, 265.0], [4309.75, 883.0], [4310.0, 265.0], [4310.25, 8520.0], [4310.5, 25457.0], [4310.75, 266.0], [4311.0, 888.0], [4311.25, 272.0]]}}}
{"jsonrpc": "2.0", "method": "subscription", "params": {"channel": "book.ETH-5SEP25.none.20.100ms", "data": {"timestamp": 1756844930772, "change_id": 84923504286, "instrument_name": "ETH-5SEP25", "bids": [[4303.75, 1800.0], [4303.5, 1040.0], [4303.25, 1065.0], [4303.0, 1041.0], [4302.75, 6206.0], [4302.5, 50707.0], [4301.75, 1.0], [4301.0, 1.0], [4300.25, 7715.0], [4300.0, 24833.0], [4298.25, 20.0], [4297.75, 266.0], [4297.5, 1253.0], [4297.25, 6568.0], [4297.0, 22780.0], [4296.25, 275.0], [4296.0, 917.0], [4295.75, 1510.0], [4295.5, 32237.0], [4295.25, 90878.0]], "asks": [[4304.25, 160.0], [4304.5, 2750.0], [4304.75, 5936.0], [4305.0, 19375.0], [4305.25, 883.0], [4305.5, 240.0], [4305.75, 1683.0], [4306.0, 240.0], [4306.25, 5374.0], [4306.5, 12604.0], [4306.75, 1000.0], [4308.0, 11.0], [4309.25, 5.0], [4309.5, 265.0], [4309.75, 883.0], [4310.0, 265.0], [4310.25, 8520.0], [4310.5, 25457.0], [4310.75, 266.0], [4311.0, 888.0]]}}}
{"jsonrpc": "2.0", "method": "subscription", "params": {"channel": "book.ETH-12SEP25.none.20.100ms", "data": {"timestamp": 1756844931021, "change_id": 84923504710, "instrument_name": "ETH-12SEP25", "bids": [[4307.0, 1000.0], [4306.75, 8632.0], [4306.5, 300.0], [4306.25, 1000.0], [4306.0, 13388.0], [4305.75, 50557.0], [4305.5, 460.0], [4305.25, 1000.0], [4304.75, 4752.0], [4304.5, 16462.0], [4302.25, 622.0], [4302.0, 1902.0], [4301.75, 6340.0], [4301.0, 599.0], [4300.5, 604.0], [4299.0, 603.0], [4298.75, 7588.0], [4298.5, 26147.0], [4298.25, 6748.0], [4298.0, 22494.0]], "asks": [[4307.25, 160.0], [4307.5, 2750.0], [4307.75, 234.0], [4308.0, 1000.0], [4308.25, 5307.0], [4308.5, 27122.0], [4309.75, 622.0], [4310.0, 3693.0], [4310.25, 12932.0], [4311.5, 4752.0], [4311.75, 16461.0], [4314.25, 2477.0], [4314.5, 6182.0], [4315.25, 601.0], [4315.75, 623.0], [4316.25, 6127.0], [4316.5, 18345.0], [4316.75, 606.0], [4317.0, 266.0], [4317.25, 820.0]]}}}
{"jsonrpc": "2.0", "method": "subscription", "params": {"channel": "book.ETH-5SEP25.none.20.100ms", "data": {"timestamp": 1756844931111, "change_id": 84923504755, "instrument_name": "ETH-5SEP25", "bids": [[4303.75, 1800.0], [4303.5, 1040.0], [4303.25, 1065.0], [4303.0, 1041.0], [4302.75, 6206.0], [4302.5, 50707.0], [4301.75, 1.0], [4301.0, 1.0], [4300.25, 7715.0], [4300.0, 24833.0], [4298.25, 20.0], [4297.75, 266.0], [4297.5, 1253.0], [4297.25, 6568.0], [4297.0, 22780.0], [4296.25, 275.0], [4296.0, 917.0], [4295.75, 1510.0], [4295.5, 32237.0], [4295.25, 90878.0]], "asks": [[4304.0, 883.0], [4304.25, 1685.0], [4304.5, 1750.0], [4304.75, 5936.0], [4305.0, 19110.0], [4305.25, 883.0], [4305.5, 240.0], [4305.75, 1683.0], [4306.0, 240.0], [4306.25, 5374.0], [4306.5, 12604.0], [4306.75, 1000.0], [4308.0, 11.0], [4309.25, 5.0], [4309.5, 265.0], [4309.75, 883.0], [4310.0, 265.0], [4310.25, 8520.0], [4310.5, 25457.0], [4310.75, 266.0]]}}}
{"jsonrpc": "2.0", "method": "subscription", "params": {"channel": "book.ETH-5SEP25.none.20.100ms", "data": {"timestamp": 1756844931467, "change_id": 84923504906, "instrument_name": "ETH-5SEP25", "bids": [[4303.75, 1800.0], [4303.5, 1040.0], [4303.25, 1065.0], [4303.0, 1040.0], [4302.75, 6207.0], [4302.5, 50707.0], [4301.5, 1.0], [4300.75, 1.0], [4300.0, 11.0], [4298.5, 24822.0], [4298.25, 20.0], [4297.75, 266.0], [4297.5, 1253.0], [4297.25, 6568.0], [4297.0, 22780.0], [4296.25, 275.0], [4296.0, 917.0], [4295.75, 1510.0], [4295.5, 32237.0], [4295.25, 90878.0]], "asks": [[4304.25, 685.0], [4304.5, 2750.0], [4304.75, 5936.0], [4305.0, 19110.0], [4305.25, 883.0], [4305.5, 240.0], [4305.75, 1683.0], [4306.0, 240.0], [4306.25, 5374.0], [4306.5, 12604.0], [4306.75, 1000.0], [4308.0, 11.0], [4309.25, 5.0], [4309.5, 265.0], [4309.75, 883.0], [4310.0, 265.0], [4310.25, 8520.0], [4310.5, 25457.0], [4310.75, 266.0], [4311.0, 888.0]]}}}
{"jsonrpc": "2.0", "method": "subscription", "params": {"channel": "book.ETH-12SEP25.none.20.100ms", "data": {"timestamp": 1756844931800, "change_id": 84923505670, "instrument_name": "ETH-12SEP25", "bids": [[4307.5, 300.0], [4307.25, 1563.0], [4307.0, 4290.0], [4306.75, 7632.0], [4306.5, 300.0], [4306.25, 1000.0], [4306.0, 13388.0], [4305.75, 50557.0], [4305.5, 460.0], [4305.25, 1000.0], [4305.0, 622.0], [4304.75, 4752.0], [4304.5, 16462.0], [4302.25, 622.0], [4302.0, 1902.0], [4301.75, 6340.0], [4301.0, 599.0], [4300.5, 604.0], [4299.0, 603.0], [4298.75, 7588.0]], "asks": [[4308.0, 1160.0], [4308.25, 7057.0], [4308.5, 27122.0], [4309.75, 622.0], [4310.0, 3693.0], [4310.25, 12932.0], [4311.5, 4752.0], [4311.75, 16461.0], [4314.25, 2477.0], [4314.5, 6182.0], [4315.25, 601.0], [4315.75, 623.0], [4316.25, 6127.0], [4316.5, 18345.0], [4316.75, 606.0], [4317.0, 266.0], [4317.25, 820.0], [4317.75, 613.0], [4318.25, 11163.0], [4318.5, 35199.0]]}}}
{"jsonrpc": "2.0", "method": "subscription", "params": {"channel": "book.ETH-5SEP25.none.20.100ms", "data": {"timestamp": 1756844931798, "change_id": 84923505668, "instrument_name": "ETH-5SEP25", "bids": [[4303.75, 2040.0], [4303.5, 1040.0], [4303.25, 1065.0], [4303.0, 1041.0], [4302.75, 6206.0], [4302.5, 50707.0], [4301.75, 1.0], [4300.75, 1.0], [4300.0, 11.0], [4298.5, 24822.0], [4298.25, 20.0], [4297.75, 266.0], [4297.5, 1253.0], [4297.25, 6568.0], [4297.0, 22780.0], [4296.25, 275.0], [4296.0, 917.0], [4295.75, 1510.0], [4295.5, 32237.0], [4295.25, 90878.0]], "asks": [[4304.75, 1000.0], [4305.0, 960.0], [4305.25, 9166.0], [4305.5, 19350.0], [4305.75, 800.0], [4306.0, 475.0], [4306.25, 5374.0], [4306.5, 12604.0], [4306.75, 1000.0], [4308.0, 11.0], [4309.25, 5.0], [4309.5, 265.0], [4309.75, 883.0], [4310.0, 265.0], [4310.25, 8520.0], [4310.5, 25457.0], [4310.75, 266.0], [4311.0, 888.0], [4311.25, 272.0], [4311.5, 908.0]]}}}
{"jsonrpc": "2.0", "method": "subscription", "params": {"channel": "book.ETH-12SEP25.none.20.100ms", "data": {"timestamp": 1756844932066, "change_id": 84923506267, "instrument_name": "ETH-12SEP25", "bids": [[4307.5, 2552.0], [4307.25, 9193.0], [4307.0, 2000.0], [4306.5, 300.0], [4306.25, 1000.0], [4306.0, 13388.0], [4305.75, 50557.0], [4305.5, 460.0], [4305.25, 1000.0], [4305.0, 622.0], [4304.75, 4752.0], [4304.5, 16462.0], [4302.25, 622.0], [4302.0, 1902.0], [4301.75, 6340.0], [4301.0, 599.0], [4300.5, 604.0], [4299.0, 603.0], [4298.75, 7588.0], [4298.5, 26147.0]], "asks": [[4308.0, 1685.0], [4308.25, 3926.0], [4308.5, 12219.0], [4308.75, 19097.0], [4309.75, 622.0], [4310.0, 3693.0], [4310.25, 12932.0], [4311.5, 4752.0], [4311.75, 16461.0], [4314.25, 2477.0], [4314.5, 6182.0], [4315.25, 601.0], [4315.75, 623.0], [4316.25, 6127.0], [4316.5, 18345.0], [4316.75, 606.0], [4317.0, 246.0], [4317.25, 820.0], [4317.5, 20.0], [4317.75, 613.0]]}}}
