{"jsonrpc": "2.0", "id": 1, "result": ["book.ETH-7NOV25.none.20.100ms", "book.ETH-14NOV25.none.20.100ms"], "usIn": 1762165635811177, "usOut": 1762165635811498, "usDiff": 321, "testnet": false}
{"jsonrpc": "2.0", "method": "subscription", "params": {"channel": "book.ETH-7NOV25.none.20.100ms", "data": {"timestamp": 1762165635713, "change_id": 94707733483, "instrument_name": "ETH-7NOV25", "bids": [[3714.0, 5356.0], [3713.75, 29600.0], [3713.5, 29017.0], [3713.25, 28405.0], [3713.0, 23737.0], [3712.25, 454.0], [3712.0, 319.0], [3711.75, 1068.0], [3711.25, 448.0], [3711.0, 1501.0], [3710.75, 462.0], [3709.75, 458.0], [3709.25, 452.0], [3708.5, 4226.0], [3708.25, 14615.0], [3707.75, 462.0], [3707.25, 7749.0], [3707.0, 24427.0], [3706.75, 449.0], [3706.25, 449.0]], "asks": [[3714.25, 5973.0], [3714.5, 33204.0], [3714.75, 42514.0], [3715.0, 57581.0], [3715.25, 5600.0], [3715.5, 3077.0], [3715.75, 8804.0], [3716.0, 458.0], [3716.75, 7727.0], [3717.0, 24342.0], [3717.25, 906.0], [3717.5, 1501.0], [3717.75, 458.0], [3718.0, 4273.0], [3718.25, 14316.0], [3718.75, 454.0], [3719.25, 7120.0], [3719.5, 22332.0], [3719.75, 456.0], [3722.25, 24730.0]]}}}
{"jsonrpc": "2.0", "method": "subscription", "params": {"channel": "book.ETH-14NOV25.none.20.100ms", "data": {"timestamp": 1762165635792, "change_id": 94707733723, "instrument_name": "ETH-14NOV25", "bids": [[3716.0, 3593.0], [3715.75, 2765.0], [3715.5, 4614.0], [3715.25, 1901.0], [3715.0, 1074.0], [3714.75, 2500.0], [3714.5, 328.0], [3713.25, 2157.0], [3713.0, 6136.0], [3712.75, 328.0], [3712.25, 328.0], [3711.5, 326.0], [3711.25, 547.0], [3711.0, 6186.0], [3710.75, 14586.0], [3710.5, 336.0], [3710.25, 1935.0], [3710.0, 6484.0], [3709.0, 330.0], [3708.0, 339.0]], "asks": [[3716.25, 3247.0], [3716.5, 5173.0], [3716.75, 6948.0], [3717.0, 15929.0], [3717.25, 32557.0], [3717.75, 328.0], [3718.75, 330.0], [3719.75, 332.0], [3720.25, 6451.0], [3720.5, 20505.0], [3720.75, 332.0], [3723.25, 5838.0], [3723.5, 18451.0], [3726.25, 333.0], [3726.75, 22654.0], [3727.0, 37133.0], [3727.25, 330.0], [3727.5, 37017.0], [3727.75, 40000.0], [3732.5, 333.0]]}}}
{"jsonrpc": "2.0", "method": "subscription", "params": {"channel": "book.ETH-14NOV25.none.20.100ms", "data": {"timestamp": 1762165635828, "change_id": 94707733817, "instrument_name": "ETH-14NOV25", "bids": [[3716.0, 3593.0], [3715.75, 2765.0], [3715.5, 4614.0], [3715.25, 1901.0], [3715.0, 1074.0], [3714.75, 2500.0], [3714.5, 328.0], [3713.25, 2157.0], [3713.0, 6136.0], [3712.75, 328.0], [3712.25, 328.0], [3711.5, 326.0], [3711.25, 547.0], [3711.0, 6186.0], [3710.75, 14586.0], [3710.5, 336.0], [3710.25, 1935.0], [3710.0, 6484.0], [3709.0, 330.0], [3708.0, 339.0]], "asks": [[3716.25, 3247.0], [3716.5, 6271.0], [3716.75, 8859.0], [3717.0, 13429.0], [3717.25, 32557.0], [3717.75, 328.0], [3718.75, 330.0], [3719.75, 332.0], [3720.25, 6451.0], [3720.5, 20505.0], [3720.75, 332.0], [3723.25, 5838.0], [3723.5, 18451.0], [3726.25, 333.0], [3726.75, 22654.0], [3727.0, 37133.0], [3727.25, 330.0], [3727.5, 37017.0], [3727.75, 40000.0], [3732.5, 333.0]]}}}
{"jsonrpc": "2.0", "method": "subscription", "params": {"channel": "book.ETH-7NOV25.none.20.100ms", "data": {"timestamp": 1762165635713, "change_id": 94707733483, "instrument_name": "ETH-7NOV25", "bids": [[3714.0, 5356.0], [3713.75, 29600.0], [3713.5, 29017.0], [3713.25, 28405.0], [3713.0, 23737.0], [3712.25, 454.0], [3712.0, 319.0], [3711.75, 1068.0], [3711.25, 448.0], [3711.0, 1501.0], [3710.75, 462.0], [3709.75, 458.0], [3709.25, 452.0], [3708.5, 4226.0], [3708.25, 14615.0], [3707.75, 462.0], [3707.25, 7749.0], [3707.0, 24427.0], [3706.75, 449.0], [3706.25, 449.0]], "asks": [[3714.25, 5973.0], [3714.5, 33204.0], [3714.75, 42514.0], [3715.0, 57581.0], [3715.25, 5600.0], [3715.5, 3077.0], [3715.75, 8804.0], [3716.0, 458.0], [3716.75, 7727.0], [3717.0, 24342.0], [3717.25, 906.0], [3717.5, 1501.0], [3717.75, 458.0], [3718.0, 4273.0], [3718.25, 14316.0], [3718.75, 454.0], [3719.25, 7120.0], [3719.5, 22332.0], [3719.75, 456.0], [3722.25, 24730.0]]}}}
{"jsonrpc": "2.0", "method": "subscription", "params": {"channel": "book.ETH-14NOV25.none.20.100ms", "data": {"timestamp": 1762165636180, "change_id": 94707734412, "instrument_name": "ETH-14NOV25", "bids": [[3716.0, 4079.0], [3715.75, 2765.0], [3715.5, 4942.0], [3715.25, 1901.0], [3715.0, 1074.0], [3714.75, 2500.0], [3714.5, 328.0], [3713.25, 2157.0], [3713.0, 6136.0], [3712.25, 328.0], [3711.5, 326.0], [3711.25, 547.0], [3711.0, 6186.0], [3710.75, 14586.0], [3710.5, 336.0], [3710.25, 1935.0], [3710.0, 6484.0], [3709.0, 330.0], [3708.0, 339.0], [3707.25, 11.0]], "asks": [[3716.5, 5173.0], [3716.75, 6359.0], [3717.0, 13429.0], [3717.25, 32557.0], [3718.75, 330.0], [3719.75, 332.0], [3720.25, 6451.0], [3720.5, 20505.0], [3720.75, 332.0], [3723.25, 5838.0], [3723.5, 18451.0], [3726.25, 333.0], [3726.75, 22654.0], [3727.0, 37133.0], [3727.25, 330.0], [3727.5, 37017.0], [3727.75, 40000.0], [3732.5, 333.0], [3733.0, 36757.0], [3736.25, 339.0]]}}}
{"jsonrpc": "2.0", "method": "subscription", "params": {"channel": "book.ETH-7NOV25.none.20.100ms", "data": {"timestamp": 1762165636163, "change_id": 94707734365, "instrument_name": "ETH-7NOV25", "bids": [[3714.0, 5356.0], [3713.75, 32100.0], [3713.5, 26517.0], [3713.25, 22333.0], [3713.0, 2631.0], [3712.25, 454.0], [3712.0, 319.0], [3711.75, 1068.0], [3711.25, 448.0], [3711.0, 1501.0], [3710.75, 462.0], [3709.75, 458.0], [3709.25, 452.0], [3708.5, 4226.0], [3708.25, 14615.0], [3707.75, 462.0], [3707.25, 7749.0], [3707.0, 24427.0], [3706.75, 449.0], [3706.25, 449.0]], "asks": [[3714.5, 33204.0], [3714.75, 42514.0], [3715.0, 57581.0], [3715.25, 5600.0], [3715.5, 449.0], [3716.0, 458.0], [3716.75, 7727.0], [3717.0, 24342.0], [3717.25, 906.0], [3717.5, 1501.0], [3717.75, 458.0], [3718.0, 4273.0], [3718.25, 14316.0], [3718.75, 454.0], [3719.25, 7120.0], [3719.5, 22332.0], [3719.75, 456.0], [3722.25, 24730.0], [3723.0, 451.0], [3723.5, 460.0]]}}}
{"jsonrpc": "2.0", "method": "subscription", "params": {"channel": "book.ETH-14NOV25.none.20.100ms", "data": {"timestamp": 1762165636506, "change_id": 94707735149, "instrument_name": "ETH-14NOV25", "bids": [[3716.5, 576.0], [3716.25, 10016.0], [3716.0, 29120.0], [3715.75, 4874.0], [3715.5, 2229.0], [3715.25, 273.0], [3715.0, 1074.0], [3714.75, 2500.0], [3714.5, 328.0], [3713.75, 1832.0], [3713.5, 6136.0], [3713.25, 325.0], [3712.25, 328.0], [3711.5, 326.0], [3711.25, 547.0], [3711.0, 6186.0], [3710.75, 14586.0], [3710.5, 336.0], [3710.0, 332.0], [3709.5, 6152.0]], "asks": [[3716.75, 3500.0], [3717.0, 4907.0], [3717.25, 3218.0], [3717.5, 8398.0], [3717.75, 28593.0], [3718.75, 330.0], [3719.75, 332.0], [3720.25, 6451.0], [3720.5, 20505.0], [3720.75, 332.0], [3723.25, 5838.0], [3723.5, 18451.0], [3726.25, 333.0], [3726.75, 22654.0], [3727.0, 37133.0], [3727.25, 330.0], [3727.5, 37017.0], [3727.75, 40000.0], [3732.5, 333.0], [3733.0, 36757.0]]}}}
{"jsonrpc": "2.0", "method": "subscription", "params": {"channel": "book.ETH-7NOV25.none.20.100ms", "data": {"timestamp": 1762165636508, "change_id": 94707735152, "instrument_name": "ETH-7NOV25", "bids": [[3714.5, 756.0], [3714.25, 4600.0], [3714.0, 33473.0], [3713.75, 11302.0], [3713.5, 29606.0], [3713.25, 21548.0], [3712.25, 454.0], [3712.0, 319.0], [3711.75, 1068.0], [3711.25, 448.0], [3711.0, 1501.0], [3709.75, 458.0], [3709.25, 452.0], [3708.5, 4226.0], [3708.25, 14615.0], [3707.75, 462.0], [3707.5, 7428.0], [3707.25, 24885.0], [3706.75, 449.0], [3706.25, 449.0]], "asks": [[3714.75, 5973.0], [3715.0, 27836.0], [3715.25, 16461.0], [3715.5, 27949.0], [3716.0, 458.0], [3716.75, 7727.0], [3717.0, 24342.0], [3717.25, 906.0], [3717.5, 1501.0], [3717.75, 458.0], [3718.0, 4273.0], [3718.25, 14316.0], [3718.75, 454.0], [3719.25, 7120.0], [3719.5, 22332.0], [3719.75, 456.0], [3722.25, 24730.0], [3723.0, 451.0], [3723.5, 460.0], [3724.0, 454.0]]}}}
{"jsonrpc": "2.0", "method": "subscription", "params": {"channel": "book.ETH-14NOV25.none.20.100ms", "data": {"timestamp": 1762165636652, "change_id": 94707735356, "instrument_name": "ETH-14NOV25", "bids": [[3716.5, 576.0], [3716.25, 11644.0], [3716.0, 30748.0], [3715.75, 1901.0], [3715.5, 7980.0], [3715.25, 25635.0], [3715.0, 1074.0], [3714.75, 2500.0], [3714.5, 328.0], [3713.75, 1832.0], [3713.5, 6136.0], [3713.25, 325.0], [3712.25, 328.0], [3711.5, 326.0], [3711.25, 547.0], [3711.0, 6186.0], [3710.75, 14586.0], [3710.5, 336.0], [3710.0, 332.0], [3709.5, 6152.0]], "asks": [[3716.75, 3500.0], [3717.0, 5355.0], [3717.25, 12355.0], [3717.5, 27701.0], [3717.75, 3593.0], [3718.75, 330.0], [3719.75, 332.0], [3720.25, 6451.0], [3720.5, 20505.0], [3720.75, 332.0], [3723.25, 5838.0], [3723.5, 18451.0], [3726.25, 333.0], [3726.75, 22654.0], [3727.0, 37133.0], [3727.25, 330.0], [3727.5, 37017.0], [3727.75, 40000.0], [3732.5, 333.0], [3733.0, 36757.0]]}}}
{"jsonrpc": "2.0", "method": "subscription", "params": {"channel": "book.ETH-7NOV25.none.20.100ms", "data": {"timestamp": 1762165636712, "change_id": 94707735445, "instrument_name": "ETH-7NOV25", "bids": [[3714.5, 756.0], [3714.25, 25706.0], [3714.0, 59882.0], [3713.75, 26628.0], [3713.5, 3089.0], [3712.25, 454.0], [3712.0, 319.0], [3711.75, 1068.0], [3711.25, 448.0], [3711.0, 1501.0], [3709.75, 458.0], [3709.25, 452.0], [3708.5, 4226.0], [3708.25, 14615.0], [3707.75, 462.0], [3707.5, 7428.0], [3707.25, 24885.0], [3706.75, 449.0], [3706.25, 449.0], [3705.5, 464.0]], "asks": [[3714.75, 5973.0], [3715.0, 34707.0], [3715.25, 45428.0], [3715.5, 46555.0], [3716.0, 458.0], [3716.75, 7727.0], [3717.0, 24342.0], [3717.25, 906.0], [3717.5, 1501.0], [3717.75, 458.0], [3718.0, 4273.0], [3718.25, 14316.0], [3718.75, 454.0], [3719.25, 7120.0], [3719.5, 22332.0], [3719.75, 456.0], [3722.25, 24730.0], [3723.0, 451.0], [3723.5, 460.0], [3724.0, 454.0]]}}}
{"jsonrpc": "2.0", "method": "subscription", "params": {"channel": "book.ETH-7NOV25.none.20.100ms", "data": {"timestamp": 1762165637081, "change_id": 94707736092, "instrument_name": "ETH-7NOV25", "bids": [[3714.5, 756.0], [3714.25, 25706.0], [3714.0, 59882.0], [3713.75, 26628.0], [3713.5, 3089.0], [3712.25, 454.0], [3712.0, 319.0], [3711.75, 1068.0], [3711.25, 448.0], [3711.0, 1501.0], [3709.75, 458.0], [3709.25, 452.0], [3708.5, 4226.0], [3708.25, 14615.0], [3707.75, 462.0], [3707.5, 7428.0], [3707.25, 24885.0], [3706.75, 449.0], [3706.25, 449.0], [3705.5, 475.0]], "asks": [[3714.75, 5973.0], [3715.0, 34707.0], [3715.25, 51648.0], [3715.5, 72190.0], [3716.0, 458.0], [3716.75, 7727.0], [3717.0, 24342.0], [3717.25, 906.0], [3717.5, 1501.0], [3717.75, 458.0], [3718.0, 4273.0], [3718.25, 14316.0], [3718.75, 454.0], [3719.25, 7120.0], [3719.5, 22332.0], [3719.75, 456.0], [3722.25, 24730.0], [3723.0, 451.0], [3723.5, 460.0], [3724.0, 454.0]]}}}
{"jsonrpc": "2.0", "method": "subscription", "params": {"channel": "book.ETH-14NOV25.none.20.100ms", "data": {"timestamp": 1762165637303, "change_id": 94707736197, "instrument_name": "ETH-14NOV25", "bids": [[3716.5, 576.0], [3716.25, 11644.0], [3716.0, 30748.0], [3715.75, 1901.0], [3715.5, 7980.0], [3715.25, 25635.0], [3715.0, 1074.0], [3714.75, 2500.0], [3714.5, 328.0], [3713.75, 1832.0], [3713.5, 6136.0], [3713.25, 325.0], [3712.25, 328.0], [3711.5, 326.0], [3711.25, 547.0], [3711.0, 6186.0], [3710.75, 14586.0], [3710.5, 336.0], [3710.0, 332.0], [3709.5, 6152.0]], "asks": [[3716.75, 3500.0], [3717.0, 6044.0], [3717.25, 14855.0], [3717.5, 27701.0], [3717.75, 3593.0], [3718.75, 330.0], [3719.75, 332.0], [3720.25, 6451.0], [3720.5, 20505.0], [3720.75, 332.0], [3723.25, 5838.0], [3723.5, 18451.0], [3726.25, 333.0], [3726.75, 22654.0], [3727.0, 37133.0], [3727.25, 330.0], [3727.5, 37017.0], [3727.75, 40000.0], [3732.5, 333.0], [3733.0, 36757.0]]}}}
{"jsonrpc": "2.0", "method": "subscription", "params": {"channel": "book.ETH-7NOV25.none.20.100ms", "data": {"timestamp": 1762165637382, "change_id": 94707736228, "instrument_name": "ETH-7NOV25", "bids": [[3714.5, 756.0], [3714.25, 25706.0], [3714.0, 59882.0], [3713.75, 26628.0], [3713.5, 3089.0], [3712.25, 454.0], [3712.0, 319.0], [3711.75, 1068.0], [3711.25, 448.0], [3711.0, 1501.0], [3709.75, 458.0], [3709.25, 452.0], [3708.5, 4226.0], [3708.25, 14615.0], [3707.75, 462.0], [3707.5, 7428.0], [3707.25, 24885.0], [3706.75, 449.0], [3706.25, 449.0], [3705.5, 475.0]], "asks": [[3714.75, 5973.0], [3715.0, 42038.0], [3715.25, 70428.0], [3715.5, 47190.0], [3716.0, 458.0], [3716.75, 7727.0], [3717.0, 24342.0], [3717.25, 906.0], [3717.5, 1501.0], [3717.75, 458.0], [3718.0, 4273.0], [3718.25, 14316.0], [3718.75, 454.0], [3719.25, 7120.0], [3719.5, 22332.0], [3719.75, 456.0], [3722.25, 24730.0], [3723.0, 451.0], [3723.5, 460.0], [3724.0, 454.0]]}}}
{"jsonrpc": "2.0", "method": "subscription", "params": {"channel": "book.ETH-14NOV25.none.20.100ms", "data": {"timestamp": 1762165637816, "change_id": 94707736867, "instrument_name": "ETH-14NOV25", "bids": [[3716.5, 576.0], [3716.25, 11644.0], [3716.0, 30748.0], [3715.75, 1901.0], [3715.5, 7980.0], [3715.25, 25635.0], [3715.0, 1074.0], [3714.75, 2500.0], [3714.5, 328.0], [3713.75, 1832.0], [3713.5, 6136.0], [3713.25, 325.0], [3712.25, 328.0], [3711.5, 326.0], [3711.25, 547.0], [3711.0, 6186.0], [3710.75, 14586.0], [3710.5, 336.0], [3710.0, 332.0], [3709.5, 6152.0]], "asks": [[3716.75, 3500.0], [3717.0, 7855.0], [3717.25, 12355.0], [3717.5, 27701.0], [3717.75, 3593.0], [3718.75, 330.0], [3719.75, 332.0], [3720.25, 6451.0], [3720.5, 20505.0], [3720.75, 332.0], [3723.25, 5838.0], [3723.5, 18451.0], [3726.25, 333.0], [3726.75, 22654.0], [3727.0, 37133.0], [3727.25, 330.0], [3727.5, 37017.0], [3727.75, 40000.0], [3732.5, 333.0], [3733.0, 36757.0]]}}}
{"jsonrpc": "2.0", "method": "subscription", "params": {"channel": "book.ETH-7NOV25.none.20.100ms", "data": {"timestamp": 1762165637566, "change_id": 94707736461, "instrument_name": "ETH-7NOV25", "bids": [[3714.25, 4600.0], [3714.0, 59440.0], [3713.75, 27070.0], [3713.5, 24195.0], [3712.25, 454.0], [3712.0, 319.0], [3711.75, 1068.0], [3711.25, 448.0], [3711.0, 1501.0], [3709.75, 458.0], [3709.25, 452.0], [3708.5, 4226.0], [3708.25, 14615.0], [3707.75, 462.0], [3707.5, 7428.0], [3707.25, 24885.0], [3706.75, 449.0], [3706.25, 449.0], [3705.5, 475.0], [3705.25, 1114.0]], "asks": [[3714.75, 12234.0], [3715.0, 42038.0], [3715.25, 70428.0], [3715.5, 47190.0], [3716.0, 458.0], [3716.75, 7727.0], [3717.0, 24342.0], [3717.25, 906.0], [3717.5, 1501.0], [3717.75, 458.0], [3718.0, 4273.0], [3718.25, 14316.0], [3718.75, 454.0], [3719.25, 7120.0], [3719.5, 22332.0], [3719.75, 456.0], [3722.25, 24730.0], [3723.0, 451.0], [3723.5, 460.0], [3724.0, 454.0]]}}}
{"jsonrpc": "2.0", "method": "subscription", "params": {"channel": "book.ETH-14NOV25.none.20.100ms", "data": {"timestamp": 1762165638439, "change_id": 94707737467, "instrument_name": "ETH-14NOV25", "bids": [[3716.5, 576.0], [3716.25, 11644.0], [3716.0, 30748.0], [3715.75, 1901.0], [3715.5, 7980.0], [3715.25, 25635.0], [3715.0, 1074.0], [3714.75, 2500.0], [3714.5, 328.0], [3713.75, 1832.0], [3713.5, 6136.0], [3712.25, 328.0], [3711.5, 326.0], [3711.25, 547.0], [3711.0, 6186.0], [3710.75, 14586.0], [3710.5, 336.0], [3710.0, 332.0], [3709.75, 732.0], [3709.5, 6152.0]], "asks": [[3716.75, 3500.0], [3717.0, 7855.0], [3717.25, 12355.0], [3717.5, 27701.0], [3717.75, 3593.0], [3719.75, 332.0], [3720.25, 6451.0], [3720.5, 20505.0], [3720.75, 332.0], [3723.25, 5838.0], [3723.5, 18451.0], [3726.25, 333.0], [3726.75, 22654.0], [3727.0, 37133.0], [3727.25, 330.0], [3727.5, 37017.0], [3727.75, 40000.0], [3732.5, 333.0], [3733.0, 36757.0], [3736.25, 339.0]]}}}
{"jsonrpc": "2.0", "method": "subscription", "params": {"channel": "book.ETH-7NOV25.none.20.100ms", "data": {"timestamp": 1762165638818, "change_id": 94707737912, "instrument_name": "ETH-7NOV25", "bids": [[3714.25, 4600.0], [3714.0, 59440.0], [3713.75, 27070.0], [3713.5, 24195.0], [3712.25, 454.0], [3712.0, 319.0], [3711.75, 1068.0], [3711.25, 448.0], [3711.0, 1501.0], [3709.25, 452.0], [3708.5, 4226.0], [3708.25, 14615.0], [3707.75, 462.0], [3707.5, 7428.0], [3707.25, 24885.0], [3706.75, 449.0], [3706.25, 449.0], [3705.5, 475.0], [3705.25, 1114.0], [3705.0, 26192.0]], "asks": [[3714.75, 12234.0], [3715.0, 42038.0], [3715.25, 70428.0], [3715.5, 47190.0], [3716.0, 458.0], [3716.75, 7727.0], [3717.0, 24342.0], [3717.25, 906.0], [3717.5, 1501.0], [3717.75, 458.0], [3718.0, 4273.0], [3718.25, 14316.0], [3718.75, 454.0], [3719.25, 7120.0], [3719.5, 22332.0], [3719.75, 456.0], [3722.25, 24730.0], [3723.0, 451.0], [3723.5, 460.0], [3724.0, 454.0]]}}}
{"jsonrpc": "2.0", "method": "subscription", "params": {"channel": "book.ETH-14NOV25.none.20.100ms", "data": {"timestamp": 1762165638883, "change_id": 94707737918, "instrument_name": "ETH-14NOV25", "bids": [[3716.5, 576.0], [3716.25, 11644.0], [3716.0, 30748.0], [3715.75, 1901.0], [3715.5, 7980.0], [3715.25, 25635.0], [3715.0, 1074.0], [3714.75, 2500.0], [3714.5, 328.0], [3713.75, 1832.0], [3713.5, 6136.0], [3712.25, 328.0], [3711.5, 326.0], [3711.25, 547.0], [3711.0, 6186.0], [3710.75, 14586.0], [3710.5, 336.0], [3710.0, 332.0], [3709.75, 732.0], [3709.5, 6152.0]], "asks": [[3716.75, 3500.0], [3717.0, 7855.0], [3717.25, 12355.0], [3717.5, 27701.0], [3717.75, 3593.0], [3719.75, 332.0], [3720.25, 6451.0], [3720.5, 20505.0], [3720.75, 332.0], [3723.25, 5838.0], [3723.5, 18451.0], [3726.25, 333.0], [3726.75, 22654.0], [3727.0, 37133.0], [3727.25, 330.0], [3727.5, 37017.0], [3727.75, 40000.0], [3732.5, 333.0], [3733.0, 36757.0], [3736.25, 339.0]]}}}
{"jsonrpc": "2.0", "method": "subscription", "params": {"channel": "book.ETH-14NOV25.none.20.100ms", "data": {"timestamp": 1762165639445, "change_id": 94707738469, "instrument_name": "ETH-14NOV25", "bids": [[3716.5, 576.0], [3716.25, 11644.0], [3716.0, 30748.0], [3715.75, 1901.0], [3715.5, 7980.0], [3715.25, 25635.0], [3715.0, 1074.0], [3714.75, 2500.0], [3714.5, 328.0], [3713.75, 1832.0], [3713.5, 6136.0], [3712.25, 328.0], [3711.5, 326.0], [3711.25, 547.0], [3711.0, 6186.0], [3710.75, 14586.0], [3710.5, 336.0], [3710.0, 332.0], [3709.75, 732.0], [3709.5, 6152.0]], "asks": [[3716.75, 3500.0], [3717.0, 7110.0], [3717.25, 9855.0], [3717.5, 27701.0], [3717.75, 3593.0], [3719.75, 332.0], [3720.25, 6451.0], [3720.5, 20505.0], [3720.75, 332.0], [3723.25, 5838.0], [3723.5, 18451.0], [3726.25, 333.0], [3726.75, 22654.0], [3727.0, 37133.0], [3727.25, 330.0], [3727.5, 37017.0], [3727.75, 40000.0], [3732.5, 333.0], [3733.0, 36757.0], [3736.25, 339.0]]}}}
{"jsonrpc": "2.0", "method": "subscription", "params": {"channel": "book.ETH-14NOV25.none.20.100ms", "data": {"timestamp": 1762165639775, "change_id": 94707738958, "instrument_name": "ETH-14NOV25", "bids": [[3716.5, 4169.0], [3716.25, 27860.0], [3716.0, 4614.0], [3715.75, 1901.0], [3715.5, 7980.0], [3715.25, 25635.0], [3715.0, 1074.0], [3714.75, 2500.0], [3714.5, 328.0], [3713.75, 1832.0], [3713.5, 6136.0], [3712.25, 328.0], [3711.5, 326.0], [3711.25, 547.0], [3711.0, 6186.0], [3710.75, 14586.0], [3710.5, 336.0], [3710.0, 332.0], [3709.75, 732.0], [3709.5, 6152.0]], "asks": [[3716.75, 3500.0], [3717.0, 4610.0], [3717.25, 9855.0], [3717.5, 30201.0], [3717.75, 3593.0], [3719.75, 332.0], [3720.25, 6451.0], [3720.5, 20505.0], [3720.75, 332.0], [3723.25, 5838.0], [3723.5, 18451.0], [3726.25, 333.0], [3726.75, 22654.0], [3727.0, 37133.0], [3727.25, 330.0], [3727.5, 37017.0], [3727.75, 40000.0], [3732.5, 333.0], [3733.0, 36757.0], [3736.25, 339.0]]}}}
{"jsonrpc": "2.0", "method": "subscription", "params": {"channel": "book.ETH-7NOV25.none.20.100ms", "data": {"timestamp": 1762165639777, "change_id": 94707738961, "instrument_name": "ETH-7NOV25", "bids": [[3714.5, 5356.0], [3714.25, 25706.0], [3714.0, 59882.0], [3713.75, 26628.0], [3713.5, 3089.0], [3712.25, 454.0], [3712.0, 319.0], [3711.75, 1068.0], [3711.25, 448.0], [3711.0, 1501.0], [3709.25, 452.0], [3708.5, 4226.0], [3708.25, 14615.0], [3707.75, 462.0], [3707.5, 7428.0], [3707.25, 24885.0], [3706.75, 449.0], [3706.25, 449.0], [3705.5, 475.0], [3705.25, 1114.0]], "asks": [[3714.75, 5973.0], [3715.0, 42038.0], [3715.25, 67928.0], [3715.5, 47936.0], [3715.75, 2500.0], [3716.0, 458.0], [3716.75, 7727.0], [3717.0, 24342.0], [3717.25, 906.0], [3717.5, 1501.0], [3717.75, 458.0], [3718.0, 4273.0], [3718.25, 14316.0], [3718.75, 454.0], [3719.25, 7120.0], [3719.5, 22332.0], [3719.75, 456.0], [3722.25, 24730.0], [3723.0, 451.0], [3723.5, 460.0]]}}}
{"jsonrpc": "2.0", "method": "subscription", "params": {"channel": "book.ETH-14NOV25.none.20.100ms", "data": {"timestamp": 1762165640066, "change_id": 94707739341, "instrument_name": "ETH-14NOV25", "bids": [[3716.5, 4169.0], [3716.25, 27860.0], [3716.0, 4614.0], [3715.75, 1901.0], [3715.5, 7980.0], [3715.25, 25635.0], [3715.0, 1074.0], [3714.75, 2500.0], [3714.5, 328.0], [3714.0, 2160.0], [3713.75, 6136.0], [3712.25, 328.0], [3711.5, 326.0], [3711.25, 547.0], [3711.0, 6186.0], [3710.75, 14586.0], [3710.5, 336.0], [3710.0, 332.0], [3709.75, 6152.0], [3709.0, 330.0]], "asks": [[3716.75, 3500.0], [3717.0, 5393.0], [3717.25, 12355.0], [3717.5, 27701.0], [3717.75, 3593.0], [3719.75, 332.0], [3720.25, 6451.0], [3720.5, 20505.0], [3720.75, 332.0], [3723.25, 5838.0], [3723.5, 18451.0], [3726.25, 333.0], [3726.75, 22654.0], [3727.0, 37133.0], [3727.25, 330.0], [3727.5, 37017.0], [3727.75, 40000.0], [3732.5, 333.0], [3733.0, 36757.0], [3736.25, 339.0]]}}}
{"jsonrpc": "2.0", "method": "subscription", "params": {"channel": "book.ETH-7NOV25.none.20.100ms", "data": {"timestamp": 1762165639847, "change_id": 94707739072, "instrument_name": "ETH-7NOV25", "bids": [[3714.5, 5356.0], [3714.25, 25706.0], [3714.0, 59882.0], [3713.75, 26628.0], [3713.5, 3089.0], [3712.25, 454.0], [3712.0, 319.0], [3711.75, 1068.0], [3711.25, 448.0], [3711.0, 1501.0], [3709.25, 452.0], [3708.5, 4226.0], [3708.25, 14615.0], [3707.75, 462.0], [3707.5, 7428.0], [3707.25, 24885.0], [3706.75, 449.0], [3706.25, 449.0], [3705.5, 475.0], [3705.25, 1114.0]], "asks": [[3714.75, 5973.0], [3715.0, 42038.0], [3715.25, 67928.0], [3715.5, 49690.0], [3716.0, 458.0], [3716.75, 7727.0], [3717.0, 24342.0], [3717.25, 906.0], [3717.5, 1501.0], [3717.75, 458.0], [3718.0, 4273.0], [3718.25, 14316.0], [3718.75, 454.0], [3719.25, 7120.0], [3719.5, 22332.0], [3719.75, 456.0], [3722.25, 24730.0], [3723.0, 451.0], [3723.5, 460.0], [3724.0, 454.0]]}}}
{"jsonrpc": "2.0", "method": "subscription", "params": {"channel": "book.ETH-14NOV25.none.20.100ms", "data": {"timestamp": 1762165640473, "change_id": 94707739970, "instrument_name": "ETH-14NOV25", "bids": [[3716.25, 486.0], [3716.0, 9904.0], [3715.75, 27745.0], [3715.5, 12112.0], [3715.25, 25635.0], [3715.0, 328.0], [3714.5, 328.0], [3714.0, 2160.0], [3713.75, 6136.0], [3712.25, 328.0], [3711.5, 326.0], [3711.25, 547.0], [3711.0, 6186.0], [3710.75, 14586.0], [3710.5, 336.0], [3710.0, 332.0], [3709.75, 6152.0], [3709.0, 330.0], [3708.0, 339.0], [3707.25, 13.0]], "asks": [[3716.75, 5320.0], [3717.0, 15919.0], [3717.25, 33439.0], [3717.5, 1628.0], [3719.75, 332.0], [3720.25, 6451.0], [3720.5, 20505.0], [3720.75, 332.0], [3723.25, 5838.0], [3723.5, 18451.0], [3726.25, 333.0], [3726.75, 33738.0], [3727.0, 37133.0], [3727.25, 330.0], [3727.5, 37017.0], [3727.75, 40000.0], [3732.5, 333.0], [3733.0, 36757.0], [3736.25, 339.0], [3736.75, 40337.0]]}}}
{"jsonrpc": "2.0", "method": "subscription", "params": {"channel": "book.ETH-7NOV25.none.20.100ms", "data": {"timestamp": 1762165640412, "change_id": 94707739968, "instrument_name": "ETH-7NOV25", "bids": [[3714.0, 4600.0], [3713.75, 33363.0], [3713.5, 55917.0], [3713.25, 21106.0], [3712.25, 454.0], [3712.0, 319.0], [3711.75, 1068.0], [3711.25, 448.0], [3711.0, 1501.0], [3709.25, 452.0], [3708.5, 4226.0], [3708.25, 14615.0], [3707.75, 7753.0], [3707.5, 24427.0], [3707.25, 458.0], [3706.75, 449.0], [3706.25, 449.0], [3705.5, 808.0], [3705.25, 1114.0], [3705.0, 26192.0]], "asks": [[3714.5, 11487.0], [3714.75, 37956.0], [3715.0, 59707.0], [3715.25, 40067.0], [3715.5, 26084.0], [3716.0, 458.0], [3716.75, 7727.0], [3717.0, 24342.0], [3717.25, 906.0], [3717.5, 1501.0], [3717.75, 458.0], [3718.0, 4273.0], [3718.25, 14316.0], [3718.75, 454.0], [3719.25, 7120.0], [3719.5, 22332.0], [3719.75, 456.0], [3722.25, 24730.0], [3723.0, 451.0], [3723.5, 460.0]]}}}
{"jsonrpc": "2.0", "method": "subscription", "params": {"channel": "book.ETH-14NOV25.none.20.100ms", "data": {"timestamp": 1762165640770, "change_id": 94707740555, "instrument_name": "ETH-14NOV25", "bids": [[3716.0, 8276.0], [3715.75, 27472.0], [3715.5, 11784.0], [3715.25, 27542.0], [3714.5, 328.0], [3714.0, 2160.0], [3713.75, 6136.0], [3712.25, 328.0], [3711.5, 326.0], [3711.25, 547.0], [3711.0, 6186.0], [3710.75, 14586.0], [3710.5, 336.0], [3710.0, 332.0], [3709.75, 6152.0], [3709.0, 330.0], [3708.0, 339.0], [3707.25, 13.0], [3707.0, 1445.0], [3706.75, 45.0]], "asks": [[3716.5, 3545.0], [3716.75, 6953.0], [3717.0, 15919.0], [3717.25, 33439.0], [3719.75, 332.0], [3720.25, 6451.0], [3720.5, 20505.0], [3720.75, 332.0], [3723.25, 5838.0], [3723.5, 18451.0], [3726.25, 333.0], [3726.75, 33738.0], [3727.0, 37133.0], [3727.25, 330.0], [3727.5, 37017.0], [3727.75, 40000.0], [3732.5, 333.0], [3733.0, 36757.0], [3736.25, 339.0], [3736.75, 40337.0]]}}}
{"jsonrpc": "2.0", "method": "subscription", "params": {"channel": "book.ETH-7NOV25.none.20.100ms", "data": {"timestamp": 1762165640671, "change_id": 94707740286, "instrument_name": "ETH-7NOV25", "bids": [[3713.75, 7100.0], [3713.5, 55017.0], [3713.25, 27658.0], [3713.0, 21106.0], [3712.25, 454.0], [3712.0, 319.0], [3711.75, 1068.0], [3711.25, 448.0], [3711.0, 1501.0], [3709.25, 452.0], [3708.5, 4226.0], [3708.25, 14615.0], [3707.75, 7753.0], [3707.5, 24427.0], [3707.25, 458.0], [3706.75, 449.0], [3706.25, 449.0], [3705.5, 808.0], [3705.25, 1114.0], [3705.0, 26192.0]], "asks": [[3714.25, 12098.0], [3714.5, 32593.0], [3714.75, 37956.0], [3715.0, 54153.0], [3715.25, 18961.0], [3715.5, 26084.0], [3716.0, 458.0], [3716.75, 7727.0], [3717.0, 24342.0], [3717.25, 906.0], [3717.5, 1501.0], [3717.75, 458.0], [3718.0, 4273.0], [3718.25, 14316.0], [3718.75, 454.0], [3719.25, 7120.0], [3719.5, 22332.0], [3719.75, 456.0], [3722.25, 24730.0], [3723.0, 451.0]]}}}
{"jsonrpc": "2.0", "method": "subscription", "params": {"channel": "book.ETH-14NOV25.none.20.100ms", "data": {"timestamp": 1762165641128, "change_id": 94707741157, "instrument_name": "ETH-14NOV25", "bids": [[3716.25, 576.0], [3716.0, 9909.0], [3715.75, 27472.0], [3715.5, 4406.0], [3714.5, 328.0], [3714.0, 2160.0], [3713.75, 6136.0], [3712.25, 328.0], [3711.5, 326.0], [3711.25, 547.0], [3711.0, 6186.0], [3710.75, 14586.0], [3710.5, 336.0], [3710.0, 2168.0], [3709.75, 6152.0], [3709.0, 330.0], [3708.0, 339.0], [3707.25, 13.0], [3707.0, 1445.0], [3706.75, 45.0]], "asks": [[3716.5, 2500.0], [3716.75, 6953.0], [3717.0, 15919.0], [3717.25, 33439.0], [3719.75, 332.0], [3720.25, 6451.0], [3720.5, 20505.0], [3720.75, 332.0], [3723.25, 5838.0], [3723.5, 18451.0], [3726.25, 333.0], [3726.75, 33738.0], [3727.0, 37133.0], [3727.25, 330.0], [3727.5, 37017.0], [3727.75, 40000.0], [3732.5, 333.0], [3733.0, 36757.0], [3736.25, 339.0], [3736.75, 40337.0]]}}}
{"jsonrpc": "2.0", "method": "subscription", "params": {"channel": "book.ETH-7NOV25.none.20.100ms", "data": {"timestamp": 1762165641126, "change_id": 94707741154, "instrument_name": "ETH-7NOV25", "bids": [[3714.0, 756.0], [3713.75, 53206.0], [3713.5, 30460.0], [3713.25, 21106.0], [3712.25, 454.0], [3712.0, 319.0], [3711.75, 1068.0], [3711.25, 448.0], [3711.0, 1501.0], [3709.25, 452.0], [3708.5, 4226.0], [3708.25, 14615.0], [3707.75, 7753.0], [3707.5, 24427.0], [3706.75, 449.0], [3706.25, 449.0], [3705.5, 808.0], [3705.25, 1114.0], [3705.0, 26192.0], [3703.75, 45.0]], "asks": [[3714.25, 5973.0], [3714.5, 32593.0], [3714.75, 37956.0], [3715.0, 56653.0], [3715.25, 16461.0], [3715.5, 26084.0], [3716.0, 458.0], [3716.75, 7727.0], [3717.0, 24342.0], [3717.25, 906.0], [3717.5, 1501.0], [3717.75, 458.0], [3718.0, 4273.0], [3718.25, 14316.0], [3718.75, 454.0], [3719.25, 7120.0], [3719.5, 22332.0], [3719.75, 456.0], [3722.25, 24730.0], [3723.0, 451.0]]}}}
{"jsonrpc": "2.0", "method": "subscription", "params": {"channel": "book.ETH-14NOV25.none.20.100ms", "data": {"timestamp": 1762165641256, "change_id": 94707741206, "instrument_name": "ETH-14NOV25", "bids": [[3716.25, 576.0], [3716.0, 9909.0], [3715.75, 27472.0], [3715.5, 4406.0], [3714.5, 328.0], [3714.0, 2160.0], [3713.75, 6136.0], [3712.25, 328.0], [3711.5, 326.0], [3711.25, 547.0], [3711.0, 6186.0], [3710.75, 14586.0], [3710.5, 336.0], [3710.0, 2168.0], [3709.75, 6152.0], [3709.0, 330.0], [3708.0, 339.0], [3707.25, 13.0], [3707.0, 1445.0], [3706.75, 45.0]], "asks": [[3716.5, 2500.0], [3716.75, 6953.0], [3717.0, 15919.0], [3717.25, 30939.0], [3719.75, 332.0], [3720.25, 6451.0], [3720.5, 20505.0], [3720.75, 332.0], [3723.25, 5838.0], [3723.5, 18451.0], [3726.25, 333.0], [3726.75, 33738.0], [3727.0, 37133.0], [3727.25, 330.0], [3727.5, 37017.0], [3727.75, 40000.0], [3732.5, 333.0], [3733.0, 36757.0], [3736.25, 339.0], [3736.75, 40337.0]]}}}
{"jsonrpc": "2.0", "method": "subscription", "params": {"channel": "book.ETH-7NOV25.none.20.100ms", "data": {"timestamp": 1762165641389, "change_id": 94707741296, "instrument_name": "ETH-7NOV25", "bids": [[3714.0, 5356.0], [3713.75, 53206.0], [3713.5, 30460.0], [3713.25, 21106.0], [3712.25, 454.0], [3712.0, 319.0], [3711.75, 1068.0], [3711.25, 448.0], [3711.0, 1501.0], [3709.25, 452.0], [3708.5, 4226.0], [3708.25, 14615.0], [3707.75, 7753.0], [3707.5, 24427.0], [3706.75, 449.0], [3706.25, 449.0], [3705.5, 808.0], [3705.25, 1114.0], [3705.0, 26192.0], [3703.75, 45.0]], "asks": [[3714.25, 5973.0], [3714.5, 32593.0], [3714.75, 37956.0], [3715.0, 55336.0], [3715.25, 11861.0], [3715.5, 26084.0], [3716.0, 458.0], [3716.75, 7727.0], [3717.0, 24342.0], [3717.25, 906.0], [3717.5, 1501.0], [3717.75, 458.0], [3718.0, 4273.0], [3718.25, 14316.0], [3718.75, 454.0], [3719.25, 7120.0], [3719.5, 22332.0], [3719.75, 456.0], [3722.25, 24730.0], [3723.0, 451.0]]}}}
{"jsonrpc": "2.0", "method": "subscription", "params": {"channel": "book.ETH-7NOV25.none.20.100ms", "data": {"timestamp": 1762165641694, "change_id": 94707741648, "instrument_name": "ETH-7NOV25", "bids": [[3714.0, 756.0], [3713.75, 53206.0], [3713.5, 30460.0], [3713.25, 21106.0], [3712.25, 454.0], [3712.0, 319.0], [3711.75, 1068.0], [3711.25, 448.0], [3711.0, 1501.0], [3709.25, 452.0], [3708.5, 4226.0], [3708.25, 14615.0], [3707.75, 7753.0], [3707.5, 24427.0], [3706.75, 449.0], [3706.25, 449.0], [3705.5, 810.0], [3705.25, 1114.0], [3705.0, 26192.0], [3703.75, 45.0]], "asks": [[3714.25, 5973.0], [3714.5, 32593.0], [3714.75, 37956.0], [3715.0, 55336.0], [3715.25, 11861.0], [3715.5, 26084.0], [3716.0, 458.0], [3716.75, 7727.0], [3717.0, 24342.0], [3717.25, 906.0], [3717.5, 1501.0], [3717.75, 458.0], [3718.0, 4273.0], [3718.25, 14316.0], [3718.75, 454.0], [3719.25, 7120.0], [3719.5, 22332.0], [3719.75, 456.0], [3722.25, 24730.0], [3723.0, 451.0]]}}}
{"jsonrpc": "2.0", "method": "subscription", "params": {"channel": "book.ETH-7NOV25.none.20.100ms", "data": {"timestamp": 1762165642377, "change_id": 94707742565, "instrument_name": "ETH-7NOV25", "bids": [[3714.0, 5356.0], [3713.75, 53206.0], [3713.5, 30460.0], [3713.25, 21106.0], [3712.25, 454.0], [3712.0, 319.0], [3711.75, 1068.0], [3711.25, 448.0], [3711.0, 1501.0], [3709.25, 452.0], [3708.5, 4226.0], [3708.25, 14615.0], [3707.75, 7753.0], [3707.5, 24427.0], [3706.75, 449.0], [3706.25, 449.0], [3705.5, 810.0], [3705.25, 1114.0], [3705.0, 26192.0], [3703.75, 45.0]], "asks": [[3714.25, 5973.0], [3714.5, 32593.0], [3714.75, 37956.0], [3715.0, 55336.0], [3715.25, 11861.0], [3715.5, 26084.0], [3716.0, 458.0], [3716.75, 7727.0], [3717.0, 24342.0], [3717.25, 906.0], [3717.5, 1501.0], [3717.75, 458.0], [3718.0, 4273.0], [3718.25, 14316.0], [3718.75, 454.0], [3719.25, 7120.0], [3719.5, 22332.0], [3719.75, 456.0], [3722.25, 24730.0], [3723.0, 451.0]]}}}
{"jsonrpc": "2.0", "method": "subscription", "params": {"channel": "book.ETH-7NOV25.none.20.100ms", "data": {"timestamp": 1762165642784, "change_id": 94707743324, "instrument_name": "ETH-7NOV25", "bids": [[3713.75, 25000.0], [3713.5, 27386.0], [3713.25, 23606.0], [3713.0, 21106.0], [3712.25, 454.0], [3712.0, 319.0], [3711.75, 1068.0], [3711.25, 448.0], [3711.0, 1501.0], [3709.25, 452.0], [3708.5, 4226.0], [3708.25, 14615.0], [3707.75, 7753.0], [3707.5, 24427.0], [3706.75, 449.0], [3706.25, 449.0], [3705.5, 810.0], [3705.25, 1114.0], [3705.0, 26192.0], [3703.75, 45.0]], "asks": [[3714.25, 12098.0], [3714.5, 39351.0], [3714.75, 58925.0], [3715.0, 30336.0], [3715.25, 9230.0], [3715.5, 26084.0], [3716.0, 458.0], [3716.75, 7727.0], [3717.0, 24342.0], [3717.25, 906.0], [3717.5, 1501.0], [3717.75, 458.0], [3718.0, 4273.0], [3718.25, 14316.0], [3718.75, 454.0], [3719.25, 7120.0], [3719.5, 22332.0], [3719.75, 456.0], [3722.25, 24730.0], [3723.0, 451.0]]}}}
{"jsonrpc": "2.0", "method": "subscription", "params": {"channel": "book.ETH-14NOV25.none.20.100ms", "data": {"timestamp": 1762165642779, "change_id": 94707743302, "instrument_name": "ETH-14NOV25", "bids": [[3716.0, 8276.0], [3715.75, 26628.0], [3715.5, 2394.0], [3715.25, 2380.0], [3715.0, 2500.0], [3714.5, 328.0], [3714.0, 2160.0], [3713.75, 6136.0], [3712.25, 328.0], [3711.5, 326.0], [3711.25, 547.0], [3711.0, 6186.0], [3710.75, 14586.0], [3710.5, 336.0], [3710.0, 2168.0], [3709.75, 6152.0], [3709.0, 330.0], [3708.0, 339.0], [3707.25, 444.0], [3707.0, 1445.0]], "asks": [[3716.5, 4032.0], [3716.75, 14340.0], [3717.0, 33539.0], [3717.25, 5939.0], [3719.75, 332.0], [3720.25, 6451.0], [3720.5, 20505.0], [3720.75, 332.0], [3723.25, 5838.0], [3723.5, 18451.0], [3726.25, 333.0], [3726.75, 33738.0], [3727.0, 37133.0], [3727.25, 330.0], [3727.5, 37017.0], [3727.75, 40000.0], [3732.5, 333.0], [3733.0, 36757.0], [3736.25, 339.0], [3736.75, 40337.0]]}}}
{"jsonrpc": "2.0", "method": "subscription", "params": {"channel": "book.ETH-14NOV25.none.20.100ms", "data": {"timestamp": 1762165643086, "change_id": 94707744150, "instrument_name": "ETH-14NOV25", "bids": [[3716.0, 576.0], [3715.75, 31398.0], [3715.5, 4620.0], [3715.25, 1908.0], [3714.0, 328.0], [3712.75, 1832.0], [3712.5, 6136.0], [3712.25, 328.0], [3711.5, 326.0], [3711.25, 547.0], [3711.0, 6186.0], [3710.75, 14586.0], [3710.5, 336.0], [3710.0, 332.0], [3709.75, 1836.0], [3709.5, 6152.0], [3709.0, 330.0], [3708.0, 339.0], [3707.25, 444.0], [3707.0, 1445.0]], "asks": [[3716.25, 3246.0], [3716.5, 5666.0], [3716.75, 15609.0], [3717.0, 30295.0], [3717.25, 4311.0], [3719.75, 332.0], [3720.25, 6451.0], [3720.5, 20505.0], [3720.75, 332.0], [3723.25, 5838.0], [3723.5, 18451.0], [3726.25, 333.0], [3726.75, 33738.0], [3727.0, 37133.0], [3727.25, 330.0], [3727.5, 37017.0], [3727.75, 40000.0], [3732.5, 333.0], [3733.0, 36757.0], [3736.25, 339.0]]}}}
{"jsonrpc": "2.0", "method": "subscription", "params": {"channel": "book.ETH-7NOV25.none.20.100ms", "data": {"timestamp": 1762165643113, "change_id": 94707744156, "instrument_name": "ETH-7NOV25", "bids": [[3714.0, 756.0], [3713.75, 50706.0], [3713.5, 30329.0], [3713.25, 21891.0], [3713.0, 2631.0], [3712.25, 454.0], [3712.0, 319.0], [3711.75, 1068.0], [3710.5, 448.0], [3710.25, 1501.0], [3709.25, 452.0], [3708.5, 4226.0], [3708.25, 14615.0], [3707.75, 7753.0], [3707.5, 24427.0], [3706.75, 449.0], [3706.25, 449.0], [3705.5, 810.0], [3705.25, 1114.0], [3705.0, 26192.0]], "asks": [[3714.25, 4600.0], [3714.5, 40311.0], [3714.75, 58925.0], [3715.0, 30336.0], [3715.25, 8674.0], [3715.5, 26084.0], [3716.0, 458.0], [3716.75, 461.0], [3717.0, 24342.0], [3717.25, 906.0], [3717.5, 1501.0], [3717.75, 458.0], [3718.25, 14316.0], [3718.75, 454.0], [3719.25, 7120.0], [3719.5, 22332.0], [3719.75, 456.0], [3722.25, 24730.0], [3723.0, 451.0], [3723.5, 460.0]]}}}
{"jsonrpc": "2.0", "method": "subscription", "params": {"channel": "book.ETH-14NOV25.none.20.100ms", "data": {"timestamp": 1762165643440, "change_id": 94707744428, "instrument_name": "ETH-14NOV25", "bids": [[3716.0, 2176.0], [3715.75, 31398.0], [3715.5, 4620.0], [3715.25, 1908.0], [3714.0, 328.0], [3712.75, 1832.0], [3712.5, 6136.0], [3712.25, 328.0], [3711.5, 326.0], [3711.25, 547.0], [3711.0, 6186.0], [3710.75, 14586.0], [3710.5, 336.0], [3710.0, 332.0], [3709.75, 1836.0], [3709.5, 6152.0], [3709.0, 330.0], [3708.0, 339.0], [3707.25, 444.0], [3707.0, 1445.0]], "asks": [[3716.25, 3246.0], [3716.5, 5666.0], [3716.75, 15609.0], [3717.0, 27795.0], [3717.25, 4311.0], [3719.75, 332.0], [3720.25, 6451.0], [3720.5, 20505.0], [3720.75, 332.0], [3723.25, 5838.0], [3723.5, 18451.0], [3726.25, 333.0], [3726.75, 33738.0], [3727.0, 37133.0], [3727.25, 330.0], [3727.5, 37017.0], [3727.75, 40000.0], [3732.5, 333.0], [3733.0, 36757.0], [3736.25, 339.0]]}}}
{"jsonrpc": "2.0", "method": "subscription", "params": {"channel": "book.ETH-7NOV25.none.20.100ms", "data": {"timestamp": 1762165643366, "change_id": 94707744300, "instrument_name": "ETH-7NOV25", "bids": [[3714.0, 5356.0], [3713.75, 50706.0], [3713.5, 30329.0], [3713.25, 21891.0], [3713.0, 2631.0], [3712.25, 454.0], [3712.0, 319.0], [3711.75, 1068.0], [3710.5, 448.0], [3710.25, 1501.0], [3709.25, 452.0], [3708.5, 4226.0], [3708.25, 14615.0], [3707.75, 462.0], [3707.25, 7755.0], [3707.0, 24427.0], [3706.75, 449.0], [3706.25, 449.0], [3705.5, 810.0], [3705.25, 1114.0]], "asks": [[3714.25, 4600.0], [3714.5, 40311.0], [3714.75, 58925.0], [3715.0, 30336.0], [3715.25, 8674.0], [3715.5, 26084.0], [3716.0, 458.0], [3716.75, 461.0], [3717.0, 24342.0], [3717.25, 906.0], [3717.5, 1501.0], [3717.75, 458.0], [3718.25, 14316.0], [3718.75, 454.0], [3719.25, 7120.0], [3719.5, 22332.0], [3719.75, 456.0], [3722.25, 24730.0], [3723.0, 451.0], [3723.5, 460.0]]}}}
{"jsonrpc": "2.0", "method": "subscription", "params": {"channel": "book.ETH-7NOV25.none.20.100ms", "data": {"timestamp": 1762165643638, "change_id": 94707744557, "instrument_name": "ETH-7NOV25", "bids": [[3714.0, 5356.0], [3713.75, 53206.0], [3713.5, 27829.0], [3713.25, 21891.0], [3713.0, 2631.0], [3712.25, 454.0], [3712.0, 319.0], [3711.75, 1068.0], [3710.5, 448.0], [3710.25, 1501.0], [3709.25, 452.0], [3708.5, 4226.0], [3708.25, 14615.0], [3707.75, 462.0], [3707.25, 7755.0], [3707.0, 24427.0], [3706.25, 449.0], [3705.5, 810.0], [3705.25, 1114.0], [3705.0, 26192.0]], "asks": [[3714.25, 4600.0], [3714.5, 40311.0], [3714.75, 58925.0], [3715.0, 30336.0], [3715.25, 8674.0], [3715.5, 26084.0], [3716.75, 461.0], [3717.0, 24342.0], [3717.25, 906.0], [3717.5, 1501.0], [3717.75, 458.0], [3718.25, 14316.0], [3718.75, 454.0], [3719.25, 7120.0], [3719.5, 22332.0], [3719.75, 456.0], [3722.25, 24730.0], [3723.0, 451.0], [3723.5, 460.0], [3724.0, 454.0]]}}}
{"jsonrpc": "2.0", "method": "subscription", "params": {"channel": "book.ETH-14NOV25.none.20.100ms", "data": {"timestamp": 1762165644276, "change_id": 94707745494, "instrument_name": "ETH-14NOV25", "bids": [[3716.25, 4169.0], [3716.0, 7358.0], [3715.75, 29621.0], [3715.5, 2237.0], [3714.0, 328.0], [3712.75, 1832.0], [3712.5, 6136.0], [3712.25, 328.0], [3711.5, 326.0], [3711.25, 547.0], [3711.0, 6186.0], [3710.75, 14586.0], [3710.5, 336.0], [3710.0, 332.0], [3709.75, 1836.0], [3709.5, 6152.0], [3709.0, 330.0], [3708.0, 339.0], [3707.25, 444.0], [3707.0, 1445.0]], "asks": [[3716.5, 2500.0], [3716.75, 15609.0], [3717.0, 27795.0], [3717.25, 5946.0], [3719.75, 332.0], [3720.25, 6451.0], [3720.5, 20505.0], [3720.75, 332.0], [3723.25, 5838.0], [3723.5, 18451.0], [3726.25, 333.0], [3726.75, 33738.0], [3727.0, 37133.0], [3727.25, 330.0], [3727.5, 37017.0], [3727.75, 40000.0], [3732.5, 333.0], [3733.0, 36757.0], [3736.25, 339.0], [3736.75, 40337.0]]}}}
{"jsonrpc": "2.0", "method": "subscription", "params": {"channel": "book.ETH-7NOV25.none.20.100ms", "data": {"timestamp": 1762165644275, "change_id": 94707745493, "instrument_name": "ETH-7NOV25", "bids": [[3714.25, 5356.0], [3714.0, 25706.0], [3713.75, 60483.0], [3713.5, 23737.0], [3713.25, 464.0], [3712.25, 454.0], [3712.0, 319.0], [3711.75, 1068.0], [3710.5, 448.0], [3710.25, 1501.0], [3709.25, 452.0], [3708.5, 4226.0], [3708.25, 14615.0], [3707.75, 462.0], [3707.25, 7755.0], [3707.0, 24427.0], [3706.25, 449.0], [3705.5, 810.0], [3705.25, 1114.0], [3705.0, 26192.0]], "asks": [[3714.5, 4600.0], [3714.75, 58925.0], [3715.0, 32590.0], [3715.25, 21542.0], [3715.5, 26084.0], [3716.75, 461.0], [3717.0, 24342.0], [3717.25, 906.0], [3717.5, 1501.0], [3717.75, 458.0], [3718.25, 14316.0], [3718.75, 454.0], [3719.25, 7120.0], [3719.5, 22332.0], [3719.75, 456.0], [3722.25, 24730.0], [3723.0, 451.0], [3723.5, 460.0], [3724.0, 454.0], [3725.0, 50554.0]]}}}
{"jsonrpc": "2.0", "method": "subscription", "params": {"channel": "book.ETH-7NOV25.none.20.100ms", "data": {"timestamp": 1762165644757, "change_id": 94707746079, "instrument_name": "ETH-7NOV25", "bids": [[3714.25, 756.0], [3714.0, 25706.0], [3713.75, 60483.0], [3713.5, 23737.0], [3713.25, 464.0], [3712.25, 454.0], [3712.0, 319.0], [3711.75, 1068.0], [3710.5, 448.0], [3710.25, 1501.0], [3709.25, 452.0], [3708.5, 4226.0], [3708.25, 14615.0], [3707.75, 462.0], [3707.25, 7755.0], [3707.0, 24427.0], [3706.25, 449.0], [3705.5, 810.0], [3705.25, 1114.0], [3705.0, 26192.0]], "asks": [[3714.5, 4600.0], [3714.75, 58925.0], [3715.0, 32590.0], [3715.25, 21542.0], [3715.5, 26084.0], [3716.75, 7727.0], [3717.0, 24342.0], [3717.25, 906.0], [3717.5, 1501.0], [3717.75, 458.0], [3718.25, 14316.0], [3718.75, 454.0], [3719.25, 7120.0], [3719.5, 22332.0], [3719.75, 456.0], [3722.25, 24730.0], [3723.0, 451.0], [3723.5, 460.0], [3724.0, 454.0], [3725.0, 50554.0]]}}}
{"jsonrpc": "2.0", "method": "subscription", "params": {"channel": "book.ETH-14NOV25.none.20.100ms", "data": {"timestamp": 1762165645428, "change_id": 94707746775, "instrument_name": "ETH-14NOV25", "bids": [[3716.25, 4169.0], [3716.0, 7358.0], [3715.75, 29621.0], [3715.5, 2237.0], [3714.0, 328.0], [3712.75, 1832.0], [3712.5, 6136.0], [3711.5, 326.0], [3711.25, 547.0], [3711.0, 6186.0], [3710.75, 14586.0], [3710.5, 336.0], [3710.0, 332.0], [3709.75, 1836.0], [3709.5, 6152.0], [3709.0, 330.0], [3708.0, 339.0], [3707.25, 444.0], [3707.0, 1445.0], [3706.75, 45.0]], "asks": [[3716.5, 2500.0], [3716.75, 15609.0], [3717.0, 27795.0], [3717.25, 5946.0], [3719.75, 332.0], [3720.25, 6451.0], [3720.5, 20505.0], [3720.75, 332.0], [3723.25, 5838.0], [3723.5, 18451.0], [3726.25, 333.0], [3726.75, 33738.0], [3727.0, 37133.0], [3727.25, 330.0], [3727.5, 37017.0], [3727.75, 40000.0], [3732.5, 333.0], [3733.0, 36757.0], [3736.25, 339.0], [3736.75, 40337.0]]}}}
{"jsonrpc": "2.0", "method": "subscription", "params": {"channel": "book.ETH-7NOV25.none.20.100ms", "data": {"timestamp": 1762165645344, "change_id": 94707746673, "instrument_name": "ETH-7NOV25", "bids": [[3714.25, 4356.0], [3714.0, 25706.0], [3713.75, 60483.0], [3713.5, 23737.0], [3713.25, 464.0], [3712.25, 454.0], [3712.0, 319.0], [3711.75, 1068.0], [3710.5, 448.0], [3710.25, 1501.0], [3709.25, 452.0], [3708.5, 4226.0], [3708.25, 14615.0], [3707.75, 462.0], [3707.25, 7755.0], [3707.0, 24427.0], [3706.25, 449.0], [3705.5, 810.0], [3705.25, 1114.0], [3705.0, 26192.0]], "asks": [[3714.5, 4600.0], [3714.75, 58925.0], [3715.0, 32590.0], [3715.25, 21542.0], [3715.5, 26084.0], [3716.75, 7727.0], [3717.0, 24342.0], [3717.25, 906.0], [3717.5, 1501.0], [3717.75, 458.0], [3718.25, 14316.0], [3718.75, 454.0], [3719.25, 7120.0], [3719.5, 22332.0], [3719.75, 456.0], [3722.25, 24730.0], [3723.0, 451.0], [3723.5, 460.0], [3724.0, 454.0], [3725.0, 50554.0]]}}}
{"jsonrpc": "2.0", "method": "subscription", "params": {"channel": "book.ETH-14NOV25.none.20.100ms", "data": {"timestamp": 1762165645745, "change_id": 94707747034, "instrument_name": "ETH-14NOV25", "bids": [[3716.25, 4169.0], [3716.0, 5758.0], [3715.75, 29621.0], [3715.5, 2237.0], [3714.0, 328.0], [3712.75, 1832.0], [3712.5, 6136.0], [3711.5, 326.0], [3711.25, 547.0], [3711.0, 6186.0], [3710.75, 14586.0], [3710.5, 336.0], [3710.0, 332.0], [3709.75, 1836.0], [3709.5, 6152.0], [3709.0, 330.0], [3708.0, 339.0], [3707.25, 444.0], [3707.0, 1445.0], [3706.75, 45.0]], "asks": [[3716.5, 2500.0], [3716.75, 15609.0], [3717.0, 27795.0], [3717.25, 5946.0], [3719.75, 332.0], [3720.25, 6451.0], [3720.5, 20505.0], [3720.75, 332.0], [3723.25, 5838.0], [3723.5, 18451.0], [3726.25, 333.0], [3726.75, 33738.0], [3727.0, 37133.0], [3727.25, 330.0], [3727.5, 37017.0], [3727.75, 40000.0], [3732.5, 333.0], [3733.0, 36757.0], [3736.25, 339.0], [3736.75, 40337.0]]}}}
{"jsonrpc": "2.0", "method": "subscription", "params": {"channel": "book.ETH-7NOV25.none.20.100ms", "data": {"timestamp": 1762165645762, "change_id": 94707747064, "instrument_name": "ETH-7NOV25", "bids": [[3714.0, 4600.0], [3713.75, 60040.0], [3713.5, 23737.0], [3713.25, 464.0], [3712.25, 454.0], [3712.0, 319.0], [3711.75, 1068.0], [3710.5, 448.0], [3710.25, 1501.0], [3709.25, 452.0], [3708.5, 4226.0], [3708.25, 14615.0], [3707.75, 462.0], [3707.25, 7755.0], [3707.0, 24427.0], [3706.25, 449.0], [3705.5, 810.0], [3705.25, 1114.0], [3705.0, 26192.0], [3703.75, 45.0]], "asks": [[3714.5, 19910.0], [3714.75, 58925.0], [3715.0, 32590.0], [3715.25, 21542.0], [3715.5, 26084.0], [3716.75, 7727.0], [3717.0, 24342.0], [3717.25, 906.0], [3717.5, 1501.0], [3717.75, 458.0], [3718.0, 4273.0], [3718.25, 14316.0], [3718.75, 454.0], [3719.25, 7120.0], [3719.5, 22332.0], [3719.75, 456.0], [3722.25, 24730.0], [3723.0, 451.0], [3723.5, 460.0], [3724.0, 454.0]]}}}
{"jsonrpc": "2.0", "method": "subscription", "params": {"channel": "book.ETH-14NOV25.none.20.100ms", "data": {"timestamp": 1762165646073, "change_id": 94707747562, "instrument_name": "ETH-14NOV25", "bids": [[3716.25, 4169.0], [3716.0, 5758.0], [3715.75, 29621.0], [3715.5, 2237.0], [3714.0, 328.0], [3713.25, 1832.0], [3713.0, 6136.0], [3711.5, 326.0], [3711.25, 547.0], [3711.0, 6186.0], [3710.75, 14586.0], [3710.5, 336.0], [3710.0, 332.0], [3709.75, 1836.0], [3709.5, 6152.0], [3709.0, 330.0], [3708.0, 339.0], [3707.25, 444.0], [3707.0, 1445.0], [3706.75, 45.0]], "asks": [[3716.5, 2500.0], [3716.75, 15609.0], [3717.0, 27795.0], [3717.25, 5946.0], [3719.75, 332.0], [3720.25, 6451.0], [3720.5, 20505.0], [3720.75, 332.0], [3723.25, 5838.0], [3723.5, 18451.0], [3726.25, 333.0], [3726.75, 33738.0], [3727.0, 37133.0], [3727.25, 330.0], [3727.5, 37017.0], [3727.75, 40000.0], [3732.5, 333.0], [3733.0, 36757.0], [3736.25, 339.0], [3736.75, 40337.0]]}}}
{"jsonrpc": "2.0", "method": "subscription", "params": {"channel": "book.ETH-7NOV25.none.20.100ms", "data": {"timestamp": 1762165645801, "change_id": 94707747201, "instrument_name": "ETH-7NOV25", "bids": [[3714.0, 4600.0], [3713.75, 60040.0], [3713.5, 24180.0], [3713.25, 21106.0], [3712.25, 454.0], [3712.0, 319.0], [3711.75, 1068.0], [3710.5, 448.0], [3710.25, 1501.0], [3709.25, 452.0], [3708.5, 4226.0], [3708.25, 14615.0], [3707.75, 462.0], [3707.25, 7755.0], [3707.0, 24427.0], [3706.25, 449.0], [3705.5, 810.0], [3705.25, 1114.0], [3705.0, 26192.0], [3703.75, 45.0]], "asks": [[3714.5, 19910.0], [3714.75, 58925.0], [3715.0, 32590.0], [3715.25, 21542.0], [3715.5, 26084.0], [3716.75, 7727.0], [3717.0, 24342.0], [3717.25, 906.0], [3717.5, 1501.0], [3717.75, 458.0], [3718.0, 4273.0], [3718.25, 14316.0], [3718.75, 454.0], [3719.25, 7120.0], [3719.5, 22332.0], [3719.75, 456.0], [3722.25, 24730.0], [3723.0, 451.0], [3723.5, 460.0], [3724.0, 454.0]]}}}
{"jsonrpc": "2.0", "method": "subscription", "params": {"channel": "book.ETH-7NOV25.none.20.100ms", "data": {"timestamp": 1762165647020, "change_id": 94707748446, "instrument_name": "ETH-7NOV25", "bids": [[3714.0, 756.0], [3713.75, 60040.0], [3713.5, 24180.0], [3713.25, 21106.0], [3712.25, 454.0], [3712.0, 319.0], [3711.75, 1068.0], [3710.5, 448.0], [3710.25, 1501.0], [3709.25, 452.0], [3708.5, 4226.0], [3708.25, 14615.0], [3707.75, 462.0], [3707.25, 7755.0], [3707.0, 24427.0], [3706.25, 449.0], [3705.5, 810.0], [3705.25, 1114.0], [3705.0, 26192.0], [3703.75, 45.0]], "asks": [[3714.25, 5973.0], [3714.5, 41016.0], [3714.75, 58925.0], [3715.0, 30336.0], [3715.25, 8674.0], [3715.5, 26084.0], [3716.75, 7727.0], [3717.0, 24342.0], [3717.25, 906.0], [3717.5, 1501.0], [3717.75, 458.0], [3718.0, 4273.0], [3718.25, 14316.0], [3718.75, 454.0], [3719.25, 7120.0], [3719.5, 22332.0], [3719.75, 456.0], [3722.25, 24730.0], [3723.0, 451.0], [3723.5, 460.0]]}}}
{"jsonrpc": "2.0", "method": "subscription", "params": {"channel": "book.ETH-7NOV25.none.20.100ms", "data": {"timestamp": 1762165647321, "change_id": 94707748814, "instrument_name": "ETH-7NOV25", "bids": [[3714.25, 756.0], [3714.0, 25706.0], [3713.75, 60483.0], [3713.5, 23737.0], [3712.25, 454.0], [3712.0, 319.0], [3711.75, 1068.0], [3710.5, 448.0], [3710.25, 1501.0], [3709.25, 452.0], [3708.5, 4226.0], [3708.25, 14615.0], [3707.75, 462.0], [3707.25, 7755.0], [3707.0, 24427.0], [3706.25, 449.0], [3705.5, 810.0], [3705.25, 1114.0], [3705.0, 26192.0], [3703.75, 45.0]], "asks": [[3714.5, 4600.0], [3714.75, 58925.0], [3715.0, 35049.0], [3715.25, 29780.0], [3715.5, 26084.0], [3716.75, 7727.0], [3717.0, 24342.0], [3717.25, 906.0], [3717.5, 1501.0], [3717.75, 458.0], [3718.0, 4273.0], [3718.25, 14316.0], [3718.75, 454.0], [3719.25, 7120.0], [3719.5, 22332.0], [3719.75, 456.0], [3722.25, 24730.0], [3723.0, 451.0], [3723.5, 460.0], [3724.0, 454.0]]}}}
{"jsonrpc": "2.0", "method": "subscription", "params": {"channel": "book.ETH-14NOV25.none.20.100ms", "data": {"timestamp": 1762165648037, "change_id": 94707749592, "instrument_name": "ETH-14NOV25", "bids": [[3716.25, 4169.0], [3716.0, 5758.0], [3715.75, 29621.0], [3715.5, 2237.0], [3714.0, 328.0], [3713.25, 1832.0], [3713.0, 6136.0], [3711.5, 326.0], [3711.25, 547.0], [3711.0, 6186.0], [3710.75, 14586.0], [3710.0, 332.0], [3709.75, 1836.0], [3709.5, 6152.0], [3709.0, 330.0], [3708.0, 339.0], [3707.25, 444.0], [3707.0, 1445.0], [3706.75, 45.0], [3706.5, 22616.0]], "asks": [[3716.5, 2500.0], [3716.75, 13109.0], [3717.0, 28880.0], [3717.25, 8446.0], [3719.75, 332.0], [3720.25, 6451.0], [3720.5, 20505.0], [3720.75, 332.0], [3723.25, 5838.0], [3723.5, 18451.0], [3726.25, 333.0], [3726.75, 33738.0], [3727.0, 37133.0], [3727.25, 330.0], [3727.5, 37017.0], [3727.75, 40000.0], [3732.5, 333.0], [3733.0, 36757.0], [3736.25, 339.0], [3736.75, 40337.0]]}}}
{"jsonrpc": "2.0", "method": "subscription", "params": {"channel": "book.ETH-14NOV25.none.20.100ms", "data": {"timestamp": 1762165648382, "change_id": 94707750203, "instrument_name": "ETH-14NOV25", "bids": [[3716.5, 3786.0], [3716.25, 6671.0], [3716.0, 27951.0], [3715.75, 4409.0], [3715.5, 330.0], [3714.0, 328.0], [3713.25, 1832.0], [3713.0, 6136.0], [3711.5, 326.0], [3711.25, 547.0], [3711.0, 6186.0], [3710.75, 14586.0], [3710.0, 332.0], [3709.75, 1836.0], [3709.5, 6152.0], [3709.0, 330.0], [3708.0, 339.0], [3707.25, 444.0], [3707.0, 1445.0], [3706.75, 45.0]], "asks": [[3716.75, 1000.0], [3717.0, 5594.0], [3717.25, 13075.0], [3717.5, 29138.0], [3719.75, 332.0], [3720.25, 6451.0], [3720.5, 20505.0], [3720.75, 332.0], [3723.25, 5838.0], [3723.5, 18451.0], [3726.25, 333.0], [3726.5, 6762.0], [3726.75, 33738.0], [3727.0, 37133.0], [3727.25, 330.0], [3727.5, 37017.0], [3727.75, 40000.0], [3732.5, 333.0], [3733.0, 36757.0], [3736.25, 339.0]]}}}
{"jsonrpc": "2.0", "method": "subscription", "params": {"channel": "book.ETH-7NOV25.none.20.100ms", "data": {"timestamp": 1762165648402, "change_id": 94707750309, "instrument_name": "ETH-7NOV25", "bids": [[3714.75, 756.0], [3714.5, 25706.0], [3714.25, 25706.0], [3714.0, 38255.0], [3713.75, 46106.0], [3712.25, 454.0], [3712.0, 319.0], [3711.75, 1068.0], [3710.5, 448.0], [3710.25, 1501.0], [3709.25, 452.0], [3708.5, 4226.0], [3708.25, 14615.0], [3707.75, 462.0], [3707.5, 7430.0], [3707.25, 24891.0], [3706.25, 449.0], [3705.5, 810.0], [3705.25, 1114.0], [3705.0, 26192.0]], "asks": [[3715.0, 6999.0], [3715.25, 60211.0], [3715.5, 54141.0], [3715.75, 23606.0], [3716.0, 464.0], [3716.75, 7727.0], [3717.0, 24342.0], [3717.25, 458.0], [3717.75, 458.0], [3718.0, 4273.0], [3718.25, 14316.0], [3718.75, 454.0], [3719.25, 7120.0], [3719.5, 22332.0], [3719.75, 456.0], [3722.0, 7382.0], [3722.25, 24730.0], [3723.0, 451.0], [3723.5, 460.0], [3724.0, 454.0]]}}}
{"jsonrpc": "2.0", "method": "subscription", "params": {"channel": "book.ETH-14NOV25.none.20.100ms", "data": {"timestamp": 1762165648622, "change_id": 94707751208, "instrument_name": "ETH-14NOV25", "bids": [[3716.5, 3786.0], [3716.25, 27908.0], [3716.0, 5035.0], [3715.75, 1909.0], [3715.5, 330.0], [3714.0, 328.0], [3713.25, 1832.0], [3713.0, 6136.0], [3711.5, 326.0], [3711.25, 547.0], [3711.0, 6186.0], [3710.75, 14586.0], [3710.0, 332.0], [3709.75, 1836.0], [3709.5, 6152.0], [3709.0, 330.0], [3708.0, 339.0], [3707.25, 444.0], [3707.0, 1445.0], [3706.75, 45.0]], "asks": [[3716.75, 1000.0], [3717.0, 2127.0], [3717.25, 8108.0], [3717.5, 33306.0], [3719.75, 332.0], [3720.25, 6451.0], [3720.5, 20505.0], [3720.75, 332.0], [3723.25, 5838.0], [3723.5, 18451.0], [3726.25, 333.0], [3726.5, 6762.0], [3726.75, 33738.0], [3727.0, 37133.0], [3727.25, 330.0], [3727.5, 37017.0], [3727.75, 40000.0], [3732.5, 333.0], [3733.0, 36757.0], [3736.25, 339.0]]}}}
{"jsonrpc": "2.0", "method": "subscription", "params": {"channel": "book.ETH-7NOV25.none.20.100ms", "data": {"timestamp": 1762165648586, "change_id": 94707751096, "instrument_name": "ETH-7NOV25", "bids": [[3714.75, 756.0], [3714.5, 25706.0], [3714.25, 34140.0], [3714.0, 25706.0], [3712.25, 454.0], [3712.0, 319.0], [3711.75, 1068.0], [3710.5, 448.0], [3710.25, 1501.0], [3709.25, 452.0], [3708.5, 4226.0], [3708.25, 14615.0], [3707.75, 462.0], [3707.5, 7430.0], [3707.25, 24891.0], [3706.25, 449.0], [3705.5, 810.0], [3705.25, 1114.0], [3705.0, 26192.0], [3703.75, 45.0]], "asks": [[3715.0, 4600.0], [3715.25, 42726.0], [3715.5, 84040.0], [3715.75, 21106.0], [3716.0, 464.0], [3716.75, 7727.0], [3717.0, 25843.0], [3717.25, 458.0], [3717.75, 458.0], [3718.0, 4273.0], [3718.25, 14316.0], [3718.75, 454.0], [3719.25, 7120.0], [3719.5, 22332.0], [3719.75, 456.0], [3722.0, 7382.0], [3722.25, 24730.0], [3723.0, 451.0], [3723.5, 460.0], [3724.0, 454.0]]}}}
{"jsonrpc": "2.0", "method": "subscription", "params": {"channel": "book.ETH-14NOV25.none.20.100ms", "data": {"timestamp": 1762165648877, "change_id": 94707751640, "instrument_name": "ETH-14NOV25", "bids": [[3716.5, 3786.0], [3716.25, 27908.0], [3716.0, 5035.0], [3715.75, 1909.0], [3715.5, 330.0], [3714.0, 328.0], [3713.25, 1832.0], [3713.0, 6136.0], [3711.5, 326.0], [3711.25, 547.0], [3711.0, 6186.0], [3710.75, 14586.0], [3710.0, 332.0], [3709.75, 1836.0], [3709.5, 6152.0], [3709.0, 330.0], [3708.0, 339.0], [3707.25, 444.0], [3707.0, 1445.0], [3706.75, 45.0]], "asks": [[3716.75, 1000.0], [3717.0, 2811.0], [3717.25, 10608.0], [3717.5, 30806.0], [3719.75, 332.0], [3720.25, 6451.0], [3720.5, 20505.0], [3720.75, 332.0], [3723.25, 5838.0], [3723.5, 18451.0], [3726.25, 333.0], [3726.5, 6762.0], [3726.75, 33738.0], [3727.0, 37133.0], [3727.25, 330.0], [3727.5, 37017.0], [3727.75, 40000.0], [3732.5, 333.0], [3733.0, 36757.0], [3736.25, 339.0]]}}}
{"jsonrpc": "2.0", "method": "subscription", "params": {"channel": "book.ETH-7NOV25.none.20.100ms", "data": {"timestamp": 1762165648788, "change_id": 94707751559, "instrument_name": "ETH-7NOV25", "bids": [[3714.75, 756.0], [3714.5, 25706.0], [3714.25, 34140.0], [3714.0, 25706.0], [3712.25, 454.0], [3712.0, 319.0], [3711.75, 1068.0], [3710.5, 448.0], [3710.25, 1501.0], [3709.25, 452.0], [3708.5, 4226.0], [3708.25, 14615.0], [3707.75, 462.0], [3707.5, 7430.0], [3707.25, 24891.0], [3706.25, 449.0], [3705.5, 810.0], [3705.25, 1114.0], [3705.0, 26192.0], [3703.75, 45.0]], "asks": [[3715.0, 4600.0], [3715.25, 45125.0], [3715.5, 81641.0], [3715.75, 21106.0], [3716.0, 464.0], [3716.75, 7727.0], [3717.0, 25843.0], [3717.25, 458.0], [3717.75, 458.0], [3718.0, 4273.0], [3718.25, 14316.0], [3718.75, 454.0], [3719.25, 7120.0], [3719.5, 22332.0], [3719.75, 456.0], [3722.0, 7382.0], [3722.25, 24730.0], [3723.0, 451.0], [3723.5, 460.0], [3724.0, 454.0]]}}}
{"jsonrpc": "2.0", "method": "subscription", "params": {"channel": "book.ETH-7NOV25.none.20.100ms", "data": {"timestamp": 1762165649299, "change_id": 94707752076, "instrument_name": "ETH-7NOV25", "bids": [[3714.75, 756.0], [3714.5, 25706.0], [3714.25, 34140.0], [3714.0, 21106.0], [3712.25, 454.0], [3712.0, 319.0], [3711.75, 1068.0], [3710.5, 448.0], [3710.25, 1501.0], [3709.25, 452.0], [3708.5, 4226.0], [3708.25, 14615.0], [3707.75, 462.0], [3707.5, 7430.0], [3707.25, 24891.0], [3706.25, 449.0], [3705.5, 810.0], [3705.25, 1114.0], [3705.0, 26192.0], [3703.75, 45.0]], "asks": [[3715.0, 4600.0], [3715.25, 45125.0], [3715.5, 81641.0], [3715.75, 21106.0], [3716.0, 464.0], [3716.75, 7727.0], [3717.0, 25843.0], [3717.25, 458.0], [3717.75, 458.0], [3718.0, 4273.0], [3718.25, 14316.0], [3718.75, 454.0], [3719.25, 7120.0], [3719.5, 22332.0], [3719.75, 456.0], [3722.0, 7382.0], [3722.25, 24730.0], [3723.0, 451.0], [3723.5, 460.0], [3724.0, 454.0]]}}}
{"jsonrpc": "2.0", "method": "subscription", "params": {"channel": "book.ETH-14NOV25.none.20.100ms", "data": {"timestamp": 1762165649167, "change_id": 94707752011, "instrument_name": "ETH-14NOV25", "bids": [[3716.5, 3786.0], [3716.25, 27908.0], [3716.0, 5035.0], [3715.75, 1909.0], [3715.5, 330.0], [3714.0, 328.0], [3713.75, 1832.0], [3713.5, 6136.0], [3711.5, 326.0], [3711.25, 547.0], [3711.0, 6186.0], [3710.75, 14586.0], [3710.5, 330.0], [3710.0, 2168.0], [3709.75, 6152.0], [3709.0, 330.0], [3708.0, 339.0], [3707.25, 444.0], [3707.0, 1445.0], [3706.75, 45.0]], "asks": [[3716.75, 3500.0], [3717.0, 2811.0], [3717.25, 10608.0], [3717.5, 30806.0], [3719.75, 332.0], [3720.25, 6451.0], [3720.5, 20505.0], [3720.75, 332.0], [3723.25, 5838.0], [3723.5, 18451.0], [3726.25, 333.0], [3726.5, 6762.0], [3726.75, 33738.0], [3727.0, 37133.0], [3727.25, 330.0], [3727.5, 37017.0], [3727.75, 40000.0], [3732.5, 333.0], [3733.0, 36757.0], [3736.25, 339.0]]}}}
{"jsonrpc": "2.0", "method": "subscription", "params": {"channel": "book.ETH-7NOV25.none.20.100ms", "data": {"timestamp": 1762165649713, "change_id": 94707752653, "instrument_name": "ETH-7NOV25", "bids": [[3714.25, 10191.0], [3714.0, 27463.0], [3713.75, 21106.0], [3712.25, 454.0], [3712.0, 319.0], [3711.75, 1068.0], [3710.5, 448.0], [3710.25, 1501.0], [3709.25, 452.0], [3708.5, 4226.0], [3708.25, 14615.0], [3707.75, 462.0], [3707.5, 7430.0], [3707.25, 24891.0], [3706.25, 449.0], [3705.5, 810.0], [3705.25, 1114.0], [3705.0, 26192.0], [3703.75, 45.0], [3703.5, 22281.0]], "asks": [[3714.75, 5973.0], [3715.0, 11915.0], [3715.25, 45125.0], [3715.5, 81641.0], [3715.75, 21106.0], [3716.0, 464.0], [3716.75, 7727.0], [3717.0, 25843.0], [3717.25, 458.0], [3717.75, 458.0], [3718.0, 4273.0], [3718.25, 14316.0], [3718.75, 454.0], [3719.25, 7120.0], [3719.5, 22332.0], [3719.75, 456.0], [3722.0, 7382.0], [3722.25, 24730.0], [3723.0, 451.0], [3723.5, 460.0]]}}}
{"jsonrpc": "2.0", "method": "subscription", "params": {"channel": "book.ETH-14NOV25.none.20.100ms", "data": {"timestamp": 1762165650006, "change_id": 94707753437, "instrument_name": "ETH-14NOV25", "bids": [[3716.25, 3210.0], [3716.0, 3533.0], [3715.75, 27754.0], [3715.5, 4469.0], [3714.0, 328.0], [3713.75, 1832.0], [3713.5, 6136.0], [3711.5, 326.0], [3711.25, 547.0], [3711.0, 6186.0], [3710.75, 14586.0], [3710.5, 330.0], [3710.0, 2168.0], [3709.75, 6152.0], [3709.0, 330.0], [3708.0, 339.0], [3707.25, 444.0], [3707.0, 1445.0], [3706.75, 45.0], [3706.5, 22616.0]], "asks": [[3716.75, 4885.0], [3717.0, 14341.0], [3717.25, 29957.0], [3717.5, 1638.0], [3719.75, 332.0], [3720.25, 6451.0], [3720.5, 20505.0], [3720.75, 332.0], [3723.25, 5838.0], [3723.5, 18451.0], [3726.25, 333.0], [3726.5, 6762.0], [3726.75, 33738.0], [3727.0, 37133.0], [3727.25, 330.0], [3727.5, 37017.0], [3727.75, 40000.0], [3732.5, 333.0], [3733.0, 36757.0], [3736.25, 339.0]]}}}
{"jsonrpc": "2.0", "method": "subscription", "params": {"channel": "book.ETH-7NOV25.none.20.100ms", "data": {"timestamp": 1762165650015, "change_id": 94707753472, "instrument_name": "ETH-7NOV25", "bids": [[3714.25, 756.0], [3714.0, 25706.0], [3713.75, 55249.0], [3713.5, 21106.0], [3713.25, 908.0], [3712.25, 454.0], [3712.0, 319.0], [3711.75, 1068.0], [3709.25, 452.0], [3708.5, 4226.0], [3708.25, 14615.0], [3707.75, 462.0], [3707.5, 24427.0], [3707.25, 464.0], [3706.25, 449.0], [3705.5, 810.0], [3705.25, 8932.0], [3705.0, 26192.0], [3703.75, 45.0], [3703.5, 22281.0]], "asks": [[3714.5, 5973.0], [3714.75, 41750.0], [3715.0, 55975.0], [3715.25, 32280.0], [3715.5, 26084.0], [3716.0, 464.0], [3716.75, 7727.0], [3717.0, 25843.0], [3717.25, 458.0], [3717.75, 458.0], [3718.0, 4273.0], [3718.25, 14316.0], [3718.75, 454.0], [3719.25, 7120.0], [3719.5, 22332.0], [3719.75, 456.0], [3722.0, 7382.0], [3722.25, 24730.0], [3723.0, 451.0], [3723.5, 460.0]]}}}
{"jsonrpc": "2.0", "method": "subscription", "params": {"channel": "book.ETH-7NOV25.none.20.100ms", "data": {"timestamp": 1762165650288, "change_id": 94707753960, "instrument_name": "ETH-7NOV25", "bids": [[3714.25, 5356.0], [3714.0, 25706.0], [3713.75, 57749.0], [3713.5, 21106.0], [3713.25, 464.0], [3712.25, 454.0], [3712.0, 319.0], [3711.75, 1068.0], [3711.0, 448.0], [3710.75, 1501.0], [3709.25, 452.0], [3708.5, 4226.0], [3708.25, 14615.0], [3707.75, 7753.0], [3707.5, 24427.0], [3707.25, 464.0], [3706.25, 449.0], [3705.5, 810.0], [3705.25, 8932.0], [3705.0, 26192.0]], "asks": [[3714.5, 5973.0], [3714.75, 41750.0], [3715.0, 55975.0], [3715.25, 32280.0], [3715.5, 26084.0], [3716.0, 464.0], [3716.75, 7727.0], [3717.0, 25843.0], [3717.25, 458.0], [3717.75, 458.0], [3718.0, 4273.0], [3718.25, 14316.0], [3718.75, 454.0], [3719.25, 7120.0], [3719.5, 22332.0], [3719.75, 456.0], [3722.0, 7382.0], [3722.25, 24730.0], [3723.0, 451.0], [3723.5, 460.0]]}}}
{"jsonrpc": "2.0", "method": "subscription", "params": {"channel": "book.ETH-14NOV25.none.20.100ms", "data": {"timestamp": 1762165650100, "change_id": 94707753823, "instrument_name": "ETH-14NOV25", "bids": [[3716.25, 3210.0], [3716.0, 5172.0], [3715.75, 27754.0], [3715.5, 4469.0], [3714.0, 328.0], [3713.75, 1832.0], [3713.5, 6136.0], [3711.5, 326.0], [3711.25, 547.0], [3711.0, 6186.0], [3710.75, 14586.0], [3710.5, 330.0], [3710.0, 2168.0], [3709.75, 6152.0], [3708.0, 339.0], [3707.25, 444.0], [3707.0, 1445.0], [3706.75, 45.0], [3706.5, 22616.0], [3706.25, 19911.0]], "asks": [[3716.75, 5516.0], [3717.0, 16841.0], [3717.25, 27457.0], [3717.5, 1638.0], [3719.75, 332.0], [3720.25, 6451.0], [3720.5, 20505.0], [3720.75, 332.0], [3723.25, 5838.0], [3723.5, 18451.0], [3726.25, 333.0], [3726.5, 6762.0], [3726.75, 33738.0], [3727.0, 37133.0], [3727.25, 330.0], [3727.5, 37017.0], [3727.75, 40000.0], [3732.5, 333.0], [3733.0, 36757.0], [3736.25, 339.0]]}}}
{"jsonrpc": "2.0", "method": "subscription", "params": {"channel": "book.ETH-14NOV25.none.20.100ms", "data": {"timestamp": 1762165650508, "change_id": 94707754315, "instrument_name": "ETH-14NOV25", "bids": [[3716.25, 3786.0], [3716.0, 5172.0], [3715.75, 29755.0], [3715.5, 2244.0], [3714.0, 328.0], [3713.75, 1832.0], [3713.5, 6136.0], [3711.5, 326.0], [3711.25, 547.0], [3711.0, 6186.0], [3710.75, 14586.0], [3710.5, 330.0], [3710.0, 2168.0], [3709.75, 6152.0], [3708.0, 339.0], [3707.25, 444.0], [3707.0, 1445.0], [3706.75, 45.0], [3706.5, 22616.0], [3706.25, 19911.0]], "asks": [[3716.5, 2500.0], [3716.75, 6524.0], [3717.0, 16131.0], [3717.25, 30178.0], [3719.75, 332.0], [3720.25, 6451.0], [3720.5, 20505.0], [3720.75, 332.0], [3723.25, 5838.0], [3723.5, 18451.0], [3726.25, 333.0], [3726.5, 6762.0], [3726.75, 33738.0], [3727.0, 37133.0], [3727.25, 330.0], [3727.5, 37017.0], [3727.75, 40000.0], [3732.5, 333.0], [3733.0, 36757.0], [3736.25, 339.0]]}}}
{"jsonrpc": "2.0", "method": "subscription", "params": {"channel": "book.ETH-7NOV25.none.20.100ms", "data": {"timestamp": 1762165650646, "change_id": 94707754339, "instrument_name": "ETH-7NOV25", "bids": [[3714.25, 756.0], [3714.0, 21106.0], [3713.75, 57749.0], [3713.5, 21106.0], [3712.25, 454.0], [3712.0, 319.0], [3711.75, 1068.0], [3711.0, 448.0], [3710.75, 1501.0], [3709.25, 452.0], [3708.5, 4226.0], [3708.25, 14615.0], [3707.75, 7753.0], [3707.5, 24427.0], [3707.25, 464.0], [3706.25, 449.0], [3705.5, 810.0], [3705.25, 8932.0], [3705.0, 26192.0], [3703.75, 45.0]], "asks": [[3714.5, 5844.0], [3714.75, 41750.0], [3715.0, 55975.0], [3715.25, 32280.0], [3715.5, 26084.0], [3716.0, 464.0], [3716.75, 7727.0], [3717.0, 25843.0], [3717.75, 458.0], [3718.0, 4273.0], [3718.25, 14316.0], [3718.75, 454.0], [3719.25, 7120.0], [3719.5, 22332.0], [3719.75, 456.0], [3722.0, 7382.0], [3722.25, 24730.0], [3723.0, 451.0], [3723.5, 460.0], [3724.0, 454.0]]}}}
{"jsonrpc": "2.0", "method": "subscription", "params": {"channel": "book.ETH-7NOV25.none.20.100ms", "data": {"timestamp": 1762165651305, "change_id": 94707755121, "instrument_name": "ETH-7NOV25", "bids": [[3714.25, 756.0], [3714.0, 21106.0], [3713.75, 57749.0], [3713.5, 21106.0], [3712.25, 454.0], [3712.0, 319.0], [3711.75, 1068.0], [3711.0, 448.0], [3710.75, 1501.0], [3709.25, 452.0], [3708.5, 4226.0], [3708.25, 14615.0], [3707.75, 7753.0], [3707.5, 24427.0], [3707.25, 464.0], [3706.25, 449.0], [3705.5, 810.0], [3705.25, 8932.0], [3705.0, 26192.0], [3703.75, 45.0]], "asks": [[3714.5, 5844.0], [3714.75, 41750.0], [3715.0, 55975.0], [3715.25, 32280.0], [3715.5, 26084.0], [3716.0, 464.0], [3716.75, 7727.0], [3717.0, 25843.0], [3717.75, 458.0], [3718.0, 4273.0], [3718.25, 14316.0], [3718.75, 454.0], [3719.25, 7120.0], [3719.5, 22332.0], [3719.75, 456.0], [3722.0, 7382.0], [3722.25, 24730.0], [3723.0, 451.0], [3723.5, 460.0], [3724.0, 454.0]]}}}
{"jsonrpc": "2.0", "method": "subscription", "params": {"channel": "book.ETH-14NOV25.none.20.100ms", "data": {"timestamp": 1762165651709, "change_id": 94707756078, "instrument_name": "ETH-14NOV25", "bids": [[3716.0, 3786.0], [3715.75, 27261.0], [3715.5, 2129.0], [3715.25, 1915.0], [3715.0, 331.0], [3714.0, 2828.0], [3713.75, 1832.0], [3713.5, 6136.0], [3711.5, 326.0], [3711.25, 547.0], [3711.0, 6186.0], [3710.75, 14586.0], [3710.5, 330.0], [3710.0, 2168.0], [3709.75, 6152.0], [3708.0, 339.0], [3707.25, 444.0], [3707.0, 1445.0], [3706.75, 45.0], [3706.5, 22616.0]], "asks": [[3716.25, 3246.0], [3716.5, 6436.0], [3716.75, 20116.0], [3717.0, 27127.0], [3717.25, 330.0], [3718.5, 4106.0], [3718.75, 13754.0], [3719.75, 332.0], [3720.25, 2190.0], [3720.5, 6231.0], [3720.75, 332.0], [3723.25, 5838.0], [3723.5, 18451.0], [3726.25, 333.0], [3726.75, 33738.0], [3727.0, 37133.0], [3727.25, 330.0], [3727.5, 37017.0], [3727.75, 40000.0], [3732.5, 333.0]]}}}
{"jsonrpc": "2.0", "method": "subscription", "params": {"channel": "book.ETH-7NOV25.none.20.100ms", "data": {"timestamp": 1762165651690, "change_id": 94707756048, "instrument_name": "ETH-7NOV25", "bids": [[3714.0, 756.0], [3713.75, 46106.0], [3713.5, 30766.0], [3713.25, 23966.0], [3712.25, 454.0], [3712.0, 319.0], [3711.75, 1068.0], [3709.25, 452.0], [3708.5, 4226.0], [3708.25, 14615.0], [3707.75, 7753.0], [3707.5, 24427.0], [3707.25, 464.0], [3706.25, 449.0], [3705.5, 810.0], [3705.25, 8932.0], [3705.0, 26192.0], [3703.75, 45.0], [3703.5, 22281.0], [3703.25, 40451.0]], "asks": [[3714.25, 5973.0], [3714.5, 36335.0], [3714.75, 39351.0], [3715.0, 51459.0], [3715.25, 1000.0], [3715.5, 449.0], [3716.0, 464.0], [3716.25, 4130.0], [3716.5, 13837.0], [3716.75, 7727.0], [3717.0, 25843.0], [3717.75, 458.0], [3718.75, 454.0], [3719.25, 7120.0], [3719.5, 22332.0], [3719.75, 456.0], [3722.0, 7382.0], [3722.25, 24730.0], [3723.0, 451.0], [3723.5, 460.0]]}}}
{"jsonrpc": "2.0", "method": "subscription", "params": {"channel": "book.ETH-14NOV25.none.20.100ms", "data": {"timestamp": 1762165651999, "change_id": 94707756551, "instrument_name": "ETH-14NOV25", "bids": [[3716.0, 3786.0], [3715.75, 27796.0], [3715.5, 4629.0], [3715.25, 1915.0], [3715.0, 331.0], [3714.0, 2828.0], [3713.75, 1832.0], [3713.5, 6136.0], [3711.5, 326.0], [3711.25, 547.0], [3711.0, 6186.0], [3710.75, 14586.0], [3710.5, 330.0], [3710.0, 2168.0], [3709.75, 6152.0], [3708.0, 339.0], [3707.25, 444.0], [3707.0, 1445.0], [3706.75, 45.0], [3706.5, 22616.0]], "asks": [[3716.25, 3246.0], [3716.5, 6437.0], [3716.75, 16906.0], [3717.0, 30337.0], [3717.25, 330.0], [3718.5, 4106.0], [3718.75, 13754.0], [3719.75, 332.0], [3720.25, 2190.0], [3720.5, 6231.0], [3720.75, 332.0], [3723.25, 5838.0], [3723.5, 18451.0], [3726.25, 333.0], [3726.75, 33738.0], [3727.0, 37133.0], [3727.25, 330.0], [3727.5, 37017.0], [3727.75, 40000.0], [3732.5, 333.0]]}}}
{"jsonrpc": "2.0", "method": "subscription", "params": {"channel": "book.ETH-7NOV25.none.20.100ms", "data": {"timestamp": 1762165652033, "change_id": 94707756558, "instrument_name": "ETH-7NOV25", "bids": [[3714.0, 756.0], [3713.75, 48606.0], [3713.5, 30665.0], [3713.25, 21567.0], [3712.25, 454.0], [3712.0, 319.0], [3711.75, 1068.0], [3710.5, 448.0], [3710.25, 1501.0], [3709.25, 452.0], [3708.5, 4226.0], [3708.25, 14615.0], [3707.75, 7753.0], [3707.5, 24427.0], [3707.25, 464.0], [3706.25, 449.0], [3705.5, 810.0], [3705.25, 8932.0], [3705.0, 26192.0], [3703.75, 45.0]], "asks": [[3714.25, 5973.0], [3714.5, 36335.0], [3714.75, 39351.0], [3715.0, 51459.0], [3715.25, 1000.0], [3715.5, 449.0], [3716.0, 464.0], [3716.25, 4130.0], [3716.5, 13837.0], [3716.75, 7727.0], [3717.0, 25843.0], [3717.75, 458.0], [3718.75, 454.0], [3719.25, 7120.0], [3719.5, 22332.0], [3719.75, 456.0], [3722.0, 7382.0], [3722.25, 24730.0], [3723.0, 451.0], [3723.5, 460.0]]}}}
{"jsonrpc": "2.0", "method": "subscription", "params": {"channel": "book.ETH-14NOV25.none.20.100ms", "data": {"timestamp": 1762165652133, "change_id": 94707756803, "instrument_name": "ETH-14NOV25", "bids": [[3716.0, 3786.0], [3715.75, 27796.0], [3715.5, 4629.0], [3715.25, 1915.0], [3715.0, 331.0], [3714.0, 328.0], [3712.0, 2163.0], [3711.75, 6136.0], [3711.5, 326.0], [3711.25, 547.0], [3711.0, 6186.0], [3710.75, 14586.0], [3710.5, 330.0], [3710.0, 332.0], [3709.75, 1836.0], [3709.5, 6152.0], [3708.0, 339.0], [3707.25, 444.0], [3707.0, 1445.0], [3706.75, 45.0]], "asks": [[3716.25, 3246.0], [3716.5, 6437.0], [3716.75, 16906.0], [3717.0, 30337.0], [3717.25, 330.0], [3718.5, 4106.0], [3718.75, 13754.0], [3719.75, 332.0], [3720.25, 2190.0], [3720.5, 6231.0], [3720.75, 332.0], [3723.25, 5838.0], [3723.5, 18451.0], [3726.25, 333.0], [3726.75, 33738.0], [3727.0, 37133.0], [3727.25, 330.0], [3727.5, 37017.0], [3727.75, 40000.0], [3732.5, 333.0]]}}}
{"jsonrpc": "2.0", "method": "subscription", "params": {"channel": "book.ETH-7NOV25.none.20.100ms", "data": {"timestamp": 1762165652046, "change_id": 94707756572, "instrument_name": "ETH-7NOV25", "bids": [[3714.0, 756.0], [3713.75, 48606.0], [3713.5, 30665.0], [3713.25, 21567.0], [3712.25, 454.0], [3712.0, 319.0], [3711.75, 1068.0], [3710.5, 448.0], [3710.25, 1501.0], [3709.25, 452.0], [3708.5, 4226.0], [3708.25, 14615.0], [3707.75, 7753.0], [3707.5, 24427.0], [3707.25, 464.0], [3706.25, 449.0], [3705.5, 810.0], [3705.25, 8932.0], [3705.0, 26192.0], [3703.75, 45.0]], "asks": [[3714.25, 5973.0], [3714.5, 36335.0], [3714.75, 46884.0], [3715.0, 77092.0], [3715.25, 1000.0], [3715.5, 449.0], [3716.0, 464.0], [3716.25, 4130.0], [3716.5, 13837.0], [3716.75, 7727.0], [3717.0, 25843.0], [3717.75, 458.0], [3718.75, 454.0], [3719.25, 7120.0], [3719.5, 22332.0], [3719.75, 456.0], [3722.0, 7382.0], [3722.25, 24730.0], [3723.0, 451.0], [3723.5, 460.0]]}}}
{"jsonrpc": "2.0", "method": "subscription", "params": {"channel": "book.ETH-14NOV25.none.20.100ms", "data": {"timestamp": 1762165652609, "change_id": 94707757199, "instrument_name": "ETH-14NOV25", "bids": [[3716.25, 3786.0], [3716.0, 4882.0], [3715.75, 27796.0], [3715.5, 4415.0], [3714.0, 328.0], [3712.0, 2163.0], [3711.75, 6136.0], [3711.5, 326.0], [3711.25, 547.0], [3711.0, 6186.0], [3710.75, 14586.0], [3710.5, 330.0], [3710.0, 332.0], [3709.75, 1836.0], [3709.5, 6152.0], [3708.0, 339.0], [3707.25, 444.0], [3707.0, 1445.0], [3706.75, 45.0], [3706.5, 22616.0]], "asks": [[3716.5, 2500.0], [3716.75, 16906.0], [3717.0, 30337.0], [3717.25, 1971.0], [3718.5, 4106.0], [3718.75, 13754.0], [3719.75, 332.0], [3720.25, 2190.0], [3720.5, 6231.0], [3720.75, 332.0], [3723.25, 5838.0], [3723.5, 18451.0], [3726.25, 333.0], [3726.75, 33738.0], [3727.0, 37133.0], [3727.25, 330.0], [3727.5, 37017.0], [3727.75, 40000.0], [3732.5, 333.0], [3733.0, 36757.0]]}}}
{"jsonrpc": "2.0", "method": "subscription", "params": {"channel": "book.ETH-7NOV25.none.20.100ms", "data": {"timestamp": 1762165652531, "change_id": 94707757157, "instrument_name": "ETH-7NOV25", "bids": [[3714.0, 756.0], [3713.75, 48606.0], [3713.5, 30665.0], [3713.25, 21567.0], [3712.25, 454.0], [3712.0, 319.0], [3711.75, 1068.0], [3710.5, 448.0], [3710.25, 1501.0], [3709.25, 452.0], [3708.5, 4226.0], [3708.25, 14615.0], [3707.75, 7753.0], [3707.5, 24427.0], [3707.25, 464.0], [3706.25, 449.0], [3705.5, 810.0], [3705.25, 8932.0], [3705.0, 26192.0], [3703.75, 45.0]], "asks": [[3714.25, 5973.0], [3714.5, 33936.0], [3714.75, 49283.0], [3715.0, 77092.0], [3715.25, 1000.0], [3715.5, 449.0], [3716.0, 464.0], [3716.25, 4130.0], [3716.5, 13837.0], [3716.75, 7727.0], [3717.0, 25843.0], [3717.75, 458.0], [3718.75, 454.0], [3719.25, 7120.0], [3719.5, 22332.0], [3719.75, 456.0], [3722.0, 7382.0], [3722.25, 24730.0], [3723.0, 451.0], [3723.5, 460.0]]}}}
{"jsonrpc": "2.0", "method": "subscription", "params": {"channel": "book.ETH-7NOV25.none.20.100ms", "data": {"timestamp": 1762165652790, "change_id": 94707757495, "instrument_name": "ETH-7NOV25", "bids": [[3714.0, 756.0], [3713.75, 52243.0], [3713.5, 30665.0], [3713.25, 21567.0], [3712.25, 454.0], [3712.0, 319.0], [3711.75, 1068.0], [3710.5, 448.0], [3710.25, 1501.0], [3709.25, 452.0], [3708.5, 4226.0], [3708.25, 14615.0], [3707.75, 7753.0], [3707.5, 24427.0], [3706.25, 449.0], [3705.5, 810.0], [3705.25, 8932.0], [3705.0, 26192.0], [3703.75, 45.0], [3703.5, 22281.0]], "asks": [[3714.25, 5973.0], [3714.5, 33936.0], [3714.75, 49283.0], [3715.0, 77092.0], [3715.25, 1000.0], [3716.0, 464.0], [3716.25, 4130.0], [3716.5, 13837.0], [3716.75, 7727.0], [3717.0, 25843.0], [3717.75, 458.0], [3718.75, 454.0], [3719.25, 7120.0], [3719.5, 22332.0], [3719.75, 456.0], [3722.0, 7382.0], [3722.25, 24730.0], [3723.0, 451.0], [3723.5, 460.0], [3724.0, 454.0]]}}}
{"jsonrpc": "2.0", "method": "subscription", "params": {"channel": "book.ETH-7NOV25.none.20.100ms", "data": {"timestamp": 1762165653310, "change_id": 94707757992, "instrument_name": "ETH-7NOV25", "bids": [[3714.0, 756.0], [3713.75, 54642.0], [3713.5, 28266.0], [3713.25, 21567.0], [3712.25, 454.0], [3712.0, 319.0], [3711.75, 1068.0], [3710.5, 448.0], [3710.25, 1501.0], [3709.25, 452.0], [3708.5, 4226.0], [3708.25, 14615.0], [3707.75, 7753.0], [3707.5, 24427.0], [3706.25, 449.0], [3705.5, 810.0], [3705.25, 8932.0], [3705.0, 26192.0], [3703.75, 45.0], [3703.5, 22281.0]], "asks": [[3714.25, 5973.0], [3714.5, 33936.0], [3714.75, 49283.0], [3715.0, 77092.0], [3715.25, 1000.0], [3716.0, 464.0], [3716.25, 4130.0], [3716.5, 13837.0], [3716.75, 7727.0], [3717.0, 25843.0], [3717.75, 458.0], [3718.75, 454.0], [3719.25, 7120.0], [3719.5, 22332.0], [3719.75, 456.0], [3722.0, 7382.0], [3722.25, 24730.0], [3723.0, 451.0], [3723.5, 460.0], [3724.0, 454.0]]}}}
{"jsonrpc": "2.0", "method": "subscription", "params": {"channel": "book.ETH-14NOV25.none.20.100ms", "data": {"timestamp": 1762165653723, "change_id": 94707758305, "instrument_name": "ETH-14NOV25", "bids": [[3716.25, 3786.0], [3716.0, 4882.0], [3715.75, 29761.0], [3715.5, 1915.0], [3714.0, 328.0], [3712.0, 2163.0], [3711.75, 6136.0], [3711.5, 326.0], [3711.25, 547.0], [3711.0, 6186.0], [3710.75, 14586.0], [3710.5, 330.0], [3710.0, 332.0], [3709.75, 1836.0], [3709.5, 6152.0], [3708.0, 339.0], [3707.25, 444.0], [3707.0, 1445.0], [3706.75, 45.0], [3706.5, 22616.0]], "asks": [[3716.5, 2500.0], [3716.75, 16906.0], [3717.0, 30337.0], [3717.25, 1971.0], [3718.5, 4106.0], [3718.75, 13754.0], [3719.75, 332.0], [3720.25, 2190.0], [3720.5, 6231.0], [3720.75, 332.0], [3723.25, 5838.0], [3723.5, 18451.0], [3726.25, 333.0], [3726.75, 33738.0], [3727.0, 37133.0], [3727.25, 330.0], [3727.5, 37017.0], [3727.75, 40000.0], [3732.5, 333.0], [3733.0, 36757.0]]}}}
{"jsonrpc": "2.0", "method": "subscription", "params": {"channel": "book.ETH-7NOV25.none.20.100ms", "data": {"timestamp": 1762165654337, "change_id": 94707759111, "instrument_name": "ETH-7NOV25", "bids": [[3714.25, 756.0], [3714.0, 29805.0], [3713.75, 58133.0], [3713.5, 21106.0], [3713.25, 461.0], [3712.25, 454.0], [3712.0, 319.0], [3711.75, 1068.0], [3710.5, 448.0], [3710.25, 1501.0], [3709.25, 452.0], [3708.5, 4226.0], [3708.25, 14615.0], [3707.75, 7753.0], [3707.5, 24427.0], [3706.25, 449.0], [3705.5, 810.0], [3705.25, 8932.0], [3705.0, 26192.0], [3703.75, 45.0]], "asks": [[3714.5, 4600.0], [3714.75, 49283.0], [3715.0, 80894.0], [3715.25, 13868.0], [3716.0, 464.0], [3716.25, 4130.0], [3716.5, 13837.0], [3716.75, 7727.0], [3717.0, 25843.0], [3717.75, 458.0], [3718.75, 454.0], [3719.25, 7120.0], [3719.5, 22332.0], [3719.75, 456.0], [3722.0, 7382.0], [3722.25, 24730.0], [3723.0, 451.0], [3723.5, 460.0], [3724.0, 454.0], [3725.0, 50554.0]]}}}
{"jsonrpc": "2.0", "method": "subscription", "params": {"channel": "book.ETH-14NOV25.none.20.100ms", "data": {"timestamp": 1762165654335, "change_id": 94707759105, "instrument_name": "ETH-14NOV25", "bids": [[3716.5, 3786.0], [3716.25, 2132.0], [3716.0, 8884.0], [3715.75, 29416.0], [3714.0, 328.0], [3712.0, 2163.0], [3711.75, 6136.0], [3711.5, 326.0], [3711.25, 547.0], [3711.0, 6186.0], [3710.75, 14586.0], [3710.5, 330.0], [3710.0, 332.0], [3709.75, 1836.0], [3709.5, 6152.0], [3708.0, 339.0], [3707.25, 444.0], [3707.0, 1445.0], [3706.75, 45.0], [3706.5, 22616.0]], "asks": [[3716.75, 6489.0], [3717.0, 28122.0], [3717.25, 5671.0], [3717.5, 1642.0], [3717.75, 331.0], [3718.5, 4106.0], [3718.75, 13754.0], [3719.75, 332.0], [3720.25, 2190.0], [3720.5, 6231.0], [3720.75, 332.0], [3723.25, 5838.0], [3723.5, 18451.0], [3726.25, 333.0], [3726.75, 33738.0], [3727.0, 37133.0], [3727.25, 330.0], [3727.5, 37017.0], [3727.75, 40000.0], [3732.5, 333.0]]}}}
{"jsonrpc": "2.0", "method": "subscription", "params": {"channel": "book.ETH-14NOV25.none.20.100ms", "data": {"timestamp": 1762165654436, "change_id": 94707759240, "instrument_name": "ETH-14NOV25", "bids": [[3716.5, 3786.0], [3716.25, 2132.0], [3716.0, 8884.0], [3715.75, 29140.0], [3714.0, 328.0], [3712.0, 2163.0], [3711.75, 6136.0], [3711.5, 326.0], [3711.25, 547.0], [3711.0, 6186.0], [3710.75, 14586.0], [3710.5, 330.0], [3710.0, 332.0], [3709.75, 1836.0], [3709.5, 6152.0], [3708.0, 339.0], [3707.25, 444.0], [3707.0, 1445.0], [3706.75, 45.0], [3706.5, 22616.0]], "asks": [[3716.75, 6489.0], [3717.0, 28122.0], [3717.25, 5671.0], [3717.5, 1642.0], [3717.75, 331.0], [3718.5, 4106.0], [3718.75, 13754.0], [3719.75, 332.0], [3720.25, 2190.0], [3720.5, 6231.0], [3720.75, 332.0], [3723.25, 5838.0], [3723.5, 18451.0], [3726.25, 333.0], [3726.75, 33738.0], [3727.0, 37133.0], [3727.25, 330.0], [3727.5, 37017.0], [3727.75, 40000.0], [3732.5, 333.0]]}}}
{"jsonrpc": "2.0", "method": "subscription", "params": {"channel": "book.ETH-7NOV25.none.20.100ms", "data": {"timestamp": 1762165654573, "change_id": 94707759360, "instrument_name": "ETH-7NOV25", "bids": [[3714.25, 756.0], [3714.0, 21106.0], [3713.75, 58133.0], [3713.5, 21106.0], [3713.25, 461.0], [3712.25, 454.0], [3712.0, 319.0], [3711.75, 1068.0], [3710.5, 448.0], [3710.25, 1501.0], [3709.25, 452.0], [3708.5, 4226.0], [3708.25, 14615.0], [3707.75, 7753.0], [3707.5, 24427.0], [3706.25, 449.0], [3705.5, 810.0], [3705.25, 8932.0], [3705.0, 26192.0], [3703.75, 45.0]], "asks": [[3714.5, 4600.0], [3714.75, 49283.0], [3715.0, 80894.0], [3715.25, 13868.0], [3716.0, 464.0], [3716.25, 4130.0], [3716.5, 13837.0], [3716.75, 7727.0], [3717.0, 25843.0], [3717.75, 458.0], [3718.75, 454.0], [3719.25, 7120.0], [3719.5, 22332.0], [3719.75, 456.0], [3722.0, 7382.0], [3722.25, 24730.0], [3723.0, 451.0], [3723.5, 460.0], [3724.0, 454.0], [3725.0, 50554.0]]}}}
{"jsonrpc": "2.0", "method": "subscription", "params": {"channel": "book.ETH-14NOV25.none.20.100ms", "data": {"timestamp": 1762165654946, "change_id": 94707760027, "instrument_name": "ETH-14NOV25", "bids": [[3716.25, 3210.0], [3716.0, 8609.0], [3715.75, 26916.0], [3715.5, 1642.0], [3715.25, 2500.0], [3714.0, 328.0], [3712.0, 2163.0], [3711.75, 6136.0], [3711.5, 326.0], [3711.25, 547.0], [3711.0, 6186.0], [3710.75, 14586.0], [3710.0, 332.0], [3709.75, 1836.0], [3709.5, 6152.0], [3708.0, 339.0], [3707.25, 444.0], [3707.0, 1445.0], [3706.75, 45.0], [3706.5, 22616.0]], "asks": [[3716.5, 2500.0], [3716.75, 15531.0], [3717.0, 30337.0], [3717.25, 1971.0], [3717.75, 331.0], [3718.5, 4106.0], [3718.75, 13754.0], [3719.75, 332.0], [3720.25, 2190.0], [3720.5, 6231.0], [3720.75, 332.0], [3723.25, 5838.0], [3723.5, 18451.0], [3726.25, 333.0], [3726.75, 33738.0], [3727.0, 37133.0], [3727.25, 330.0], [3727.5, 37017.0], [3727.75, 40000.0], [3732.5, 333.0]]}}}
{"jsonrpc": "2.0", "method": "subscription", "params": {"channel": "book.ETH-7NOV25.none.20.100ms", "data": {"timestamp": 1762165654979, "change_id": 94707760042, "instrument_name": "ETH-7NOV25", "bids": [[3714.0, 756.0], [3713.75, 46106.0], [3713.5, 29605.0], [3713.25, 21567.0], [3712.25, 454.0], [3712.0, 319.0], [3711.75, 1068.0], [3710.5, 448.0], [3710.25, 1501.0], [3709.25, 452.0], [3708.5, 4226.0], [3708.25, 14615.0], [3707.75, 7753.0], [3707.5, 24427.0], [3706.25, 449.0], [3705.5, 810.0], [3705.25, 8932.0], [3705.0, 26192.0], [3703.75, 45.0], [3703.5, 22281.0]], "asks": [[3714.25, 5973.0], [3714.5, 34095.0], [3714.75, 49283.0], [3715.0, 77092.0], [3715.25, 1000.0], [3716.0, 464.0], [3716.25, 4130.0], [3716.5, 13837.0], [3716.75, 7727.0], [3717.0, 25843.0], [3717.75, 458.0], [3718.75, 454.0], [3719.25, 7120.0], [3719.5, 22332.0], [3719.75, 456.0], [3722.0, 7382.0], [3722.25, 24730.0], [3723.0, 451.0], [3723.5, 460.0], [3724.0, 454.0]]}}}
{"jsonrpc": "2.0", "method": "subscription", "params": {"channel": "book.ETH-7NOV25.none.20.100ms", "data": {"timestamp": 1762165655122, "change_id": 94707760275, "instrument_name": "ETH-7NOV25", "bids": [[3714.0, 756.0], [3713.75, 46106.0], [3713.5, 29605.0], [3713.25, 21567.0], [3712.25, 454.0], [3712.0, 319.0], [3711.75, 1068.0], [3710.5, 448.0], [3710.25, 1501.0], [3709.25, 452.0], [3708.5, 4226.0], [3708.25, 14615.0], [3707.75, 7753.0], [3707.5, 24427.0], [3706.25, 449.0], [3705.5, 810.0], [3705.25, 8932.0], [3705.0, 26192.0], [3703.75, 45.0], [3703.5, 22281.0]], "asks": [[3714.25, 5973.0], [3714.5, 34095.0], [3714.75, 51783.0], [3715.0, 74592.0], [3715.25, 1000.0], [3716.0, 464.0], [3716.25, 4130.0], [3716.5, 13837.0], [3716.75, 7727.0], [3717.0, 25843.0], [3718.75, 454.0], [3719.25, 7120.0], [3719.5, 22332.0], [3719.75, 456.0], [3722.0, 7382.0], [3722.25, 24730.0], [3723.0, 451.0], [3723.5, 460.0], [3724.0, 454.0], [3725.0, 50554.0]]}}}
{"jsonrpc": "2.0", "method": "subscription", "params": {"channel": "book.ETH-14NOV25.none.20.100ms", "data": {"timestamp": 1762165655100, "change_id": 94707760272, "instrument_name": "ETH-14NOV25", "bids": [[3716.25, 3210.0], [3716.0, 8609.0], [3715.75, 26916.0], [3715.5, 1642.0], [3715.25, 2500.0], [3714.0, 328.0], [3712.5, 2163.0], [3712.25, 6136.0], [3712.0, 331.0], [3711.5, 326.0], [3711.25, 547.0], [3711.0, 6186.0], [3710.75, 14586.0], [3710.0, 332.0], [3709.75, 1836.0], [3709.5, 6152.0], [3708.0, 339.0], [3707.25, 444.0], [3707.0, 1445.0], [3706.75, 45.0]], "asks": [[3716.5, 2500.0], [3716.75, 15531.0], [3717.0, 30337.0], [3717.25, 1971.0], [3717.75, 331.0], [3718.5, 4106.0], [3718.75, 13754.0], [3719.75, 332.0], [3720.25, 2190.0], [3720.5, 6231.0], [3720.75, 332.0], [3723.25, 5838.0], [3723.5, 18451.0], [3726.25, 333.0], [3726.75, 33738.0], [3727.0, 37133.0], [3727.25, 330.0], [3727.5, 37017.0], [3727.75, 40000.0], [3732.5, 333.0]]}}}
{"jsonrpc": "2.0", "method": "subscription", "params": {"channel": "book.ETH-7NOV25.none.20.100ms", "data": {"timestamp": 1762165655360, "change_id": 94707760401, "instrument_name": "ETH-7NOV25", "bids": [[3714.0, 756.0], [3713.75, 46106.0], [3713.5, 29605.0], [3713.25, 21567.0], [3712.25, 454.0], [3712.0, 319.0], [3711.75, 1068.0], [3710.5, 448.0], [3710.25, 1501.0], [3709.25, 452.0], [3708.5, 4226.0], [3708.25, 14615.0], [3707.75, 462.0], [3707.25, 7752.0], [3707.0, 24427.0], [3706.25, 449.0], [3705.5, 810.0], [3705.25, 8932.0], [3705.0, 26192.0], [3703.75, 45.0]], "asks": [[3714.25, 5973.0], [3714.5, 36494.0], [3714.75, 49384.0], [3715.0, 74592.0], [3715.25, 1000.0], [3716.0, 464.0], [3716.25, 4130.0], [3716.5, 13837.0], [3716.75, 7727.0], [3717.0, 25843.0], [3718.75, 454.0], [3719.25, 7120.0], [3719.5, 22332.0], [3719.75, 456.0], [3722.0, 7382.0], [3722.25, 24730.0], [3723.0, 451.0], [3723.5, 460.0], [3724.0, 454.0], [3725.0, 50554.0]]}}}
{"jsonrpc": "2.0", "method": "subscription", "params": {"channel": "book.ETH-14NOV25.none.20.100ms", "data": {"timestamp": 1762165656270, "change_id": 94707761504, "instrument_name": "ETH-14NOV25", "bids": [[3716.0, 3210.0], [3715.75, 27213.0], [3715.5, 3155.0], [3715.25, 4143.0], [3714.0, 328.0], [3712.5, 2163.0], [3712.25, 6136.0], [3712.0, 331.0], [3711.5, 326.0], [3711.25, 547.0], [3711.0, 6186.0], [3710.75, 14586.0], [3710.0, 332.0], [3709.75, 1836.0], [3709.5, 6152.0], [3708.0, 339.0], [3707.25, 444.0], [3707.0, 1445.0], [3706.75, 45.0], [3706.5, 22616.0]], "asks": [[3716.5, 4781.0], [3716.75, 18741.0], [3717.0, 27127.0], [3717.25, 1971.0], [3717.75, 331.0], [3718.5, 4106.0], [3718.75, 13754.0], [3719.75, 332.0], [3720.25, 2190.0], [3720.5, 6231.0], [3720.75, 332.0], [3723.25, 5838.0], [3723.5, 18451.0], [3726.25, 333.0], [3726.75, 33738.0], [3727.0, 37133.0], [3727.25, 330.0], [3727.5, 37017.0], [3727.75, 40000.0], [3732.5, 333.0]]}}}
{"jsonrpc": "2.0", "method": "subscription", "params": {"channel": "book.ETH-7NOV25.none.20.100ms", "data": {"timestamp": 1762165656277, "change_id": 94707761601, "instrument_name": "ETH-7NOV25", "bids": [[3713.75, 25000.0], [3713.5, 29161.0], [3713.25, 25780.0], [3713.0, 21106.0], [3712.25, 454.0], [3712.0, 319.0], [3711.75, 1068.0], [3710.5, 448.0], [3710.25, 1501.0], [3709.25, 452.0], [3708.5, 4226.0], [3708.25, 14615.0], [3707.75, 462.0], [3707.25, 7752.0], [3707.0, 24427.0], [3706.25, 449.0], [3705.5, 810.0], [3705.25, 8932.0], [3705.0, 26192.0], [3703.75, 45.0]], "asks": [[3714.25, 12814.0], [3714.5, 42914.0], [3714.75, 66851.0], [3715.0, 44992.0], [3715.25, 1000.0], [3716.0, 464.0], [3716.25, 4130.0], [3716.5, 13837.0], [3716.75, 7727.0], [3717.0, 25843.0], [3718.75, 454.0], [3719.25, 7120.0], [3719.5, 22332.0], [3719.75, 456.0], [3722.0, 7382.0], [3722.25, 24730.0], [3723.0, 451.0], [3723.5, 460.0], [3724.0, 454.0], [3725.0, 50554.0]]}}}
{"jsonrpc": "2.0", "method": "subscription", "params": {"channel": "book.ETH-14NOV25.none.20.100ms", "data": {"timestamp": 1762165657109, "change_id": 94707762612, "instrument_name": "ETH-14NOV25", "bids": [[3716.0, 3210.0], [3715.75, 27213.0], [3715.5, 3155.0], [3715.25, 4143.0], [3714.0, 328.0], [3712.5, 2163.0], [3712.25, 6136.0], [3711.5, 326.0], [3711.25, 547.0], [3711.0, 6186.0], [3710.75, 14586.0], [3710.0, 332.0], [3709.75, 1836.0], [3709.5, 6152.0], [3708.0, 339.0], [3707.25, 444.0], [3707.0, 1445.0], [3706.75, 45.0], [3706.5, 22616.0], [3706.25, 19911.0]], "asks": [[3716.5, 4781.0], [3716.75, 18741.0], [3717.0, 27127.0], [3717.25, 1971.0], [3717.75, 331.0], [3718.5, 4106.0], [3718.75, 13754.0], [3719.75, 332.0], [3720.25, 2190.0], [3720.5, 6231.0], [3720.75, 332.0], [3723.25, 5838.0], [3723.5, 18451.0], [3726.25, 333.0], [3726.75, 33738.0], [3727.0, 37133.0], [3727.25, 330.0], [3727.5, 37017.0], [3727.75, 40000.0], [3732.5, 333.0]]}}}
{"jsonrpc": "2.0", "method": "subscription", "params": {"channel": "book.ETH-7NOV25.none.20.100ms", "data": {"timestamp": 1762165657045, "change_id": 94707762364, "instrument_name": "ETH-7NOV25", "bids": [[3713.75, 25000.0], [3713.5, 26762.0], [3713.25, 28179.0], [3713.0, 21106.0], [3712.25, 454.0], [3712.0, 319.0], [3711.75, 1068.0], [3710.5, 448.0], [3710.25, 1501.0], [3709.25, 452.0], [3708.5, 4226.0], [3708.25, 14615.0], [3707.75, 462.0], [3707.25, 7752.0], [3707.0, 24427.0], [3706.25, 449.0], [3705.5, 810.0], [3705.25, 8932.0], [3705.0, 26192.0], [3703.75, 45.0]], "asks": [[3714.25, 12814.0], [3714.5, 42914.0], [3714.75, 66851.0], [3715.0, 44992.0], [3715.25, 1000.0], [3716.0, 464.0], [3716.25, 4130.0], [3716.5, 13837.0], [3716.75, 7727.0], [3717.0, 25843.0], [3718.75, 454.0], [3719.25, 7120.0], [3719.5, 22332.0], [3719.75, 456.0], [3722.0, 7382.0], [3722.25, 24730.0], [3723.0, 451.0], [3723.5, 460.0], [3724.0, 454.0], [3725.0, 50554.0]]}}}
{"jsonrpc": "2.0", "method": "subscription", "params": {"channel": "book.ETH-14NOV25.none.20.100ms", "data": {"timestamp": 1762165658233, "change_id": 94707763654, "instrument_name": "ETH-14NOV25", "bids": [[3716.0, 3210.0], [3715.75, 27213.0], [3715.5, 3155.0], [3715.25, 4143.0], [3714.0, 328.0], [3713.0, 2163.0], [3712.75, 6136.0], [3712.5, 331.0], [3711.5, 326.0], [3711.25, 547.0], [3711.0, 6186.0], [3710.75, 14586.0], [3710.0, 332.0], [3709.75, 1836.0], [3709.5, 6152.0], [3708.0, 339.0], [3707.25, 444.0], [3707.0, 1445.0], [3706.75, 45.0], [3706.5, 22616.0]], "asks": [[3716.5, 4781.0], [3716.75, 18741.0], [3717.0, 27127.0], [3717.25, 1971.0], [3717.75, 331.0], [3718.5, 4106.0], [3718.75, 13754.0], [3719.75, 332.0], [3720.25, 2190.0], [3720.5, 6231.0], [3720.75, 332.0], [3723.25, 5838.0], [3723.5, 18451.0], [3726.25, 333.0], [3726.75, 33738.0], [3727.0, 37133.0], [3727.25, 330.0], [3727.5, 37017.0], [3727.75, 40000.0], [3732.5, 333.0]]}}}
{"jsonrpc": "2.0", "method": "subscription", "params": {"channel": "book.ETH-7NOV25.none.20.100ms", "data": {"timestamp": 1762165658651, "change_id": 94707763963, "instrument_name": "ETH-7NOV25", "bids": [[3713.75, 25000.0], [3713.5, 29161.0], [3713.25, 25780.0], [3713.0, 21106.0], [3712.25, 454.0], [3712.0, 319.0], [3711.75, 1068.0], [3710.5, 448.0], [3710.25, 1501.0], [3709.25, 452.0], [3708.5, 4226.0], [3708.25, 14615.0], [3707.75, 462.0], [3707.25, 7752.0], [3707.0, 24427.0], [3706.25, 449.0], [3705.5, 810.0], [3705.25, 8932.0], [3705.0, 26192.0], [3703.75, 45.0]], "asks": [[3714.25, 12814.0], [3714.5, 42914.0], [3714.75, 66851.0], [3715.0, 44992.0], [3715.25, 1000.0], [3716.0, 464.0], [3716.25, 4130.0], [3716.5, 13837.0], [3716.75, 7727.0], [3717.0, 25843.0], [3718.75, 454.0], [3719.25, 7120.0], [3719.5, 22332.0], [3719.75, 456.0], [3722.0, 7382.0], [3722.25, 24730.0], [3723.0, 451.0], [3723.5, 460.0], [3724.0, 454.0], [3725.0, 50554.0]]}}}
{"jsonrpc": "2.0", "method": "subscription", "params": {"channel": "book.ETH-14NOV25.none.20.100ms", "data": {"timestamp": 1762165659469, "change_id": 94707765117, "instrument_name": "ETH-14NOV25", "bids": [[3716.0, 3210.0], [3715.75, 27213.0], [3715.5, 3155.0], [3715.25, 4143.0], [3714.0, 328.0], [3713.0, 2163.0], [3712.75, 6136.0], [3711.5, 326.0], [3711.25, 547.0], [3711.0, 6186.0], [3710.75, 14586.0], [3710.0, 332.0], [3709.75, 1836.0], [3709.5, 6152.0], [3708.0, 339.0], [3707.25, 444.0], [3707.0, 1445.0], [3706.75, 45.0], [3706.5, 22616.0], [3706.25, 19911.0]], "asks": [[3716.5, 4781.0], [3716.75, 18741.0], [3717.0, 27127.0], [3717.25, 1971.0], [3717.75, 331.0], [3718.5, 4106.0], [3718.75, 13754.0], [3719.75, 332.0], [3720.25, 2190.0], [3720.5, 6231.0], [3720.75, 332.0], [3723.25, 5838.0], [3723.5, 18451.0], [3726.25, 333.0], [3726.75, 33738.0], [3727.0, 37133.0], [3727.25, 330.0], [3727.5, 37017.0], [3727.75, 40000.0], [3732.5, 333.0]]}}}
{"jsonrpc": "2.0", "method": "subscription", "params": {"channel": "book.ETH-14NOV25.none.20.100ms", "data": {"timestamp": 1762165661244, "change_id": 94707767647, "instrument_name": "ETH-14NOV25", "bids": [[3715.75, 3786.0], [3715.5, 3900.0], [3715.25, 28178.0], [3715.0, 4149.0], [3714.0, 328.0], [3713.5, 2164.0], [3713.25, 6136.0], [3713.0, 331.0], [3711.5, 326.0], [3711.25, 547.0], [3711.0, 6186.0], [3710.75, 14586.0], [3710.0, 332.0], [3708.5, 2168.0], [3708.25, 6152.0], [3708.0, 339.0], [3707.25, 444.0], [3707.0, 1445.0], [3706.75, 45.0], [3706.5, 22616.0]], "asks": [[3716.0, 2500.0], [3716.25, 7858.0], [3716.5, 20070.0], [3716.75, 29963.0], [3717.25, 330.0], [3717.75, 331.0], [3718.0, 746.0], [3718.25, 2832.0], [3718.5, 4106.0], [3718.75, 13754.0], [3719.75, 332.0], [3720.25, 2190.0], [3720.5, 6231.0], [3720.75, 332.0], [3723.25, 330.0], [3723.5, 18451.0], [3726.25, 333.0], [3726.75, 22654.0], [3727.0, 37133.0], [3727.25, 330.0]]}}}
{"jsonrpc": "2.0", "method": "subscription", "params": {"channel": "book.ETH-7NOV25.none.20.100ms", "data": {"timestamp": 1762165661268, "change_id": 94707767664, "instrument_name": "ETH-7NOV25", "bids": [[3713.5, 756.0], [3713.25, 46106.0], [3713.0, 26450.0], [3712.75, 21106.0], [3712.25, 454.0], [3711.75, 1068.0], [3710.25, 1501.0], [3709.25, 452.0], [3708.25, 14615.0], [3707.75, 462.0], [3707.25, 461.0], [3707.0, 24427.0], [3706.75, 457.0], [3706.25, 449.0], [3705.5, 477.0], [3705.25, 1114.0], [3705.0, 26192.0], [3703.75, 45.0], [3703.5, 22281.0], [3703.25, 40451.0]], "asks": [[3713.75, 4600.0], [3714.0, 23660.0], [3714.25, 28105.0], [3714.5, 54663.0], [3715.0, 25633.0], [3716.0, 464.0], [3716.5, 13837.0], [3716.75, 461.0], [3717.0, 25843.0], [3718.75, 454.0], [3719.25, 454.0], [3719.5, 22332.0], [3719.75, 456.0], [3722.25, 24730.0], [3723.0, 451.0], [3723.5, 460.0], [3724.0, 454.0], [3725.0, 50554.0], [3726.0, 40000.0], [3727.0, 451.0]]}}}
{"jsonrpc": "2.0", "method": "subscription", "params": {"channel": "book.ETH-14NOV25.none.20.100ms", "data": {"timestamp": 1762165661957, "change_id": 94707768615, "instrument_name": "ETH-14NOV25", "bids": [[3715.75, 3786.0], [3715.5, 27968.0], [3715.25, 4912.0], [3715.0, 1649.0], [3714.0, 328.0], [3713.5, 2164.0], [3713.25, 6136.0], [3711.5, 326.0], [3711.0, 4684.0], [3710.75, 14586.0], [3710.0, 332.0], [3708.5, 2168.0], [3708.25, 6152.0], [3708.0, 339.0], [3707.25, 444.0], [3707.0, 1445.0], [3706.75, 45.0], [3706.5, 22616.0], [3706.25, 19911.0], [3706.0, 339.0]], "asks": [[3716.0, 2500.0], [3716.25, 6975.0], [3716.5, 16860.0], [3716.75, 30673.0], [3717.75, 331.0], [3718.0, 746.0], [3718.25, 2832.0], [3718.5, 4106.0], [3718.75, 13754.0], [3719.75, 332.0], [3720.25, 2190.0], [3720.5, 6231.0], [3720.75, 332.0], [3723.25, 330.0], [3723.5, 18451.0], [3726.25, 333.0], [3726.75, 22654.0], [3727.0, 37133.0], [3727.25, 330.0], [3727.5, 37017.0]]}}}
{"jsonrpc": "2.0", "method": "subscription", "params": {"channel": "book.ETH-7NOV25.none.20.100ms", "data": {"timestamp": 1762165661839, "change_id": 94707768471, "instrument_name": "ETH-7NOV25", "bids": [[3713.5, 756.0], [3713.25, 56148.0], [3713.0, 27851.0], [3712.75, 21106.0], [3712.25, 454.0], [3712.0, 319.0], [3711.75, 1068.0], [3710.5, 448.0], [3710.25, 1501.0], [3709.25, 452.0], [3708.5, 4363.0], [3708.25, 14615.0], [3707.75, 462.0], [3707.25, 7752.0], [3707.0, 24427.0], [3706.75, 457.0], [3706.25, 449.0], [3705.5, 810.0], [3705.25, 1114.0], [3705.0, 26192.0]], "asks": [[3714.0, 32049.0], [3714.25, 42023.0], [3714.5, 57062.0], [3714.75, 7651.0], [3715.0, 25633.0], [3716.0, 464.0], [3716.25, 4130.0], [3716.5, 13837.0], [3716.75, 8175.0], [3717.0, 25843.0], [3718.75, 454.0], [3719.25, 7120.0], [3719.5, 22332.0], [3719.75, 456.0], [3722.25, 24730.0], [3723.0, 451.0], [3723.5, 460.0], [3724.0, 454.0], [3725.0, 50554.0], [3726.0, 40000.0]]}}}
{"jsonrpc": "2.0", "method": "subscription", "params": {"channel": "book.ETH-7NOV25.none.20.100ms", "data": {"timestamp": 1762165662259, "change_id": 94707768936, "instrument_name": "ETH-7NOV25", "bids": [[3713.75, 756.0], [3713.5, 28105.0], [3713.25, 54195.0], [3713.0, 21106.0], [3712.25, 454.0], [3712.0, 319.0], [3711.75, 1068.0], [3710.5, 448.0], [3710.25, 1501.0], [3709.25, 452.0], [3708.5, 4363.0], [3708.25, 14615.0], [3707.75, 462.0], [3707.25, 7752.0], [3707.0, 24427.0], [3706.25, 449.0], [3705.5, 810.0], [3705.25, 1114.0], [3705.0, 26192.0], [3703.75, 45.0]], "asks": [[3714.0, 4600.0], [3714.25, 42023.0], [3714.5, 63362.0], [3714.75, 28757.0], [3715.0, 25633.0], [3716.0, 464.0], [3716.25, 4130.0], [3716.5, 13837.0], [3716.75, 8175.0], [3717.0, 25843.0], [3718.75, 454.0], [3719.25, 7120.0], [3719.5, 22332.0], [3719.75, 456.0], [3722.25, 24730.0], [3723.0, 451.0], [3723.5, 460.0], [3724.0, 454.0], [3725.0, 50554.0], [3726.0, 40000.0]]}}}
{"jsonrpc": "2.0", "method": "subscription", "params": {"channel": "book.ETH-14NOV25.none.20.100ms", "data": {"timestamp": 1762165662364, "change_id": 94707769014, "instrument_name": "ETH-14NOV25", "bids": [[3715.75, 3786.0], [3715.5, 27968.0], [3715.25, 4912.0], [3715.0, 1649.0], [3714.0, 328.0], [3713.5, 2164.0], [3713.25, 6136.0], [3713.0, 332.0], [3712.0, 448.0], [3711.75, 1502.0], [3711.5, 326.0], [3711.0, 4684.0], [3710.75, 14586.0], [3710.0, 332.0], [3708.5, 2168.0], [3708.25, 6152.0], [3708.0, 339.0], [3707.25, 444.0], [3707.0, 1445.0], [3706.75, 45.0]], "asks": [[3716.0, 2500.0], [3716.25, 6975.0], [3716.5, 16860.0], [3716.75, 30673.0], [3717.75, 331.0], [3718.0, 746.0], [3718.25, 2832.0], [3718.5, 4106.0], [3718.75, 13754.0], [3719.75, 332.0], [3720.25, 2190.0], [3720.5, 6231.0], [3720.75, 332.0], [3723.25, 330.0], [3723.5, 18451.0], [3726.25, 333.0], [3726.75, 22654.0], [3727.0, 37133.0], [3727.25, 330.0], [3727.5, 37017.0]]}}}
{"jsonrpc": "2.0", "method": "subscription", "params": {"channel": "book.ETH-7NOV25.none.20.100ms", "data": {"timestamp": 1762165662432, "change_id": 94707769113, "instrument_name": "ETH-7NOV25", "bids": [[3713.75, 756.0], [3713.5, 30605.0], [3713.25, 51695.0], [3713.0, 21106.0], [3712.25, 454.0], [3712.0, 319.0], [3711.75, 1068.0], [3710.5, 448.0], [3710.25, 1501.0], [3709.25, 452.0], [3708.5, 4363.0], [3708.25, 14615.0], [3707.75, 462.0], [3707.25, 7752.0], [3707.0, 24427.0], [3706.25, 449.0], [3705.5, 810.0], [3705.25, 1114.0], [3705.0, 26192.0], [3703.75, 45.0]], "asks": [[3714.0, 4600.0], [3714.25, 42023.0], [3714.5, 63362.0], [3714.75, 28757.0], [3715.0, 25633.0], [3716.0, 464.0], [3716.25, 4130.0], [3716.5, 13837.0], [3716.75, 8175.0], [3717.0, 25843.0], [3718.75, 454.0], [3719.25, 7120.0], [3719.5, 22332.0], [3719.75, 456.0], [3722.25, 24730.0], [3723.0, 451.0], [3723.5, 460.0], [3724.0, 454.0], [3725.0, 50554.0], [3726.0, 40000.0]]}}}
{"jsonrpc": "2.0", "method": "subscription", "params": {"channel": "book.ETH-14NOV25.none.20.100ms", "data": {"timestamp": 1762165663741, "change_id": 94707770406, "instrument_name": "ETH-14NOV25", "bids": [[3715.75, 3786.0], [3715.5, 27968.0], [3715.25, 4912.0], [3715.0, 1649.0], [3714.0, 328.0], [3713.5, 332.0], [3713.0, 332.0], [3712.0, 448.0], [3711.75, 1502.0], [3711.5, 326.0], [3711.0, 4684.0], [3710.75, 14586.0], [3710.0, 332.0], [3708.5, 332.0], [3708.0, 339.0], [3707.25, 444.0], [3707.0, 1445.0], [3706.75, 45.0], [3706.5, 22616.0], [3706.25, 19911.0]], "asks": [[3716.0, 2500.0], [3716.25, 6975.0], [3716.5, 16860.0], [3716.75, 30673.0], [3717.75, 331.0], [3718.0, 746.0], [3718.25, 2832.0], [3718.5, 4106.0], [3718.75, 13754.0], [3719.75, 332.0], [3720.25, 330.0], [3720.75, 332.0], [3723.25, 330.0], [3726.25, 333.0], [3726.75, 22654.0], [3727.25, 330.0], [3727.75, 40000.0], [3732.5, 333.0], [3736.25, 339.0], [3736.75, 40337.0]]}}}
{"jsonrpc": "2.0", "method": "subscription", "params": {"channel": "book.ETH-7NOV25.none.20.100ms", "data": {"timestamp": 1762165663795, "change_id": 94707770561, "instrument_name": "ETH-7NOV25", "bids": [[3713.75, 756.0], [3713.5, 30605.0], [3713.25, 51695.0], [3713.0, 21106.0], [3712.25, 454.0], [3712.0, 319.0], [3711.75, 1068.0], [3710.5, 448.0], [3710.25, 1501.0], [3709.25, 452.0], [3708.5, 4363.0], [3708.25, 14615.0], [3707.75, 462.0], [3707.25, 461.0], [3706.25, 449.0], [3705.5, 810.0], [3705.25, 1114.0], [3705.0, 462.0], [3703.75, 45.0], [3703.5, 22281.0]], "asks": [[3714.0, 4600.0], [3714.25, 44422.0], [3714.5, 60963.0], [3714.75, 28757.0], [3715.0, 25633.0], [3716.0, 464.0], [3716.25, 4130.0], [3716.5, 13837.0], [3716.75, 909.0], [3717.0, 1501.0], [3718.75, 454.0], [3719.25, 7120.0], [3719.5, 22332.0], [3719.75, 456.0], [3723.0, 451.0], [3723.5, 460.0], [3724.0, 454.0], [3725.0, 462.0], [3726.0, 40000.0], [3727.0, 451.0]]}}}
