{"jsonrpc": "2.0", "id": 1, "result": ["book.ETH-3OCT25.none.20.100ms"], "usIn": 1758277435496736, "usOut": 1758277435496929, "usDiff": 193, "testnet": false}
{"jsonrpc": "2.0", "method": "subscription", "params": {"channel": "book.ETH-3OCT25.none.20.100ms", "data": {"timestamp": 1758277434111, "change_id": 87126005853, "instrument_name": "ETH-3OCT25", "bids": [[4536.5, 5000.0], [4536.25, 24000.0], [4535.0, 14018.0], [4534.75, 1250.0], [4533.5, 700.0], [4523.0, 6402.0], [4522.75, 40000.0], [4521.0, 10.0], [4517.75, 18522.0], [4514.5, 75014.0], [4514.0, 40000.0], [4511.75, 10.0], [4509.0, 40000.0], [4504.0, 36433.0], [4502.75, 10.0], [4493.75, 38376.0], [4485.25, 24380.0], [4485.0, 10.0], [4476.0, 10.0], [4474.5, 24593.0]], "asks": [[4537.0, 1250.0], [4537.5, 24000.0], [4538.25, 32312.0], [4539.0, 10.0], [4539.5, 2100.0], [4543.25, 27527.0], [4544.75, 14162.0], [4545.75, 2100.0], [4547.25, 38143.0], [4548.0, 10.0], [4549.5, 1400.0], [4551.0, 78197.0], [4557.0, 37227.0], [4557.25, 10.0], [4559.5, 37453.0], [4560.75, 40000.0], [4565.75, 40000.0], [4566.25, 10.0], [4575.25, 25068.0], [4575.5, 10.0]]}}}
{"jsonrpc": "2.0", "method": "subscription", "params": {"channel": "book.ETH-3OCT25.none.20.100ms", "data": {"timestamp": 1758277444247, "change_id": 87126016267, "instrument_name": "ETH-3OCT25", "bids": [[4536.5, 5000.0], [4536.25, 24000.0], [4534.0, 1250.0], [4533.75, 13906.0], [4533.5, 700.0], [4523.0, 6402.0], [4522.75, 40000.0], [4521.0, 10.0], [4517.75, 18522.0], [4514.5, 75014.0], [4514.0, 40000.0], [4511.75, 10.0], [4509.0, 40000.0], [4504.0, 36433.0], [4502.75, 10.0], [4493.75, 38376.0], [4485.25, 24380.0], [4485.0, 10.0], [4476.0, 10.0], [4474.5, 24593.0]], "asks": [[4537.0, 1250.0], [4537.5, 24000.0], [4538.25, 32312.0], [4539.0, 10.0], [4539.5, 2100.0], [4543.25, 27527.0], [4544.75, 14162.0], [4545.75, 2100.0], [4547.25, 38143.0], [4548.0, 10.0], [4549.5, 1400.0], [4551.0, 78197.0], [4557.0, 37227.0], [4557.25, 10.0], [4559.5, 37453.0], [4560.75, 40000.0], [4565.75, 40000.0], [4566.25, 10.0], [4575.25, 25068.0], [4575.5, 10.0]]}}}
{"jsonrpc": "2.0", "method": "subscription", "params": {"channel": "book.ETH-3OCT25.none.20.100ms", "data": {"timestamp": 1758277444735, "change_id": 87126016782, "instrument_name": "ETH-3OCT25", "bids": [[4536.5, 5000.0], [4536.25, 37905.0], [4534.5, 1250.0], [4533.5, 700.0], [4523.0, 6402.0], [4522.75, 40000.0], [4521.0, 10.0], [4517.75, 18522.0], [4514.5, 75014.0], [4514.0, 40000.0], [4511.75, 10.0], [4509.0, 40000.0], [4504.0, 36433.0], [4502.75, 10.0], [4493.75, 38376.0], [4485.25, 24380.0], [4485.0, 10.0], [4476.0, 10.0], [4474.5, 24593.0], [4467.0, 10.0]], "asks": [[4537.0, 1250.0], [4537.5, 24000.0], [4538.25, 32312.0], [4539.0, 10.0], [4539.5, 2100.0], [4542.75, 14348.0], [4543.25, 27527.0], [4545.75, 2100.0], [4547.25, 38143.0], [4548.0, 10.0], [4549.5, 1400.0], [4551.0, 78197.0], [4557.0, 37227.0], [4557.25, 10.0], [4559.5, 37453.0], [4560.75, 40000.0], [4565.75, 40000.0], [4566.25, 10.0], [4575.25, 25068.0], [4575.5, 10.0]]}}}
{"jsonrpc": "2.0", "method": "subscription", "params": {"channel": "book.ETH-3OCT25.none.20.100ms", "data": {"timestamp": 1758277446406, "change_id": 87126018749, "instrument_name": "ETH-3OCT25", "bids": [[4536.5, 5000.0], [4536.25, 37905.0], [4534.5, 1250.0], [4533.5, 700.0], [4523.25, 6402.0], [4522.75, 40000.0], [4521.0, 10.0], [4517.75, 18522.0], [4514.5, 75014.0], [4514.0, 40000.0], [4511.75, 10.0], [4509.0, 40000.0], [4504.0, 36433.0], [4502.75, 10.0], [4493.75, 38376.0], [4485.25, 24380.0], [4485.0, 10.0], [4476.0, 10.0], [4474.5, 24593.0], [4467.0, 10.0]], "asks": [[4537.0, 1250.0], [4537.5, 24000.0], [4538.25, 32312.0], [4539.0, 10.0], [4539.5, 2100.0], [4542.75, 14348.0], [4543.25, 27527.0], [4545.75, 2100.0], [4547.25, 38143.0], [4548.0, 10.0], [4549.5, 1400.0], [4551.0, 78197.0], [4557.0, 37227.0], [4557.25, 10.0], [4559.5, 37453.0], [4560.75, 40000.0], [4565.75, 40000.0], [4566.25, 10.0], [4575.25, 25068.0], [4575.5, 10.0]]}}}
{"jsonrpc": "2.0", "method": "subscription", "params": {"channel": "book.ETH-3OCT25.none.20.100ms", "data": {"timestamp": 1758277447334, "change_id": 87126019863, "instrument_name": "ETH-3OCT25", "bids": [[4536.5, 5000.0], [4536.25, 37905.0], [4534.5, 1250.0], [4533.5, 700.0], [4523.25, 6402.0], [4522.75, 40000.0], [4521.0, 10.0], [4517.75, 18522.0], [4514.5, 75014.0], [4514.0, 40000.0], [4511.75, 10.0], [4509.0, 40000.0], [4504.0, 36433.0], [4502.75, 10.0], [4493.75, 38376.0], [4485.25, 24380.0], [4485.0, 10.0], [4476.0, 10.0], [4474.5, 24593.0], [4467.0, 10.0]], "asks": [[4537.0, 1250.0], [4537.5, 24000.0], [4538.25, 32312.0], [4539.0, 10.0], [4539.5, 2100.0], [4542.75, 14348.0], [4543.25, 27527.0], [4545.75, 2100.0], [4547.25, 38143.0], [4548.0, 10.0], [4549.5, 1400.0], [4551.0, 78197.0], [4557.0, 37227.0], [4557.25, 10.0], [4559.5, 37453.0], [4560.75, 40000.0], [4565.75, 40000.0], [4566.25, 10.0], [4575.25, 25068.0], [4575.5, 10.0]]}}}
{"jsonrpc": "2.0", "method": "subscription", "params": {"channel": "book.ETH-3OCT25.none.20.100ms", "data": {"timestamp": 1758277447655, "change_id": 87126020090, "instrument_name": "ETH-3OCT25", "bids": [[4536.5, 5000.0], [4536.25, 37905.0], [4534.5, 1250.0], [4533.5, 700.0], [4523.25, 6402.0], [4522.75, 40000.0], [4521.0, 10.0], [4517.75, 18522.0], [4514.5, 75014.0], [4514.0, 40000.0], [4511.75, 10.0], [4509.0, 40000.0], [4504.0, 36433.0], [4502.75, 10.0], [4493.75, 38376.0], [4485.25, 24380.0], [4485.0, 10.0], [4476.0, 10.0], [4474.5, 24593.0], [4467.0, 10.0]], "asks": [[4537.5, 24000.0], [4538.0, 1250.0], [4538.25, 32312.0], [4539.0, 10.0], [4539.5, 2100.0], [4542.75, 14348.0], [4543.25, 27527.0], [4545.75, 2100.0], [4547.25, 38143.0], [4548.0, 10.0], [4549.5, 1400.0], [4551.0, 78197.0], [4557.0, 37227.0], [4557.25, 10.0], [4559.5, 37453.0], [4560.75, 40000.0], [4565.75, 40000.0], [4566.25, 10.0], [4575.25, 25068.0], [4575.5, 10.0]]}}}
{"jsonrpc": "2.0", "method": "subscription", "params": {"channel": "book.ETH-3OCT25.none.20.100ms", "data": {"timestamp": 1758277447837, "change_id": 87126020286, "instrument_name": "ETH-3OCT25", "bids": [[4536.5, 5000.0], [4536.25, 37905.0], [4534.5, 1250.0], [4533.5, 700.0], [4523.5, 6402.0], [4522.75, 40000.0], [4521.0, 10.0], [4517.75, 18522.0], [4514.5, 75014.0], [4514.0, 40000.0], [4511.75, 10.0], [4509.0, 40000.0], [4504.0, 36433.0], [4502.75, 10.0], [4493.75, 38376.0], [4485.25, 24380.0], [4485.0, 10.0], [4476.0, 10.0], [4474.5, 24593.0], [4467.0, 10.0]], "asks": [[4537.5, 24000.0], [4538.0, 1250.0], [4538.25, 32312.0], [4539.0, 10.0], [4539.5, 2100.0], [4542.75, 14348.0], [4543.25, 27527.0], [4545.75, 2100.0], [4547.25, 38143.0], [4548.0, 10.0], [4549.5, 1400.0], [4551.0, 78197.0], [4557.0, 37227.0], [4557.25, 10.0], [4559.5, 37453.0], [4560.75, 40000.0], [4565.75, 40000.0], [4566.25, 10.0], [4575.25, 25068.0], [4575.5, 10.0]]}}}
{"jsonrpc": "2.0", "method": "subscription", "params": {"channel": "book.ETH-3OCT25.none.20.100ms", "data": {"timestamp": 1758277448376, "change_id": 87126020945, "instrument_name": "ETH-3OCT25", "bids": [[4536.5, 5000.0], [4536.25, 37905.0], [4534.5, 1250.0], [4533.5, 700.0], [4523.5, 6402.0], [4522.75, 40000.0], [4521.0, 10.0], [4517.75, 18522.0], [4514.5, 75014.0], [4514.0, 40000.0], [4511.75, 10.0], [4509.0, 40000.0], [4504.0, 36433.0], [4502.75, 10.0], [4493.75, 38376.0], [4485.25, 24380.0], [4485.0, 10.0], [4476.0, 10.0], [4474.5, 24593.0], [4467.0, 10.0]], "asks": [[4537.5, 25250.0], [4538.25, 32312.0], [4539.0, 10.0], [4539.5, 2100.0], [4542.75, 14348.0], [4543.25, 27527.0], [4545.75, 2100.0], [4547.25, 38143.0], [4548.0, 10.0], [4549.5, 1400.0], [4551.0, 78197.0], [4557.0, 37227.0], [4557.25, 10.0], [4559.5, 37453.0], [4560.75, 40000.0], [4565.75, 40000.0], [4566.25, 10.0], [4575.25, 25068.0], [4575.5, 10.0], [4581.0, 24745.0]]}}}
{"jsonrpc": "2.0", "method": "subscription", "params": {"channel": "book.ETH-3OCT25.none.20.100ms", "data": {"timestamp": 1758277448638, "change_id": 87126021152, "instrument_name": "ETH-3OCT25", "bids": [[4536.75, 5000.0], [4536.25, 37905.0], [4534.5, 1250.0], [4533.5, 700.0], [4523.75, 6402.0], [4522.75, 40000.0], [4521.0, 10.0], [4517.75, 18522.0], [4514.5, 75014.0], [4514.0, 40000.0], [4511.75, 10.0], [4509.0, 40000.0], [4504.0, 36433.0], [4502.75, 10.0], [4493.75, 38376.0], [4485.25, 24380.0], [4485.0, 10.0], [4476.0, 10.0], [4474.5, 24593.0], [4467.0, 10.0]], "asks": [[4537.0, 1250.0], [4537.5, 24000.0], [4538.25, 32312.0], [4539.0, 10.0], [4539.5, 2100.0], [4542.75, 14348.0], [4543.25, 27527.0], [4545.75, 2100.0], [4547.25, 38143.0], [4548.0, 10.0], [4549.5, 1400.0], [4551.0, 78197.0], [4557.0, 37227.0], [4557.25, 10.0], [4559.5, 37453.0], [4560.75, 40000.0], [4565.75, 40000.0], [4566.25, 10.0], [4575.25, 25068.0], [4575.5, 10.0]]}}}
{"jsonrpc": "2.0", "method": "subscription", "params": {"channel": "book.ETH-3OCT25.none.20.100ms", "data": {"timestamp": 1758277452407, "change_id": 87126025153, "instrument_name": "ETH-3OCT25", "bids": [[4536.75, 5000.0], [4536.25, 37905.0], [4534.5, 1250.0], [4533.5, 700.0], [4522.75, 40000.0], [4521.0, 10.0], [4517.75, 18522.0], [4514.5, 75014.0], [4514.0, 40000.0], [4511.75, 10.0], [4509.0, 40000.0], [4504.0, 36433.0], [4502.75, 10.0], [4493.75, 38376.0], [4485.25, 24380.0], [4485.0, 10.0], [4476.0, 10.0], [4474.5, 24593.0], [4467.0, 10.0], [4458.0, 10.0]], "asks": [[4537.0, 1250.0], [4537.5, 24000.0], [4538.25, 32312.0], [4539.0, 10.0], [4539.5, 2100.0], [4542.75, 14348.0], [4543.25, 27527.0], [4545.75, 2100.0], [4547.25, 38143.0], [4548.0, 10.0], [4549.5, 1400.0], [4551.0, 78197.0], [4557.0, 37227.0], [4557.25, 10.0], [4559.5, 37453.0], [4560.75, 40000.0], [4565.75, 40000.0], [4566.25, 10.0], [4575.25, 25068.0], [4575.5, 10.0]]}}}
{"jsonrpc": "2.0", "method": "subscription", "params": {"channel": "book.ETH-3OCT25.none.20.100ms", "data": {"timestamp": 1758277452409, "change_id": 87126025154, "instrument_name": "ETH-3OCT25", "bids": [[4536.75, 5000.0], [4536.25, 37905.0], [4534.5, 1250.0], [4533.5, 700.0], [4524.0, 6402.0], [4522.75, 40000.0], [4521.0, 10.0], [4517.75, 18522.0], [4514.5, 75014.0], [4514.0, 40000.0], [4511.75, 10.0], [4509.0, 40000.0], [4504.0, 36433.0], [4502.75, 10.0], [4493.75, 38376.0], [4485.25, 24380.0], [4485.0, 10.0], [4476.0, 10.0], [4474.5, 24593.0], [4467.0, 10.0]], "asks": [[4537.0, 1250.0], [4537.5, 24000.0], [4538.25, 32312.0], [4539.0, 10.0], [4539.5, 2100.0], [4542.75, 14348.0], [4543.25, 27527.0], [4545.75, 2100.0], [4547.25, 38143.0], [4548.0, 10.0], [4549.5, 1400.0], [4551.0, 78197.0], [4557.0, 37227.0], [4557.25, 10.0], [4559.5, 37453.0], [4560.75, 40000.0], [4565.75, 40000.0], [4566.25, 10.0], [4575.25, 25068.0], [4575.5, 10.0]]}}}
{"jsonrpc": "2.0", "method": "subscription", "params": {"channel": "book.ETH-3OCT25.none.20.100ms", "data": {"timestamp": 1758277455411, "change_id": 87126028177, "instrument_name": "ETH-3OCT25", "bids": [[4536.75, 5000.0], [4536.25, 37905.0], [4534.5, 1250.0], [4533.5, 700.0], [4523.0, 6402.0], [4522.75, 40000.0], [4521.0, 10.0], [4517.75, 18522.0], [4514.5, 75014.0], [4514.0, 40000.0], [4511.75, 10.0], [4509.0, 40000.0], [4504.0, 36433.0], [4502.75, 10.0], [4493.75, 38376.0], [4485.25, 24380.0], [4485.0, 10.0], [4476.0, 10.0], [4474.5, 24593.0], [4467.0, 10.0]], "asks": [[4537.0, 1250.0], [4537.5, 24000.0], [4538.25, 32312.0], [4539.0, 10.0], [4539.5, 2100.0], [4542.75, 14348.0], [4543.25, 27527.0], [4545.75, 2100.0], [4547.25, 38143.0], [4548.0, 10.0], [4549.5, 1400.0], [4551.0, 78197.0], [4557.0, 37227.0], [4557.25, 10.0], [4559.5, 37453.0], [4560.75, 40000.0], [4565.75, 40000.0], [4566.25, 10.0], [4575.25, 25068.0], [4575.5, 10.0]]}}}
{"jsonrpc": "2.0", "method": "subscription", "params": {"channel": "book.ETH-3OCT25.none.20.100ms", "data": {"timestamp": 1758277463374, "change_id": 87126036419, "instrument_name": "ETH-3OCT25", "bids": [[4536.5, 5000.0], [4536.25, 37905.0], [4534.5, 1250.0], [4533.5, 700.0], [4523.0, 6402.0], [4522.75, 40000.0], [4521.0, 10.0], [4517.75, 18522.0], [4514.5, 75014.0], [4514.0, 40000.0], [4511.75, 10.0], [4509.0, 40000.0], [4504.0, 36433.0], [4502.75, 10.0], [4493.75, 38376.0], [4485.25, 24380.0], [4485.0, 10.0], [4476.0, 10.0], [4474.5, 24593.0], [4467.0, 10.0]], "asks": [[4537.0, 1250.0], [4537.5, 24000.0], [4538.25, 32312.0], [4539.0, 10.0], [4539.5, 2100.0], [4542.75, 14348.0], [4543.25, 27527.0], [4545.75, 2100.0], [4547.25, 38143.0], [4548.0, 10.0], [4549.5, 1400.0], [4551.0, 78197.0], [4557.0, 37227.0], [4557.25, 10.0], [4559.5, 37453.0], [4560.75, 40000.0], [4565.75, 40000.0], [4566.25, 10.0], [4575.25, 25068.0], [4575.5, 10.0]]}}}
{"jsonrpc": "2.0", "method": "subscription", "params": {"channel": "book.ETH-3OCT25.none.20.100ms", "data": {"timestamp": 1758277464416, "change_id": 87126037458, "instrument_name": "ETH-3OCT25", "bids": [[4536.5, 5000.0], [4536.25, 37905.0], [4534.5, 1250.0], [4533.5, 700.0], [4523.25, 6402.0], [4522.75, 40000.0], [4521.0, 10.0], [4517.75, 18522.0], [4514.5, 75014.0], [4514.0, 40000.0], [4511.75, 10.0], [4509.0, 40000.0], [4504.0, 36433.0], [4502.75, 10.0], [4493.75, 38376.0], [4485.25, 24380.0], [4485.0, 10.0], [4476.0, 10.0], [4474.5, 24593.0], [4467.0, 10.0]], "asks": [[4537.0, 1250.0], [4537.5, 24000.0], [4538.25, 32312.0], [4539.0, 10.0], [4539.5, 2100.0], [4542.75, 14348.0], [4543.25, 27527.0], [4545.75, 2100.0], [4547.25, 38143.0], [4548.0, 10.0], [4549.5, 1400.0], [4551.0, 78197.0], [4557.0, 37227.0], [4557.25, 10.0], [4559.5, 37453.0], [4560.75, 40000.0], [4565.75, 40000.0], [4566.25, 10.0], [4575.25, 25068.0], [4575.5, 10.0]]}}}
{"jsonrpc": "2.0", "method": "subscription", "params": {"channel": "book.ETH-3OCT25.none.20.100ms", "data": {"timestamp": 1758277464861, "change_id": 87126037831, "instrument_name": "ETH-3OCT25", "bids": [[4536.5, 5000.0], [4536.25, 37905.0], [4534.5, 1250.0], [4533.5, 700.0], [4523.25, 6402.0], [4522.75, 40000.0], [4521.0, 10.0], [4517.75, 18522.0], [4514.5, 75014.0], [4514.0, 40000.0], [4511.75, 10.0], [4509.0, 40000.0], [4504.0, 36433.0], [4502.75, 10.0], [4493.75, 38376.0], [4485.25, 24380.0], [4485.0, 10.0], [4476.0, 10.0], [4474.5, 24593.0], [4467.0, 10.0]], "asks": [[4537.0, 1250.0], [4537.5, 24000.0], [4538.25, 1000.0], [4539.0, 10.0], [4539.5, 2100.0], [4542.75, 14348.0], [4543.25, 27527.0], [4545.75, 2100.0], [4547.25, 38143.0], [4548.0, 10.0], [4549.5, 1400.0], [4551.0, 78197.0], [4557.0, 37227.0], [4557.25, 10.0], [4559.5, 37453.0], [4560.75, 40000.0], [4565.75, 40000.0], [4566.25, 10.0], [4575.25, 25068.0], [4575.5, 10.0]]}}}
{"jsonrpc": "2.0", "method": "subscription", "params": {"channel": "book.ETH-3OCT25.none.20.100ms", "data": {"timestamp": 1758277465228, "change_id": 87126038329, "instrument_name": "ETH-3OCT25", "bids": [[4536.5, 5000.0], [4536.25, 37905.0], [4534.5, 1250.0], [4533.5, 700.0], [4523.25, 6402.0], [4522.75, 40000.0], [4521.0, 10.0], [4517.75, 18522.0], [4514.5, 75014.0], [4514.0, 40000.0], [4511.75, 10.0], [4509.0, 40000.0], [4504.0, 36433.0], [4502.75, 10.0], [4493.75, 38376.0], [4485.25, 24380.0], [4485.0, 10.0], [4476.0, 10.0], [4474.5, 24593.0], [4467.0, 10.0]], "asks": [[4537.0, 1250.0], [4537.5, 24000.0], [4537.75, 31310.0], [4538.25, 1000.0], [4539.0, 10.0], [4539.5, 2100.0], [4542.75, 14348.0], [4543.25, 27527.0], [4545.75, 2100.0], [4547.25, 38143.0], [4548.0, 10.0], [4549.5, 1400.0], [4551.0, 78197.0], [4557.0, 37227.0], [4557.25, 10.0], [4559.5, 37453.0], [4560.75, 40000.0], [4565.75, 40000.0], [4566.25, 10.0], [4575.25, 25068.0]]}}}
{"jsonrpc": "2.0", "method": "subscription", "params": {"channel": "book.ETH-3OCT25.none.20.100ms", "data": {"timestamp": 1758277465916, "change_id": 87126038934, "instrument_name": "ETH-3OCT25", "bids": [[4536.5, 5000.0], [4536.25, 37905.0], [4535.0, 1250.0], [4533.5, 700.0], [4523.25, 6402.0], [4522.75, 40000.0], [4521.0, 10.0], [4517.75, 18522.0], [4514.5, 75014.0], [4514.0, 40000.0], [4511.75, 10.0], [4509.0, 40000.0], [4504.0, 36433.0], [4502.75, 10.0], [4493.75, 38376.0], [4485.25, 24380.0], [4485.0, 10.0], [4476.0, 10.0], [4474.5, 24593.0], [4467.0, 10.0]], "asks": [[4537.0, 1250.0], [4537.5, 24000.0], [4537.75, 31310.0], [4538.25, 1000.0], [4539.0, 10.0], [4539.5, 2100.0], [4542.75, 14348.0], [4543.25, 27527.0], [4545.75, 2100.0], [4547.25, 38143.0], [4548.0, 10.0], [4549.5, 1400.0], [4551.0, 78197.0], [4557.0, 37227.0], [4557.25, 10.0], [4559.5, 37453.0], [4560.75, 40000.0], [4565.75, 40000.0], [4566.25, 10.0], [4575.25, 25068.0]]}}}
{"jsonrpc": "2.0", "method": "subscription", "params": {"channel": "book.ETH-3OCT25.none.20.100ms", "data": {"timestamp": 1758277467418, "change_id": 87126040569, "instrument_name": "ETH-3OCT25", "bids": [[4536.5, 5000.0], [4536.25, 37905.0], [4535.0, 1250.0], [4533.5, 700.0], [4523.0, 6402.0], [4522.75, 40000.0], [4521.0, 10.0], [4517.75, 18522.0], [4514.5, 75014.0], [4514.0, 40000.0], [4511.75, 10.0], [4509.0, 40000.0], [4504.0, 36433.0], [4502.75, 10.0], [4493.75, 38376.0], [4485.25, 24380.0], [4485.0, 10.0], [4476.0, 10.0], [4474.5, 24593.0], [4467.0, 10.0]], "asks": [[4537.0, 1250.0], [4537.5, 24000.0], [4537.75, 31310.0], [4538.25, 1000.0], [4539.0, 10.0], [4539.5, 2100.0], [4542.75, 14348.0], [4543.25, 27527.0], [4545.75, 2100.0], [4547.25, 38143.0], [4548.0, 10.0], [4549.5, 1400.0], [4551.0, 78197.0], [4557.0, 37227.0], [4557.25, 10.0], [4559.5, 37453.0], [4560.75, 40000.0], [4565.75, 40000.0], [4566.25, 10.0], [4575.25, 25068.0]]}}}
{"jsonrpc": "2.0", "method": "subscription", "params": {"channel": "book.ETH-3OCT25.none.20.100ms", "data": {"timestamp": 1758277470419, "change_id": 87126043675, "instrument_name": "ETH-3OCT25", "bids": [[4536.5, 5000.0], [4536.25, 37905.0], [4535.0, 1250.0], [4533.5, 700.0], [4523.25, 6402.0], [4522.75, 40000.0], [4521.0, 10.0], [4517.75, 18522.0], [4514.5, 75014.0], [4514.0, 40000.0], [4511.75, 10.0], [4509.0, 40000.0], [4504.0, 36433.0], [4502.75, 10.0], [4493.75, 38376.0], [4485.25, 24380.0], [4485.0, 10.0], [4476.0, 10.0], [4474.5, 24593.0], [4467.0, 10.0]], "asks": [[4537.0, 1250.0], [4537.5, 24000.0], [4537.75, 31310.0], [4538.25, 1000.0], [4539.0, 10.0], [4539.5, 2100.0], [4542.75, 14348.0], [4543.25, 27527.0], [4545.75, 2100.0], [4547.25, 38143.0], [4548.0, 10.0], [4549.5, 1400.0], [4551.0, 78197.0], [4557.0, 37227.0], [4557.25, 10.0], [4559.5, 37453.0], [4560.75, 40000.0], [4565.75, 40000.0], [4566.25, 10.0], [4575.25, 25068.0]]}}}
{"jsonrpc": "2.0", "method": "subscription", "params": {"channel": "book.ETH-3OCT25.none.20.100ms", "data": {"timestamp": 1758277473421, "change_id": 87126046749, "instrument_name": "ETH-3OCT25", "bids": [[4536.5, 5000.0], [4536.25, 37905.0], [4535.0, 1250.0], [4533.5, 700.0], [4523.0, 6402.0], [4522.75, 40000.0], [4521.0, 10.0], [4517.75, 18522.0], [4514.5, 75014.0], [4514.0, 40000.0], [4511.75, 10.0], [4509.0, 40000.0], [4504.0, 36433.0], [4502.75, 10.0], [4493.75, 38376.0], [4485.25, 24380.0], [4485.0, 10.0], [4476.0, 10.0], [4474.5, 24593.0], [4467.0, 10.0]], "asks": [[4537.0, 1250.0], [4537.5, 24000.0], [4537.75, 31310.0], [4538.25, 1000.0], [4539.0, 10.0], [4539.5, 2100.0], [4542.75, 14348.0], [4543.25, 27527.0], [4545.75, 2100.0], [4547.25, 38143.0], [4548.0, 10.0], [4549.5, 1400.0], [4551.0, 78197.0], [4557.0, 37227.0], [4557.25, 10.0], [4559.5, 37453.0], [4560.75, 40000.0], [4565.75, 40000.0], [4566.25, 10.0], [4575.25, 25068.0]]}}}
{"jsonrpc": "2.0", "method": "subscription", "params": {"channel": "book.ETH-3OCT25.none.20.100ms", "data": {"timestamp": 1758277474779, "change_id": 87126048011, "instrument_name": "ETH-3OCT25", "bids": [[4536.5, 5000.0], [4536.25, 37905.0], [4535.0, 1250.0], [4533.5, 700.0], [4523.0, 6402.0], [4522.75, 40000.0], [4521.0, 10.0], [4517.75, 18522.0], [4514.5, 75014.0], [4514.0, 40000.0], [4511.75, 10.0], [4509.0, 40000.0], [4504.0, 36433.0], [4502.75, 10.0], [4493.75, 38376.0], [4485.25, 24380.0], [4485.0, 10.0], [4476.0, 10.0], [4474.5, 24593.0], [4467.0, 10.0]], "asks": [[4537.0, 1250.0], [4537.5, 24000.0], [4538.25, 1000.0], [4539.0, 10.0], [4539.5, 2100.0], [4543.25, 27527.0], [4544.0, 13975.0], [4545.75, 2100.0], [4547.25, 38143.0], [4548.0, 10.0], [4549.5, 1400.0], [4551.0, 78197.0], [4557.0, 37227.0], [4557.25, 10.0], [4559.5, 37453.0], [4560.75, 40000.0], [4565.75, 40000.0], [4566.25, 10.0], [4575.25, 25068.0], [4575.5, 10.0]]}}}
{"jsonrpc": "2.0", "method": "subscription", "params": {"channel": "book.ETH-3OCT25.none.20.100ms", "data": {"timestamp": 1758277475047, "change_id": 87126048280, "instrument_name": "ETH-3OCT25", "bids": [[4536.5, 5000.0], [4536.25, 37905.0], [4535.0, 1250.0], [4533.5, 700.0], [4523.0, 6402.0], [4522.75, 40000.0], [4521.0, 10.0], [4517.75, 18522.0], [4514.5, 75014.0], [4514.0, 40000.0], [4511.75, 10.0], [4509.0, 40000.0], [4504.0, 36433.0], [4502.75, 10.0], [4493.75, 38376.0], [4485.25, 24380.0], [4485.0, 10.0], [4476.0, 10.0], [4474.5, 24593.0], [4467.0, 10.0]], "asks": [[4537.0, 1250.0], [4537.5, 24000.0], [4537.75, 31310.0], [4538.25, 1000.0], [4539.0, 10.0], [4539.5, 2100.0], [4543.25, 27527.0], [4544.0, 13975.0], [4545.75, 2100.0], [4547.25, 38143.0], [4548.0, 10.0], [4549.5, 1400.0], [4551.0, 78197.0], [4557.0, 37227.0], [4557.25, 10.0], [4559.5, 37453.0], [4560.75, 40000.0], [4565.75, 40000.0], [4566.25, 10.0], [4575.25, 25068.0]]}}}
{"jsonrpc": "2.0", "method": "subscription", "params": {"channel": "book.ETH-3OCT25.none.20.100ms", "data": {"timestamp": 1758277477888, "change_id": 87126051614, "instrument_name": "ETH-3OCT25", "bids": [[4536.5, 5000.0], [4536.25, 37905.0], [4535.0, 1250.0], [4533.5, 700.0], [4523.0, 6402.0], [4522.75, 40000.0], [4521.0, 10.0], [4517.75, 18522.0], [4514.5, 75014.0], [4514.0, 40000.0], [4511.75, 10.0], [4509.0, 40000.0], [4504.0, 36433.0], [4502.75, 10.0], [4493.75, 38376.0], [4485.25, 24380.0], [4485.0, 10.0], [4476.0, 10.0], [4474.5, 24593.0], [4467.0, 10.0]], "asks": [[4537.5, 24000.0], [4537.75, 32560.0], [4538.25, 1000.0], [4539.0, 10.0], [4539.5, 2100.0], [4543.25, 27527.0], [4544.0, 13975.0], [4545.75, 2100.0], [4547.25, 38143.0], [4548.0, 10.0], [4549.5, 1400.0], [4551.0, 78197.0], [4557.0, 37227.0], [4557.25, 10.0], [4559.5, 37453.0], [4560.75, 40000.0], [4565.75, 40000.0], [4566.25, 10.0], [4575.25, 25068.0], [4575.5, 10.0]]}}}
{"jsonrpc": "2.0", "method": "subscription", "params": {"channel": "book.ETH-3OCT25.none.20.100ms", "data": {"timestamp": 1758277478782, "change_id": 87126052476, "instrument_name": "ETH-3OCT25", "bids": [[4536.5, 5000.0], [4536.25, 37905.0], [4535.0, 1250.0], [4533.5, 700.0], [4523.0, 6402.0], [4522.75, 40000.0], [4521.0, 10.0], [4517.75, 18522.0], [4514.5, 75014.0], [4514.0, 40000.0], [4511.75, 10.0], [4509.0, 40000.0], [4504.0, 36433.0], [4502.75, 10.0], [4493.75, 38376.0], [4485.25, 24380.0], [4485.0, 10.0], [4476.0, 10.0], [4474.5, 24593.0], [4467.0, 10.0]], "asks": [[4537.0, 1250.0], [4537.5, 24000.0], [4538.25, 1000.0], [4539.0, 10.0], [4539.5, 2100.0], [4543.25, 27527.0], [4544.0, 13975.0], [4545.75, 2100.0], [4547.25, 38143.0], [4548.0, 10.0], [4549.5, 1400.0], [4551.0, 78197.0], [4557.0, 37227.0], [4557.25, 10.0], [4559.5, 37453.0], [4560.75, 40000.0], [4565.75, 40000.0], [4566.25, 10.0], [4575.25, 25068.0], [4575.5, 10.0]]}}}
{"jsonrpc": "2.0", "method": "subscription", "params": {"channel": "book.ETH-3OCT25.none.20.100ms", "data": {"timestamp": 1758277479139, "change_id": 87126052973, "instrument_name": "ETH-3OCT25", "bids": [[4536.5, 5000.0], [4536.25, 37905.0], [4535.0, 1250.0], [4533.5, 700.0], [4523.0, 6402.0], [4522.75, 40000.0], [4521.0, 10.0], [4517.75, 18522.0], [4514.5, 75014.0], [4514.0, 40000.0], [4511.75, 10.0], [4509.0, 40000.0], [4504.0, 36433.0], [4502.75, 10.0], [4493.75, 38376.0], [4485.25, 24380.0], [4485.0, 10.0], [4476.0, 10.0], [4474.5, 24593.0], [4467.0, 10.0]], "asks": [[4537.0, 1250.0], [4537.5, 24000.0], [4537.75, 31310.0], [4538.25, 1000.0], [4539.0, 10.0], [4539.5, 2100.0], [4543.25, 27527.0], [4544.0, 13975.0], [4545.75, 2100.0], [4547.25, 38143.0], [4548.0, 10.0], [4549.5, 1400.0], [4551.0, 78197.0], [4557.0, 37227.0], [4557.25, 10.0], [4559.5, 37453.0], [4560.75, 40000.0], [4565.75, 40000.0], [4566.25, 10.0], [4575.25, 25068.0]]}}}
{"jsonrpc": "2.0", "method": "subscription", "params": {"channel": "book.ETH-3OCT25.none.20.100ms", "data": {"timestamp": 1758277479424, "change_id": 87126053309, "instrument_name": "ETH-3OCT25", "bids": [[4536.5, 5000.0], [4536.25, 37905.0], [4535.0, 1250.0], [4533.5, 700.0], [4523.25, 6402.0], [4522.75, 40000.0], [4521.0, 10.0], [4517.75, 18522.0], [4514.5, 75014.0], [4514.0, 40000.0], [4511.75, 10.0], [4509.0, 40000.0], [4504.0, 36433.0], [4502.75, 10.0], [4493.75, 38376.0], [4485.25, 24380.0], [4485.0, 10.0], [4476.0, 10.0], [4474.5, 24593.0], [4467.0, 10.0]], "asks": [[4537.0, 1250.0], [4537.5, 24000.0], [4537.75, 31310.0], [4538.25, 1000.0], [4539.0, 10.0], [4539.5, 2100.0], [4543.25, 27527.0], [4544.0, 13975.0], [4545.75, 2100.0], [4547.25, 38143.0], [4548.0, 10.0], [4549.5, 1400.0], [4551.0, 78197.0], [4557.0, 37227.0], [4557.25, 10.0], [4559.5, 37453.0], [4560.75, 40000.0], [4565.75, 40000.0], [4566.25, 10.0], [4575.25, 25068.0]]}}}
{"jsonrpc": "2.0", "method": "subscription", "params": {"channel": "book.ETH-3OCT25.none.20.100ms", "data": {"timestamp": 1758277482426, "change_id": 87126056552, "instrument_name": "ETH-3OCT25", "bids": [[4536.5, 5000.0], [4536.25, 37905.0], [4535.0, 1250.0], [4533.5, 700.0], [4523.0, 6402.0], [4522.75, 40000.0], [4521.0, 10.0], [4517.75, 18522.0], [4514.5, 75014.0], [4514.0, 40000.0], [4511.75, 10.0], [4509.0, 40000.0], [4504.0, 36433.0], [4502.75, 10.0], [4493.75, 38376.0], [4485.25, 24380.0], [4485.0, 10.0], [4476.0, 10.0], [4474.5, 24593.0], [4467.0, 10.0]], "asks": [[4537.0, 1250.0], [4537.5, 24000.0], [4537.75, 31310.0], [4538.25, 1000.0], [4539.0, 10.0], [4539.5, 2100.0], [4543.25, 27527.0], [4544.0, 13975.0], [4545.75, 2100.0], [4547.25, 38143.0], [4548.0, 10.0], [4549.5, 1400.0], [4551.0, 78197.0], [4557.0, 37227.0], [4557.25, 10.0], [4559.5, 37453.0], [4560.75, 40000.0], [4565.75, 40000.0], [4566.25, 10.0], [4575.25, 25068.0]]}}}
{"jsonrpc": "2.0", "method": "subscription", "params": {"channel": "book.ETH-3OCT25.none.20.100ms", "data": {"timestamp": 1758277485427, "change_id": 87126059547, "instrument_name": "ETH-3OCT25", "bids": [[4536.5, 5000.0], [4536.25, 37905.0], [4535.0, 1250.0], [4533.5, 700.0], [4523.25, 6402.0], [4522.75, 40000.0], [4521.0, 10.0], [4517.75, 18522.0], [4514.5, 75014.0], [4514.0, 40000.0], [4511.75, 10.0], [4509.0, 40000.0], [4504.0, 36433.0], [4502.75, 10.0], [4493.75, 38376.0], [4485.25, 24380.0], [4485.0, 10.0], [4476.0, 10.0], [4474.5, 24593.0], [4467.0, 10.0]], "asks": [[4537.0, 1250.0], [4537.5, 24000.0], [4537.75, 31310.0], [4538.25, 1000.0], [4539.0, 10.0], [4539.5, 2100.0], [4543.25, 27527.0], [4544.0, 13975.0], [4545.75, 2100.0], [4547.25, 38143.0], [4548.0, 10.0], [4549.5, 1400.0], [4551.0, 78197.0], [4557.0, 37227.0], [4557.25, 10.0], [4559.5, 37453.0], [4560.75, 40000.0], [4565.75, 40000.0], [4566.25, 10.0], [4575.25, 25068.0]]}}}
{"jsonrpc": "2.0", "method": "subscription", "params": {"channel": "book.ETH-3OCT25.none.20.100ms", "data": {"timestamp": 1758277487932, "change_id": 87126062073, "instrument_name": "ETH-3OCT25", "bids": [[4536.5, 5000.0], [4536.25, 37905.0], [4535.0, 1250.0], [4533.5, 700.0], [4523.25, 6402.0], [4522.75, 40000.0], [4521.0, 10.0], [4517.75, 18522.0], [4514.5, 75014.0], [4514.0, 40000.0], [4511.75, 10.0], [4509.0, 40000.0], [4504.0, 36433.0], [4502.75, 10.0], [4493.75, 38376.0], [4485.25, 24380.0], [4485.0, 10.0], [4476.0, 10.0], [4474.5, 24593.0], [4467.0, 10.0]], "asks": [[4537.0, 1250.0], [4537.5, 24000.0], [4538.25, 1000.0], [4539.0, 10.0], [4539.5, 2100.0], [4543.25, 27527.0], [4544.0, 13975.0], [4545.75, 2100.0], [4547.25, 38143.0], [4548.0, 10.0], [4549.5, 1400.0], [4551.0, 78197.0], [4557.0, 37227.0], [4557.25, 10.0], [4559.5, 37453.0], [4560.75, 40000.0], [4565.75, 40000.0], [4566.25, 10.0], [4575.25, 25068.0], [4575.5, 10.0]]}}}
{"jsonrpc": "2.0", "method": "subscription", "params": {"channel": "book.ETH-3OCT25.none.20.100ms", "data": {"timestamp": 1758277488140, "change_id": 87126062294, "instrument_name": "ETH-3OCT25", "bids": [[4536.5, 5000.0], [4536.25, 37905.0], [4535.0, 1250.0], [4533.5, 700.0], [4523.25, 6402.0], [4522.75, 40000.0], [4521.0, 10.0], [4517.75, 18522.0], [4514.5, 75014.0], [4514.0, 40000.0], [4511.75, 10.0], [4509.0, 40000.0], [4504.0, 36433.0], [4502.75, 10.0], [4493.75, 38376.0], [4485.25, 24380.0], [4485.0, 10.0], [4476.0, 10.0], [4474.5, 24593.0], [4467.0, 10.0]], "asks": [[4537.0, 1250.0], [4537.5, 24000.0], [4537.75, 31310.0], [4538.25, 1000.0], [4539.0, 10.0], [4539.5, 2100.0], [4543.25, 27527.0], [4544.0, 13975.0], [4545.75, 2100.0], [4547.25, 38143.0], [4548.0, 10.0], [4549.5, 1400.0], [4551.0, 78197.0], [4557.0, 37227.0], [4557.25, 10.0], [4559.5, 37453.0], [4560.75, 40000.0], [4565.75, 40000.0], [4566.25, 10.0], [4575.25, 25068.0]]}}}
{"jsonrpc": "2.0", "method": "subscription", "params": {"channel": "book.ETH-3OCT25.none.20.100ms", "data": {"timestamp": 1758277488429, "change_id": 87126062697, "instrument_name": "ETH-3OCT25", "bids": [[4536.5, 5000.0], [4536.25, 37905.0], [4535.0, 1250.0], [4533.5, 700.0], [4523.0, 6402.0], [4522.75, 40000.0], [4521.0, 10.0], [4517.75, 18522.0], [4514.5, 75014.0], [4514.0, 40000.0], [4511.75, 10.0], [4509.0, 40000.0], [4504.0, 36433.0], [4502.75, 10.0], [4493.75, 38376.0], [4485.25, 24380.0], [4485.0, 10.0], [4476.0, 10.0], [4474.5, 24593.0], [4467.0, 10.0]], "asks": [[4537.0, 1250.0], [4537.5, 24000.0], [4537.75, 31310.0], [4538.25, 1000.0], [4539.0, 10.0], [4539.5, 2100.0], [4543.25, 27527.0], [4544.0, 13975.0], [4545.75, 2100.0], [4547.25, 38143.0], [4548.0, 10.0], [4549.5, 1400.0], [4551.0, 78197.0], [4557.0, 37227.0], [4557.25, 10.0], [4559.5, 37453.0], [4560.75, 40000.0], [4565.75, 40000.0], [4566.25, 10.0], [4575.25, 25068.0]]}}}
{"jsonrpc": "2.0", "method": "subscription", "params": {"channel": "book.ETH-3OCT25.none.20.100ms", "data": {"timestamp": 1758277491430, "change_id": 87126065790, "instrument_name": "ETH-3OCT25", "bids": [[4536.5, 5000.0], [4536.25, 37905.0], [4535.0, 1250.0], [4533.5, 700.0], [4523.25, 6402.0], [4522.75, 40000.0], [4521.0, 10.0], [4517.75, 18522.0], [4514.5, 75014.0], [4514.0, 40000.0], [4511.75, 10.0], [4509.0, 40000.0], [4504.0, 36433.0], [4502.75, 10.0], [4493.75, 38376.0], [4485.25, 24380.0], [4485.0, 10.0], [4476.0, 10.0], [4474.5, 24593.0], [4467.0, 10.0]], "asks": [[4537.0, 1250.0], [4537.5, 24000.0], [4537.75, 31310.0], [4538.25, 1000.0], [4539.0, 10.0], [4539.5, 2100.0], [4543.25, 27527.0], [4544.0, 13975.0], [4545.75, 2100.0], [4547.25, 38143.0], [4548.0, 10.0], [4549.5, 1400.0], [4551.0, 78197.0], [4557.0, 37227.0], [4557.25, 10.0], [4559.5, 37453.0], [4560.75, 40000.0], [4565.75, 40000.0], [4566.25, 10.0], [4575.25, 25068.0]]}}}
{"jsonrpc": "2.0", "method": "subscription", "params": {"channel": "book.ETH-3OCT25.none.20.100ms", "data": {"timestamp": 1758277492972, "change_id": 87126067223, "instrument_name": "ETH-3OCT25", "bids": [[4536.25, 37905.0], [4535.0, 1250.0], [4533.5, 700.0], [4523.25, 6402.0], [4522.75, 40000.0], [4521.0, 10.0], [4517.75, 18522.0], [4514.5, 75014.0], [4514.0, 40000.0], [4511.75, 10.0], [4509.0, 40000.0], [4504.0, 36433.0], [4502.75, 10.0], [4493.75, 38376.0], [4485.25, 24380.0], [4485.0, 10.0], [4476.0, 10.0], [4474.5, 24593.0], [4467.0, 10.0], [4458.0, 10.0]], "asks": [[4537.0, 6250.0], [4537.5, 24000.0], [4537.75, 31310.0], [4538.25, 1000.0], [4539.0, 10.0], [4539.5, 2100.0], [4543.25, 27527.0], [4544.0, 13975.0], [4545.75, 2100.0], [4547.25, 38143.0], [4548.0, 10.0], [4549.5, 1400.0], [4551.0, 78197.0], [4557.0, 37227.0], [4557.25, 10.0], [4559.5, 37453.0], [4560.75, 40000.0], [4565.75, 40000.0], [4566.25, 10.0], [4575.25, 25068.0]]}}}
{"jsonrpc": "2.0", "method": "subscription", "params": {"channel": "book.ETH-3OCT25.none.20.100ms", "data": {"timestamp": 1758277493706, "change_id": 87126068016, "instrument_name": "ETH-3OCT25", "bids": [[4536.25, 37905.0], [4535.25, 31293.0], [4535.0, 1250.0], [4533.5, 700.0], [4523.25, 6402.0], [4522.75, 40000.0], [4521.0, 10.0], [4517.75, 18522.0], [4514.5, 75014.0], [4514.0, 40000.0], [4511.75, 10.0], [4509.0, 40000.0], [4504.0, 36433.0], [4502.75, 10.0], [4493.75, 38376.0], [4485.25, 24380.0], [4485.0, 10.0], [4476.0, 10.0], [4474.5, 24593.0], [4467.0, 10.0]], "asks": [[4537.0, 6250.0], [4537.5, 24000.0], [4537.75, 31310.0], [4538.25, 1000.0], [4539.0, 10.0], [4539.5, 2100.0], [4543.25, 27527.0], [4544.0, 13975.0], [4545.75, 2100.0], [4547.25, 38143.0], [4548.0, 10.0], [4549.5, 1400.0], [4551.0, 78197.0], [4557.0, 37227.0], [4557.25, 10.0], [4559.5, 37453.0], [4560.75, 40000.0], [4565.75, 40000.0], [4566.25, 10.0], [4575.25, 25068.0]]}}}
{"jsonrpc": "2.0", "method": "subscription", "params": {"channel": "book.ETH-3OCT25.none.20.100ms", "data": {"timestamp": 1758277494432, "change_id": 87126068925, "instrument_name": "ETH-3OCT25", "bids": [[4536.25, 37905.0], [4535.25, 31293.0], [4535.0, 1250.0], [4533.5, 700.0], [4523.5, 6402.0], [4522.75, 40000.0], [4521.0, 10.0], [4517.75, 18522.0], [4514.5, 75014.0], [4514.0, 40000.0], [4511.75, 10.0], [4509.0, 40000.0], [4504.0, 36433.0], [4502.75, 10.0], [4493.75, 38376.0], [4485.25, 24380.0], [4485.0, 10.0], [4476.0, 10.0], [4474.5, 24593.0], [4467.0, 10.0]], "asks": [[4537.0, 6250.0], [4537.5, 24000.0], [4537.75, 31310.0], [4538.25, 1000.0], [4539.0, 10.0], [4539.5, 2100.0], [4543.25, 27527.0], [4544.0, 13975.0], [4545.75, 2100.0], [4547.25, 38143.0], [4548.0, 10.0], [4549.5, 1400.0], [4551.0, 78197.0], [4557.0, 37227.0], [4557.25, 10.0], [4559.5, 37453.0], [4560.75, 40000.0], [4565.75, 40000.0], [4566.25, 10.0], [4575.25, 25068.0]]}}}
{"jsonrpc": "2.0", "method": "subscription", "params": {"channel": "book.ETH-3OCT25.none.20.100ms", "data": {"timestamp": 1758277496938, "change_id": 87126071334, "instrument_name": "ETH-3OCT25", "bids": [[4536.25, 37905.0], [4535.0, 1250.0], [4533.5, 700.0], [4523.5, 6402.0], [4522.75, 40000.0], [4521.0, 10.0], [4517.75, 18522.0], [4514.5, 75014.0], [4514.0, 40000.0], [4511.75, 10.0], [4509.0, 40000.0], [4504.0, 36433.0], [4502.75, 10.0], [4493.75, 38376.0], [4485.25, 24380.0], [4485.0, 10.0], [4476.0, 10.0], [4474.5, 24593.0], [4467.0, 10.0], [4458.0, 10.0]], "asks": [[4537.0, 6250.0], [4537.5, 24000.0], [4537.75, 31310.0], [4538.25, 1000.0], [4539.0, 10.0], [4539.5, 2100.0], [4543.25, 27527.0], [4544.0, 13975.0], [4545.75, 2100.0], [4547.25, 38143.0], [4548.0, 10.0], [4549.5, 1400.0], [4551.0, 78197.0], [4557.0, 37227.0], [4557.25, 10.0], [4559.5, 37453.0], [4560.75, 40000.0], [4565.75, 40000.0], [4566.25, 10.0], [4575.25, 25068.0]]}}}
{"jsonrpc": "2.0", "method": "subscription", "params": {"channel": "book.ETH-3OCT25.none.20.100ms", "data": {"timestamp": 1758277497434, "change_id": 87126071978, "instrument_name": "ETH-3OCT25", "bids": [[4536.25, 37905.0], [4535.0, 1250.0], [4533.5, 700.0], [4523.0, 6402.0], [4522.75, 40000.0], [4521.0, 10.0], [4517.75, 18522.0], [4514.5, 75014.0], [4514.0, 40000.0], [4511.75, 10.0], [4509.0, 40000.0], [4504.0, 36433.0], [4502.75, 10.0], [4493.75, 38376.0], [4485.25, 24380.0], [4485.0, 10.0], [4476.0, 10.0], [4474.5, 24593.0], [4467.0, 10.0], [4458.0, 10.0]], "asks": [[4537.0, 6250.0], [4537.5, 24000.0], [4537.75, 31310.0], [4538.25, 1000.0], [4539.0, 10.0], [4539.5, 2100.0], [4543.25, 27527.0], [4544.0, 13975.0], [4545.75, 2100.0], [4547.25, 38143.0], [4548.0, 10.0], [4549.5, 1400.0], [4551.0, 78197.0], [4557.0, 37227.0], [4557.25, 10.0], [4559.5, 37453.0], [4560.75, 40000.0], [4565.75, 40000.0], [4566.25, 10.0], [4575.25, 25068.0]]}}}
{"jsonrpc": "2.0", "method": "subscription", "params": {"channel": "book.ETH-3OCT25.none.20.100ms", "data": {"timestamp": 1758277499802, "change_id": 87126074264, "instrument_name": "ETH-3OCT25", "bids": [[4536.25, 37905.0], [4535.0, 1250.0], [4533.5, 700.0], [4523.0, 6402.0], [4522.75, 40000.0], [4521.0, 10.0], [4517.75, 18522.0], [4514.5, 75014.0], [4514.0, 40000.0], [4511.75, 10.0], [4509.0, 40000.0], [4504.0, 36433.0], [4502.75, 10.0], [4493.75, 38376.0], [4485.25, 24380.0], [4485.0, 10.0], [4476.0, 10.0], [4474.5, 24593.0], [4467.0, 10.0], [4458.0, 10.0]], "asks": [[4537.0, 6250.0], [4537.25, 24000.0], [4537.75, 31310.0], [4538.25, 1000.0], [4539.0, 10.0], [4539.5, 2100.0], [4543.25, 27527.0], [4544.0, 13975.0], [4545.75, 2100.0], [4547.25, 38143.0], [4548.0, 10.0], [4549.5, 1400.0], [4551.0, 78197.0], [4557.0, 37227.0], [4557.25, 10.0], [4559.5, 37453.0], [4560.75, 40000.0], [4565.75, 40000.0], [4566.25, 10.0], [4575.25, 25068.0]]}}}
{"jsonrpc": "2.0", "method": "subscription", "params": {"channel": "book.ETH-3OCT25.none.20.100ms", "data": {"timestamp": 1758277500436, "change_id": 87126075043, "instrument_name": "ETH-3OCT25", "bids": [[4536.25, 37905.0], [4535.0, 1250.0], [4533.5, 700.0], [4523.25, 6402.0], [4522.75, 40000.0], [4521.0, 10.0], [4517.75, 18522.0], [4514.5, 75014.0], [4514.0, 40000.0], [4511.75, 10.0], [4509.0, 40000.0], [4504.0, 36433.0], [4502.75, 10.0], [4493.75, 38376.0], [4485.25, 24380.0], [4485.0, 10.0], [4476.0, 10.0], [4474.5, 24593.0], [4467.0, 10.0], [4458.0, 10.0]], "asks": [[4537.0, 6250.0], [4537.25, 24000.0], [4537.75, 31310.0], [4538.25, 1000.0], [4539.0, 10.0], [4539.5, 2100.0], [4543.25, 27527.0], [4544.0, 13975.0], [4545.75, 2100.0], [4547.25, 38143.0], [4548.0, 10.0], [4549.5, 1400.0], [4551.0, 78197.0], [4557.0, 37227.0], [4557.25, 10.0], [4559.5, 37453.0], [4560.75, 40000.0], [4565.75, 40000.0], [4566.25, 10.0], [4575.25, 25068.0]]}}}
{"jsonrpc": "2.0", "method": "subscription", "params": {"channel": "book.ETH-3OCT25.none.20.100ms", "data": {"timestamp": 1758277500976, "change_id": 87126075574, "instrument_name": "ETH-3OCT25", "bids": [[4535.75, 24000.0], [4535.0, 1250.0], [4533.5, 700.0], [4523.25, 6402.0], [4522.75, 40000.0], [4521.0, 10.0], [4517.75, 18522.0], [4514.5, 75014.0], [4514.0, 40000.0], [4511.75, 10.0], [4509.0, 40000.0], [4504.0, 36433.0], [4502.75, 10.0], [4493.75, 38376.0], [4485.25, 24380.0], [4485.0, 10.0], [4476.0, 10.0], [4474.5, 24593.0], [4467.0, 10.0], [4458.0, 10.0]], "asks": [[4537.0, 25250.0], [4537.75, 31310.0], [4538.25, 1000.0], [4539.0, 10.0], [4539.5, 2100.0], [4543.25, 27527.0], [4544.0, 13975.0], [4545.75, 2100.0], [4547.25, 38143.0], [4548.0, 10.0], [4549.5, 1400.0], [4551.0, 78197.0], [4557.0, 37227.0], [4557.25, 10.0], [4559.5, 37453.0], [4560.75, 40000.0], [4565.75, 40000.0], [4566.25, 10.0], [4575.25, 25068.0], [4575.5, 10.0]]}}}
{"jsonrpc": "2.0", "method": "subscription", "params": {"channel": "book.ETH-3OCT25.none.20.100ms", "data": {"timestamp": 1758277501294, "change_id": 87126077074, "instrument_name": "ETH-3OCT25", "bids": [[4535.5, 24000.0], [4533.5, 700.0], [4532.0, 13825.0], [4523.0, 6402.0], [4522.75, 40000.0], [4521.0, 10.0], [4517.75, 18522.0], [4514.5, 75014.0], [4514.0, 40000.0], [4511.75, 10.0], [4504.0, 36433.0], [4502.75, 10.0], [4502.5, 40000.0], [4493.75, 38376.0], [4485.25, 24380.0], [4485.0, 10.0], [4476.0, 10.0], [4474.5, 24593.0], [4467.0, 10.0], [4458.0, 10.0]], "asks": [[4536.75, 24000.0], [4537.0, 1250.0], [4537.25, 1000.0], [4537.75, 31310.0], [4539.0, 10.0], [4539.5, 2100.0], [4543.25, 27527.0], [4544.0, 13975.0], [4545.75, 2100.0], [4547.25, 38143.0], [4548.0, 10.0], [4549.5, 1400.0], [4551.0, 78197.0], [4557.0, 37227.0], [4557.25, 10.0], [4559.5, 37453.0], [4560.75, 40000.0], [4565.75, 40000.0], [4566.25, 10.0], [4575.25, 25068.0]]}}}
{"jsonrpc": "2.0", "method": "subscription", "params": {"channel": "book.ETH-3OCT25.none.20.100ms", "data": {"timestamp": 1758277501632, "change_id": 87126077903, "instrument_name": "ETH-3OCT25", "bids": [[4535.5, 24000.0], [4535.25, 14386.0], [4534.0, 1250.0], [4533.5, 700.0], [4523.25, 6402.0], [4522.75, 40000.0], [4521.0, 10.0], [4517.75, 18522.0], [4514.5, 75014.0], [4514.0, 40000.0], [4511.75, 10.0], [4504.0, 36433.0], [4502.75, 10.0], [4502.5, 40000.0], [4493.75, 38376.0], [4485.25, 24380.0], [4485.0, 10.0], [4476.0, 10.0], [4474.5, 24593.0], [4467.0, 10.0]], "asks": [[4536.25, 1250.0], [4536.75, 24000.0], [4537.25, 1000.0], [4537.75, 31310.0], [4539.0, 10.0], [4539.5, 2100.0], [4542.0, 14013.0], [4543.25, 27527.0], [4545.75, 2100.0], [4547.25, 38143.0], [4548.0, 10.0], [4549.5, 1400.0], [4551.0, 78197.0], [4557.0, 37227.0], [4557.25, 10.0], [4559.5, 37453.0], [4560.75, 40000.0], [4565.75, 40000.0], [4566.25, 10.0], [4575.25, 25068.0]]}}}
{"jsonrpc": "2.0", "method": "subscription", "params": {"channel": "book.ETH-3OCT25.none.20.100ms", "data": {"timestamp": 1758277501766, "change_id": 87126078138, "instrument_name": "ETH-3OCT25", "bids": [[4535.75, 24000.0], [4535.25, 14386.0], [4534.0, 1250.0], [4533.5, 700.0], [4523.25, 6402.0], [4522.75, 40000.0], [4521.0, 10.0], [4517.75, 18522.0], [4514.5, 75014.0], [4514.0, 40000.0], [4511.75, 10.0], [4504.0, 36433.0], [4502.75, 10.0], [4502.5, 40000.0], [4493.75, 38376.0], [4485.25, 24380.0], [4485.0, 10.0], [4476.0, 10.0], [4474.5, 24593.0], [4467.0, 10.0]], "asks": [[4536.25, 1250.0], [4537.0, 24000.0], [4537.25, 1000.0], [4539.0, 10.0], [4539.5, 2100.0], [4542.0, 14013.0], [4543.25, 27527.0], [4545.75, 2100.0], [4547.25, 38143.0], [4548.0, 10.0], [4549.5, 1400.0], [4551.0, 78197.0], [4557.0, 37227.0], [4557.25, 10.0], [4559.5, 37453.0], [4560.75, 40000.0], [4565.75, 40000.0], [4566.25, 10.0], [4575.25, 25068.0], [4575.5, 10.0]]}}}
{"jsonrpc": "2.0", "method": "subscription", "params": {"channel": "book.ETH-3OCT25.none.20.100ms", "data": {"timestamp": 1758277502294, "change_id": 87126079411, "instrument_name": "ETH-3OCT25", "bids": [[4536.25, 5000.0], [4536.0, 24000.0], [4535.25, 14386.0], [4534.0, 1250.0], [4533.5, 700.0], [4523.5, 6402.0], [4522.75, 40000.0], [4521.0, 10.0], [4517.75, 18522.0], [4514.5, 75014.0], [4514.0, 40000.0], [4511.75, 10.0], [4504.0, 36433.0], [4502.75, 10.0], [4502.5, 40000.0], [4493.75, 38376.0], [4485.25, 24380.0], [4485.0, 10.0], [4476.0, 10.0], [4474.5, 24593.0]], "asks": [[4537.0, 1250.0], [4537.25, 1000.0], [4537.5, 24000.0], [4539.0, 10.0], [4539.5, 2100.0], [4543.25, 27527.0], [4544.25, 13796.0], [4545.75, 2100.0], [4547.25, 38143.0], [4548.0, 10.0], [4549.5, 1400.0], [4551.0, 78197.0], [4557.0, 37227.0], [4557.25, 10.0], [4559.5, 37453.0], [4560.75, 40000.0], [4565.75, 40000.0], [4566.25, 10.0], [4575.25, 25068.0], [4575.5, 10.0]]}}}
{"jsonrpc": "2.0", "method": "subscription", "params": {"channel": "book.ETH-3OCT25.none.20.100ms", "data": {"timestamp": 1758277502455, "change_id": 87126079780, "instrument_name": "ETH-3OCT25", "bids": [[4536.5, 5000.0], [4535.25, 14386.0], [4534.75, 1250.0], [4533.5, 700.0], [4522.75, 40000.0], [4521.0, 10.0], [4517.75, 18522.0], [4514.5, 75014.0], [4514.0, 40000.0], [4511.75, 10.0], [4504.0, 36433.0], [4502.75, 10.0], [4502.5, 40000.0], [4493.75, 38376.0], [4485.25, 24380.0], [4485.0, 10.0], [4476.0, 10.0], [4474.5, 24593.0], [4467.0, 10.0], [4458.0, 10.0]], "asks": [[4537.0, 1250.0], [4537.25, 1000.0], [4537.5, 24000.0], [4539.0, 10.0], [4539.5, 2100.0], [4543.25, 27527.0], [4544.25, 13796.0], [4545.75, 2100.0], [4547.25, 38143.0], [4548.0, 10.0], [4549.5, 1400.0], [4551.0, 78197.0], [4557.0, 37227.0], [4557.25, 10.0], [4559.5, 37453.0], [4560.75, 40000.0], [4565.75, 40000.0], [4566.25, 10.0], [4575.25, 25068.0], [4575.5, 10.0]]}}}
{"jsonrpc": "2.0", "method": "subscription", "params": {"channel": "book.ETH-3OCT25.none.20.100ms", "data": {"timestamp": 1758277503099, "change_id": 87126080525, "instrument_name": "ETH-3OCT25", "bids": [[4536.5, 5000.0], [4535.25, 14386.0], [4534.75, 1250.0], [4533.5, 700.0], [4522.75, 40000.0], [4521.0, 10.0], [4517.75, 18522.0], [4514.5, 75014.0], [4514.0, 40000.0], [4511.75, 10.0], [4504.0, 36433.0], [4502.75, 10.0], [4502.5, 40000.0], [4493.75, 38376.0], [4485.25, 24380.0], [4485.0, 10.0], [4476.0, 10.0], [4474.5, 24593.0], [4467.0, 10.0], [4458.0, 10.0]], "asks": [[4537.0, 1250.0], [4537.25, 1000.0], [4537.5, 24000.0], [4538.0, 31311.0], [4539.0, 10.0], [4539.5, 2100.0], [4543.25, 27527.0], [4544.25, 13796.0], [4545.75, 2100.0], [4547.25, 38143.0], [4548.0, 10.0], [4549.5, 1400.0], [4551.0, 78197.0], [4557.0, 37227.0], [4557.25, 10.0], [4559.5, 37453.0], [4560.75, 40000.0], [4565.75, 40000.0], [4566.25, 10.0], [4575.25, 25068.0]]}}}
{"jsonrpc": "2.0", "method": "subscription", "params": {"channel": "book.ETH-3OCT25.none.20.100ms", "data": {"timestamp": 1758277503529, "change_id": 87126081131, "instrument_name": "ETH-3OCT25", "bids": [[4536.5, 5000.0], [4535.25, 15636.0], [4533.5, 700.0], [4522.75, 40000.0], [4521.0, 10.0], [4517.75, 18522.0], [4514.5, 75014.0], [4514.0, 40000.0], [4511.75, 10.0], [4504.0, 36433.0], [4502.75, 10.0], [4502.5, 40000.0], [4493.75, 38376.0], [4485.25, 24380.0], [4485.0, 10.0], [4476.0, 10.0], [4474.5, 24593.0], [4467.0, 10.0], [4458.0, 10.0], [4449.25, 10.0]], "asks": [[4537.0, 1250.0], [4537.25, 1000.0], [4537.5, 24000.0], [4538.0, 31311.0], [4539.0, 10.0], [4539.5, 2100.0], [4543.25, 27527.0], [4544.25, 13796.0], [4545.75, 2100.0], [4547.25, 38143.0], [4548.0, 10.0], [4549.5, 1400.0], [4551.0, 78197.0], [4557.0, 37227.0], [4557.25, 10.0], [4559.5, 37453.0], [4560.75, 40000.0], [4565.75, 40000.0], [4566.25, 10.0], [4575.25, 25068.0]]}}}
{"jsonrpc": "2.0", "method": "subscription", "params": {"channel": "book.ETH-3OCT25.none.20.100ms", "data": {"timestamp": 1758277504166, "change_id": 87126081937, "instrument_name": "ETH-3OCT25", "bids": [[4536.5, 5000.0], [4536.25, 24000.0], [4535.25, 15636.0], [4533.5, 700.0], [4522.75, 40000.0], [4521.0, 10.0], [4517.75, 18522.0], [4514.5, 75014.0], [4514.0, 40000.0], [4511.75, 10.0], [4504.0, 36433.0], [4502.75, 10.0], [4502.5, 40000.0], [4493.75, 38376.0], [4485.25, 24380.0], [4485.0, 10.0], [4476.0, 10.0], [4474.5, 24593.0], [4467.0, 10.0], [4458.0, 10.0]], "asks": [[4537.0, 1250.0], [4537.25, 1000.0], [4537.5, 24000.0], [4538.0, 31311.0], [4539.0, 10.0], [4539.5, 2100.0], [4543.25, 27527.0], [4544.25, 13796.0], [4545.75, 2100.0], [4547.25, 38143.0], [4548.0, 10.0], [4549.5, 1400.0], [4551.0, 78197.0], [4557.0, 37227.0], [4557.25, 10.0], [4559.5, 37453.0], [4560.75, 40000.0], [4565.75, 40000.0], [4566.25, 10.0], [4575.25, 25068.0]]}}}
{"jsonrpc": "2.0", "method": "subscription", "params": {"channel": "book.ETH-3OCT25.none.20.100ms", "data": {"timestamp": 1758277506454, "change_id": 87126084527, "instrument_name": "ETH-3OCT25", "bids": [[4536.25, 5000.0], [4536.0, 24000.0], [4535.25, 14386.0], [4534.5, 1250.0], [4533.5, 700.0], [4522.75, 40000.0], [4521.0, 10.0], [4517.75, 18522.0], [4514.5, 75014.0], [4514.0, 40000.0], [4511.75, 10.0], [4504.0, 36433.0], [4502.75, 10.0], [4502.5, 40000.0], [4493.75, 38376.0], [4485.25, 24380.0], [4485.0, 10.0], [4476.0, 10.0], [4474.5, 24593.0], [4467.0, 10.0]], "asks": [[4537.0, 1250.0], [4537.25, 25000.0], [4538.0, 31311.0], [4539.0, 10.0], [4539.5, 2100.0], [4543.25, 27527.0], [4544.25, 13796.0], [4545.75, 2100.0], [4547.25, 38143.0], [4548.0, 10.0], [4549.5, 1400.0], [4551.0, 78197.0], [4557.0, 37227.0], [4557.25, 10.0], [4559.5, 37453.0], [4560.75, 40000.0], [4565.75, 40000.0], [4566.25, 10.0], [4575.25, 25068.0], [4575.5, 10.0]]}}}
{"jsonrpc": "2.0", "method": "subscription", "params": {"channel": "book.ETH-3OCT25.none.20.100ms", "data": {"timestamp": 1758277506605, "change_id": 87126084625, "instrument_name": "ETH-3OCT25", "bids": [[4536.5, 5000.0], [4536.0, 24000.0], [4535.25, 14386.0], [4534.5, 1250.0], [4533.5, 700.0], [4522.75, 40000.0], [4521.0, 10.0], [4517.75, 18522.0], [4514.5, 75014.0], [4514.0, 40000.0], [4511.75, 10.0], [4504.0, 36433.0], [4502.75, 10.0], [4502.5, 40000.0], [4493.75, 38376.0], [4485.25, 24380.0], [4485.0, 10.0], [4476.0, 10.0], [4474.5, 24593.0], [4467.0, 10.0]], "asks": [[4537.0, 1250.0], [4537.25, 25000.0], [4538.0, 31311.0], [4539.0, 10.0], [4539.5, 2100.0], [4543.25, 27527.0], [4544.25, 13796.0], [4545.75, 2100.0], [4547.25, 38143.0], [4548.0, 10.0], [4549.5, 1400.0], [4551.0, 78197.0], [4557.0, 37227.0], [4557.25, 10.0], [4559.5, 37453.0], [4560.75, 40000.0], [4565.75, 40000.0], [4566.25, 10.0], [4575.25, 25068.0], [4575.5, 10.0]]}}}
{"jsonrpc": "2.0", "method": "subscription", "params": {"channel": "book.ETH-3OCT25.none.20.100ms", "data": {"timestamp": 1758277507739, "change_id": 87126085755, "instrument_name": "ETH-3OCT25", "bids": [[4536.5, 5000.0], [4536.0, 24000.0], [4535.25, 14386.0], [4535.0, 1250.0], [4533.5, 700.0], [4522.75, 40000.0], [4521.0, 10.0], [4517.75, 18522.0], [4514.5, 75014.0], [4514.0, 40000.0], [4511.75, 10.0], [4504.0, 36433.0], [4502.75, 10.0], [4502.5, 40000.0], [4493.75, 38376.0], [4485.25, 24380.0], [4485.0, 10.0], [4476.0, 10.0], [4474.5, 24593.0], [4467.0, 10.0]], "asks": [[4537.25, 25000.0], [4537.75, 1250.0], [4538.0, 31311.0], [4539.0, 10.0], [4539.5, 2100.0], [4543.25, 27527.0], [4544.25, 13796.0], [4545.75, 2100.0], [4547.25, 38143.0], [4548.0, 10.0], [4549.5, 1400.0], [4551.0, 78197.0], [4557.0, 37227.0], [4557.25, 10.0], [4559.5, 37453.0], [4560.75, 40000.0], [4565.75, 40000.0], [4566.25, 10.0], [4575.25, 25068.0], [4575.5, 10.0]]}}}
{"jsonrpc": "2.0", "method": "subscription", "params": {"channel": "book.ETH-3OCT25.none.20.100ms", "data": {"timestamp": 1758277508396, "change_id": 87126086543, "instrument_name": "ETH-3OCT25", "bids": [[4536.5, 5000.0], [4536.0, 24000.0], [4535.25, 14386.0], [4535.0, 1250.0], [4533.5, 700.0], [4522.75, 40000.0], [4521.0, 10.0], [4517.75, 18522.0], [4514.5, 75014.0], [4514.0, 40000.0], [4511.75, 10.0], [4504.0, 36433.0], [4502.75, 10.0], [4502.5, 40000.0], [4493.75, 38376.0], [4485.25, 24380.0], [4485.0, 10.0], [4476.0, 10.0], [4474.5, 24593.0], [4467.0, 10.0]], "asks": [[4536.75, 1250.0], [4537.25, 25000.0], [4538.0, 31311.0], [4539.0, 10.0], [4539.5, 2100.0], [4543.25, 27527.0], [4544.25, 13796.0], [4545.75, 2100.0], [4547.25, 38143.0], [4548.0, 10.0], [4549.5, 1400.0], [4551.0, 78197.0], [4557.0, 37227.0], [4557.25, 10.0], [4559.5, 37453.0], [4560.75, 40000.0], [4565.75, 40000.0], [4566.25, 10.0], [4575.25, 25068.0], [4575.5, 10.0]]}}}
{"jsonrpc": "2.0", "method": "subscription", "params": {"channel": "book.ETH-3OCT25.none.20.100ms", "data": {"timestamp": 1758277510482, "change_id": 87126088785, "instrument_name": "ETH-3OCT25", "bids": [[4536.25, 5000.0], [4536.0, 24000.0], [4535.25, 14386.0], [4534.25, 1250.0], [4533.5, 700.0], [4522.75, 40000.0], [4521.0, 10.0], [4517.75, 18522.0], [4514.5, 75014.0], [4514.0, 40000.0], [4511.75, 10.0], [4504.0, 36433.0], [4502.75, 10.0], [4502.5, 40000.0], [4493.75, 38376.0], [4485.25, 24380.0], [4485.0, 10.0], [4476.0, 10.0], [4474.5, 24593.0], [4467.0, 10.0]], "asks": [[4536.75, 1250.0], [4537.25, 25000.0], [4538.0, 31311.0], [4539.0, 10.0], [4539.5, 2100.0], [4543.25, 27527.0], [4544.25, 13796.0], [4545.75, 2100.0], [4547.25, 38143.0], [4548.0, 10.0], [4549.5, 1400.0], [4551.0, 78197.0], [4557.0, 37227.0], [4557.25, 10.0], [4559.5, 37453.0], [4560.75, 40000.0], [4565.75, 40000.0], [4566.25, 10.0], [4575.25, 25068.0], [4575.5, 10.0]]}}}
{"jsonrpc": "2.0", "method": "subscription", "params": {"channel": "book.ETH-3OCT25.none.20.100ms", "data": {"timestamp": 1758277510786, "change_id": 87126089288, "instrument_name": "ETH-3OCT25", "bids": [[4536.25, 5000.0], [4536.0, 24000.0], [4534.25, 15430.0], [4533.5, 700.0], [4522.75, 40000.0], [4521.0, 10.0], [4517.75, 18522.0], [4514.5, 75014.0], [4514.0, 40000.0], [4511.75, 10.0], [4504.0, 36433.0], [4502.75, 10.0], [4502.5, 40000.0], [4493.75, 38376.0], [4485.25, 24380.0], [4485.0, 10.0], [4476.0, 10.0], [4474.5, 24593.0], [4467.0, 10.0], [4458.0, 10.0]], "asks": [[4536.75, 1250.0], [4537.25, 25000.0], [4538.0, 31311.0], [4539.0, 10.0], [4539.5, 2100.0], [4543.25, 27527.0], [4544.25, 13796.0], [4545.75, 2100.0], [4547.25, 38143.0], [4548.0, 10.0], [4549.5, 1400.0], [4551.0, 78197.0], [4557.0, 37227.0], [4557.25, 10.0], [4559.5, 37453.0], [4560.75, 40000.0], [4565.75, 40000.0], [4566.25, 10.0], [4575.25, 25068.0], [4575.5, 10.0]]}}}
{"jsonrpc": "2.0", "method": "subscription", "params": {"channel": "book.ETH-3OCT25.none.20.100ms", "data": {"timestamp": 1758277511735, "change_id": 87126090578, "instrument_name": "ETH-3OCT25", "bids": [[4536.0, 24000.0], [4535.75, 5000.0], [4534.25, 15430.0], [4533.5, 700.0], [4523.0, 6402.0], [4522.75, 40000.0], [4521.0, 10.0], [4517.75, 18522.0], [4514.5, 75014.0], [4514.0, 40000.0], [4511.75, 10.0], [4504.0, 36433.0], [4502.75, 10.0], [4502.5, 40000.0], [4493.75, 38376.0], [4485.25, 24380.0], [4485.0, 10.0], [4476.0, 10.0], [4474.5, 24593.0], [4467.0, 10.0]], "asks": [[4536.25, 1250.0], [4537.0, 24000.0], [4537.25, 1000.0], [4538.0, 31311.0], [4539.0, 10.0], [4539.5, 2100.0], [4543.25, 27527.0], [4544.25, 13796.0], [4545.75, 2100.0], [4547.25, 38143.0], [4548.0, 10.0], [4549.5, 1400.0], [4551.0, 78197.0], [4557.0, 37227.0], [4557.25, 10.0], [4559.5, 37453.0], [4560.75, 40000.0], [4565.75, 40000.0], [4566.25, 10.0], [4575.25, 25068.0]]}}}
{"jsonrpc": "2.0", "method": "subscription", "params": {"channel": "book.ETH-3OCT25.none.20.100ms", "data": {"timestamp": 1758277513126, "change_id": 87126092415, "instrument_name": "ETH-3OCT25", "bids": [[4536.5, 5000.0], [4536.25, 24000.0], [4534.25, 15430.0], [4533.5, 700.0], [4523.5, 6402.0], [4522.75, 40000.0], [4521.0, 10.0], [4517.75, 18522.0], [4514.5, 75014.0], [4514.0, 40000.0], [4511.75, 10.0], [4504.0, 36433.0], [4502.75, 10.0], [4502.5, 40000.0], [4493.75, 38376.0], [4485.25, 24380.0], [4485.0, 10.0], [4476.0, 10.0], [4474.5, 24593.0], [4467.0, 10.0]], "asks": [[4537.0, 1250.0], [4537.25, 1000.0], [4537.5, 24000.0], [4539.0, 10.0], [4539.5, 2100.0], [4543.25, 27527.0], [4544.25, 13796.0], [4545.75, 2100.0], [4547.25, 38143.0], [4548.0, 10.0], [4549.5, 1400.0], [4551.0, 78197.0], [4557.0, 37227.0], [4557.25, 10.0], [4559.5, 37453.0], [4560.75, 40000.0], [4565.75, 40000.0], [4566.25, 10.0], [4575.25, 25068.0], [4575.5, 10.0]]}}}
{"jsonrpc": "2.0", "method": "subscription", "params": {"channel": "book.ETH-3OCT25.none.20.100ms", "data": {"timestamp": 1758277513220, "change_id": 87126092809, "instrument_name": "ETH-3OCT25", "bids": [[4536.5, 5000.0], [4536.25, 24000.0], [4534.75, 1250.0], [4534.25, 14180.0], [4533.5, 700.0], [4523.5, 6402.0], [4522.75, 40000.0], [4521.0, 10.0], [4517.75, 18522.0], [4514.5, 75014.0], [4514.0, 40000.0], [4511.75, 10.0], [4504.0, 36433.0], [4502.75, 10.0], [4502.5, 40000.0], [4493.75, 38376.0], [4485.25, 24380.0], [4485.0, 10.0], [4476.0, 10.0], [4474.5, 24593.0]], "asks": [[4537.0, 1250.0], [4537.25, 1000.0], [4537.5, 24000.0], [4539.0, 10.0], [4539.5, 2100.0], [4543.25, 27527.0], [4544.25, 13796.0], [4545.75, 2100.0], [4547.25, 38143.0], [4548.0, 10.0], [4549.5, 1400.0], [4551.0, 78197.0], [4557.0, 37227.0], [4557.25, 10.0], [4559.5, 37453.0], [4560.75, 40000.0], [4565.75, 40000.0], [4566.25, 10.0], [4575.25, 25068.0], [4575.5, 10.0]]}}}
{"jsonrpc": "2.0", "method": "subscription", "params": {"channel": "book.ETH-3OCT25.none.20.100ms", "data": {"timestamp": 1758277513633, "change_id": 87126093485, "instrument_name": "ETH-3OCT25", "bids": [[4536.5, 5000.0], [4536.25, 24000.0], [4535.25, 1250.0], [4534.25, 14180.0], [4533.5, 700.0], [4523.5, 6402.0], [4522.75, 40000.0], [4521.0, 10.0], [4517.75, 18522.0], [4514.5, 75014.0], [4514.0, 40000.0], [4511.75, 10.0], [4504.0, 36433.0], [4502.75, 10.0], [4502.5, 40000.0], [4493.75, 38376.0], [4485.25, 24380.0], [4485.0, 10.0], [4476.0, 10.0], [4474.5, 24593.0]], "asks": [[4537.0, 1250.0], [4537.25, 1000.0], [4537.5, 24000.0], [4539.0, 10.0], [4539.5, 2100.0], [4543.25, 27527.0], [4544.25, 13796.0], [4545.75, 2100.0], [4547.25, 38143.0], [4548.0, 10.0], [4549.5, 1400.0], [4551.0, 78197.0], [4557.0, 37227.0], [4557.25, 10.0], [4559.5, 37453.0], [4560.75, 40000.0], [4565.75, 40000.0], [4566.25, 10.0], [4575.25, 25068.0], [4575.5, 10.0]]}}}
{"jsonrpc": "2.0", "method": "subscription", "params": {"channel": "book.ETH-3OCT25.none.20.100ms", "data": {"timestamp": 1758277518444, "change_id": 87126098660, "instrument_name": "ETH-3OCT25", "bids": [[4536.5, 5000.0], [4536.25, 24000.0], [4535.25, 1250.0], [4534.25, 14180.0], [4533.5, 700.0], [4523.0, 6402.0], [4522.75, 40000.0], [4521.0, 10.0], [4517.75, 18522.0], [4514.5, 75014.0], [4514.0, 40000.0], [4511.75, 10.0], [4504.0, 36433.0], [4502.75, 10.0], [4502.5, 40000.0], [4493.75, 38376.0], [4485.25, 24380.0], [4485.0, 10.0], [4476.0, 10.0], [4474.5, 24593.0]], "asks": [[4537.0, 1250.0], [4537.25, 1000.0], [4537.5, 24000.0], [4539.0, 10.0], [4539.5, 2100.0], [4543.25, 27527.0], [4544.25, 13796.0], [4545.75, 2100.0], [4547.25, 38143.0], [4548.0, 10.0], [4549.5, 1400.0], [4551.0, 78197.0], [4557.0, 37227.0], [4557.25, 10.0], [4559.5, 37453.0], [4560.75, 40000.0], [4565.75, 40000.0], [4566.25, 10.0], [4575.25, 25068.0], [4575.5, 10.0]]}}}
{"jsonrpc": "2.0", "method": "subscription", "params": {"channel": "book.ETH-3OCT25.none.20.100ms", "data": {"timestamp": 1758277521771, "change_id": 87126102035, "instrument_name": "ETH-3OCT25", "bids": [[4536.5, 5000.0], [4536.25, 24000.0], [4534.25, 15430.0], [4533.5, 700.0], [4523.0, 6402.0], [4522.75, 40000.0], [4521.0, 10.0], [4517.75, 18522.0], [4514.5, 75014.0], [4514.0, 40000.0], [4511.75, 10.0], [4504.0, 36433.0], [4502.75, 10.0], [4502.5, 40000.0], [4493.75, 38376.0], [4485.25, 24380.0], [4485.0, 10.0], [4476.0, 10.0], [4474.5, 24593.0], [4467.0, 10.0]], "asks": [[4537.0, 1250.0], [4537.25, 25000.0], [4539.0, 10.0], [4539.5, 2100.0], [4543.25, 27527.0], [4544.25, 13796.0], [4545.75, 2100.0], [4547.25, 38143.0], [4548.0, 10.0], [4549.5, 1400.0], [4551.0, 78197.0], [4557.0, 37227.0], [4557.25, 10.0], [4559.5, 37453.0], [4560.75, 40000.0], [4565.75, 40000.0], [4566.25, 10.0], [4575.25, 25068.0], [4575.5, 10.0], [4581.0, 24745.0]]}}}
{"jsonrpc": "2.0", "method": "subscription", "params": {"channel": "book.ETH-3OCT25.none.20.100ms", "data": {"timestamp": 1758277522024, "change_id": 87126102269, "instrument_name": "ETH-3OCT25", "bids": [[4536.5, 5000.0], [4536.25, 24000.0], [4534.75, 1250.0], [4534.25, 14180.0], [4533.5, 700.0], [4523.0, 6402.0], [4522.75, 40000.0], [4521.0, 10.0], [4517.75, 18522.0], [4514.5, 75014.0], [4514.0, 40000.0], [4511.75, 10.0], [4504.0, 36433.0], [4502.75, 10.0], [4502.5, 40000.0], [4493.75, 38376.0], [4485.25, 24380.0], [4485.0, 10.0], [4476.0, 10.0], [4474.5, 24593.0]], "asks": [[4537.0, 1250.0], [4537.25, 25000.0], [4539.0, 10.0], [4539.5, 2100.0], [4543.25, 27527.0], [4544.25, 13796.0], [4545.75, 2100.0], [4547.25, 38143.0], [4548.0, 10.0], [4549.5, 1400.0], [4551.0, 78197.0], [4557.0, 37227.0], [4557.25, 10.0], [4559.5, 37453.0], [4560.75, 40000.0], [4565.75, 40000.0], [4566.25, 10.0], [4575.25, 25068.0], [4575.5, 10.0], [4581.0, 24745.0]]}}}
{"jsonrpc": "2.0", "method": "subscription", "params": {"channel": "book.ETH-3OCT25.none.20.100ms", "data": {"timestamp": 1758277524763, "change_id": 87126105280, "instrument_name": "ETH-3OCT25", "bids": [[4536.25, 5000.0], [4534.75, 1250.0], [4534.25, 14180.0], [4533.5, 700.0], [4523.5, 6402.0], [4522.75, 40000.0], [4521.0, 10.0], [4517.75, 18522.0], [4514.5, 75014.0], [4514.0, 40000.0], [4511.75, 10.0], [4504.0, 36433.0], [4502.75, 10.0], [4502.5, 40000.0], [4493.75, 38376.0], [4485.25, 24380.0], [4485.0, 10.0], [4476.0, 10.0], [4474.5, 24593.0], [4467.0, 10.0]], "asks": [[4536.5, 1250.0], [4537.25, 25000.0], [4539.0, 10.0], [4539.5, 2100.0], [4543.25, 27527.0], [4544.25, 13796.0], [4545.75, 2100.0], [4547.25, 38143.0], [4548.0, 10.0], [4549.5, 1400.0], [4551.0, 78197.0], [4557.0, 37227.0], [4557.25, 10.0], [4559.5, 37453.0], [4560.75, 40000.0], [4565.75, 40000.0], [4566.25, 10.0], [4575.25, 25068.0], [4575.5, 10.0], [4581.0, 24745.0]]}}}
{"jsonrpc": "2.0", "method": "subscription", "params": {"channel": "book.ETH-3OCT25.none.20.100ms", "data": {"timestamp": 1758277525776, "change_id": 87126106456, "instrument_name": "ETH-3OCT25", "bids": [[4536.5, 5000.0], [4534.75, 1250.0], [4534.25, 14180.0], [4533.5, 700.0], [4522.75, 40000.0], [4521.0, 10.0], [4517.75, 18522.0], [4514.5, 75014.0], [4514.0, 40000.0], [4511.75, 10.0], [4504.0, 36433.0], [4502.75, 10.0], [4502.5, 40000.0], [4493.75, 38376.0], [4485.25, 24380.0], [4485.0, 10.0], [4476.0, 10.0], [4474.5, 24593.0], [4467.0, 10.0], [4458.0, 10.0]], "asks": [[4537.25, 26250.0], [4539.0, 10.0], [4539.5, 2100.0], [4543.25, 27527.0], [4544.25, 13796.0], [4545.75, 2100.0], [4547.25, 38143.0], [4548.0, 10.0], [4549.5, 1400.0], [4551.0, 78197.0], [4557.0, 37227.0], [4557.25, 10.0], [4559.5, 37453.0], [4560.75, 40000.0], [4565.75, 40000.0], [4566.25, 10.0], [4575.25, 25068.0], [4575.5, 10.0], [4581.0, 24745.0], [4584.5, 10.0]]}}}
{"jsonrpc": "2.0", "method": "subscription", "params": {"channel": "book.ETH-3OCT25.none.20.100ms", "data": {"timestamp": 1758277526277, "change_id": 87126107219, "instrument_name": "ETH-3OCT25", "bids": [[4536.5, 5000.0], [4534.75, 1250.0], [4534.25, 14180.0], [4533.5, 700.0], [4522.75, 40000.0], [4521.0, 10.0], [4517.75, 18522.0], [4514.5, 75014.0], [4514.0, 40000.0], [4511.75, 10.0], [4504.0, 36433.0], [4502.75, 10.0], [4502.5, 40000.0], [4493.75, 38376.0], [4485.25, 24380.0], [4485.0, 10.0], [4476.0, 10.0], [4474.5, 24593.0], [4467.0, 10.0], [4458.0, 10.0]], "asks": [[4536.75, 1250.0], [4537.25, 25000.0], [4539.0, 10.0], [4539.5, 2100.0], [4543.25, 27527.0], [4544.25, 13796.0], [4545.75, 2100.0], [4547.25, 38143.0], [4548.0, 10.0], [4549.5, 1400.0], [4551.0, 78197.0], [4557.0, 37227.0], [4557.25, 10.0], [4559.5, 37453.0], [4560.75, 40000.0], [4565.75, 40000.0], [4566.25, 10.0], [4575.25, 25068.0], [4575.5, 10.0], [4581.0, 24745.0]]}}}
{"jsonrpc": "2.0", "method": "subscription", "params": {"channel": "book.ETH-3OCT25.none.20.100ms", "data": {"timestamp": 1758277526485, "change_id": 87126107379, "instrument_name": "ETH-3OCT25", "bids": [[4536.5, 5000.0], [4534.75, 1250.0], [4534.25, 14180.0], [4533.5, 700.0], [4522.75, 40000.0], [4521.0, 10.0], [4517.75, 18522.0], [4514.5, 75014.0], [4514.0, 40000.0], [4511.75, 10.0], [4504.0, 36433.0], [4502.75, 10.0], [4502.5, 40000.0], [4493.75, 38376.0], [4485.25, 24380.0], [4485.0, 10.0], [4476.0, 10.0], [4474.5, 24593.0], [4467.0, 10.0], [4458.0, 10.0]], "asks": [[4536.75, 1250.0], [4537.25, 25000.0], [4538.0, 31311.0], [4539.0, 10.0], [4539.5, 2100.0], [4543.25, 27527.0], [4544.25, 13796.0], [4545.75, 2100.0], [4547.25, 38143.0], [4548.0, 10.0], [4549.5, 1400.0], [4551.0, 78197.0], [4557.0, 37227.0], [4557.25, 10.0], [4559.5, 37453.0], [4560.75, 40000.0], [4565.75, 40000.0], [4566.25, 10.0], [4575.25, 25068.0], [4575.5, 10.0]]}}}
{"jsonrpc": "2.0", "method": "subscription", "params": {"channel": "book.ETH-3OCT25.none.20.100ms", "data": {"timestamp": 1758277527167, "change_id": 87126107964, "instrument_name": "ETH-3OCT25", "bids": [[4536.5, 5000.0], [4536.25, 24000.0], [4534.75, 1250.0], [4534.25, 14180.0], [4533.5, 700.0], [4522.75, 40000.0], [4521.0, 10.0], [4517.75, 18522.0], [4514.5, 75014.0], [4514.0, 40000.0], [4511.75, 10.0], [4504.0, 36433.0], [4502.75, 10.0], [4502.5, 40000.0], [4493.75, 38376.0], [4485.25, 24380.0], [4485.0, 10.0], [4476.0, 10.0], [4474.5, 24593.0], [4467.0, 10.0]], "asks": [[4536.75, 1250.0], [4537.25, 25000.0], [4538.0, 31311.0], [4539.0, 10.0], [4539.5, 2100.0], [4543.25, 27527.0], [4544.25, 13796.0], [4545.75, 2100.0], [4547.25, 38143.0], [4548.0, 10.0], [4549.5, 1400.0], [4551.0, 78197.0], [4557.0, 37227.0], [4557.25, 10.0], [4559.5, 37453.0], [4560.75, 40000.0], [4565.75, 40000.0], [4566.25, 10.0], [4575.25, 25068.0], [4575.5, 10.0]]}}}
{"jsonrpc": "2.0", "method": "subscription", "params": {"channel": "book.ETH-3OCT25.none.20.100ms", "data": {"timestamp": 1758277527580, "change_id": 87126108459, "instrument_name": "ETH-3OCT25", "bids": [[4536.5, 5000.0], [4536.25, 24000.0], [4534.75, 1250.0], [4534.25, 14180.0], [4533.5, 700.0], [4522.75, 40000.0], [4521.0, 10.0], [4517.75, 18522.0], [4514.5, 75014.0], [4514.0, 40000.0], [4511.75, 10.0], [4504.0, 36433.0], [4502.75, 10.0], [4502.5, 40000.0], [4493.75, 38376.0], [4485.25, 24380.0], [4485.0, 10.0], [4476.0, 10.0], [4474.5, 24593.0], [4467.0, 10.0]], "asks": [[4536.75, 1250.0], [4537.25, 1000.0], [4537.75, 24000.0], [4539.0, 10.0], [4539.5, 2100.0], [4543.25, 27527.0], [4544.25, 13796.0], [4545.75, 2100.0], [4547.25, 38143.0], [4548.0, 10.0], [4549.5, 1400.0], [4551.0, 78197.0], [4557.0, 37227.0], [4557.25, 10.0], [4559.5, 37453.0], [4560.75, 40000.0], [4565.75, 40000.0], [4566.25, 10.0], [4575.25, 25068.0], [4575.5, 10.0]]}}}
{"jsonrpc": "2.0", "method": "subscription", "params": {"channel": "book.ETH-3OCT25.none.20.100ms", "data": {"timestamp": 1758277527844, "change_id": 87126108776, "instrument_name": "ETH-3OCT25", "bids": [[4536.5, 5000.0], [4536.25, 24000.0], [4535.25, 1250.0], [4534.25, 14180.0], [4533.5, 700.0], [4522.75, 40000.0], [4521.0, 10.0], [4517.75, 18522.0], [4514.5, 75014.0], [4514.0, 40000.0], [4511.75, 10.0], [4504.0, 36433.0], [4502.75, 10.0], [4502.5, 40000.0], [4493.75, 38376.0], [4485.25, 24380.0], [4485.0, 10.0], [4476.0, 10.0], [4474.5, 24593.0], [4467.0, 10.0]], "asks": [[4536.75, 1250.0], [4537.25, 1000.0], [4537.75, 24000.0], [4539.0, 10.0], [4539.5, 2100.0], [4543.25, 27527.0], [4544.25, 13796.0], [4545.75, 2100.0], [4547.25, 38143.0], [4548.0, 10.0], [4549.5, 1400.0], [4551.0, 78197.0], [4557.0, 37227.0], [4557.25, 10.0], [4559.5, 37453.0], [4560.75, 40000.0], [4565.75, 40000.0], [4566.25, 10.0], [4575.25, 25068.0], [4575.5, 10.0]]}}}
{"jsonrpc": "2.0", "method": "subscription", "params": {"channel": "book.ETH-3OCT25.none.20.100ms", "data": {"timestamp": 1758277528115, "change_id": 87126109088, "instrument_name": "ETH-3OCT25", "bids": [[4536.75, 5000.0], [4536.25, 24000.0], [4535.25, 1250.0], [4534.25, 14180.0], [4533.5, 700.0], [4522.75, 40000.0], [4521.0, 10.0], [4517.75, 18522.0], [4514.5, 75014.0], [4514.0, 40000.0], [4511.75, 10.0], [4504.0, 36433.0], [4502.75, 10.0], [4502.5, 40000.0], [4493.75, 38376.0], [4485.25, 24380.0], [4485.0, 10.0], [4476.0, 10.0], [4474.5, 24593.0], [4467.0, 10.0]], "asks": [[4537.25, 1000.0], [4537.5, 1250.0], [4537.75, 24000.0], [4539.0, 10.0], [4539.5, 2100.0], [4543.25, 27527.0], [4544.25, 13796.0], [4545.75, 2100.0], [4547.25, 38143.0], [4548.0, 10.0], [4549.5, 1400.0], [4551.0, 78197.0], [4557.0, 37227.0], [4557.25, 10.0], [4559.5, 37453.0], [4560.75, 40000.0], [4565.75, 40000.0], [4566.25, 10.0], [4575.25, 25068.0], [4575.5, 10.0]]}}}
{"jsonrpc": "2.0", "method": "subscription", "params": {"channel": "book.ETH-3OCT25.none.20.100ms", "data": {"timestamp": 1758277529076, "change_id": 87126110104, "instrument_name": "ETH-3OCT25", "bids": [[4536.75, 5000.0], [4536.25, 24000.0], [4535.25, 1250.0], [4534.25, 14180.0], [4533.5, 700.0], [4522.75, 40000.0], [4521.0, 10.0], [4517.75, 18522.0], [4514.5, 75014.0], [4514.0, 40000.0], [4511.75, 10.0], [4504.0, 36433.0], [4502.75, 10.0], [4502.5, 40000.0], [4493.75, 38376.0], [4485.25, 24380.0], [4485.0, 10.0], [4476.0, 10.0], [4474.5, 24593.0], [4467.0, 10.0]], "asks": [[4537.25, 1000.0], [4537.5, 1250.0], [4537.75, 24000.0], [4538.25, 31312.0], [4539.0, 10.0], [4539.5, 2100.0], [4543.25, 27527.0], [4544.25, 13796.0], [4545.75, 2100.0], [4547.25, 38143.0], [4548.0, 10.0], [4549.5, 1400.0], [4551.0, 78197.0], [4557.0, 37227.0], [4557.25, 10.0], [4559.5, 37453.0], [4560.75, 40000.0], [4565.75, 40000.0], [4566.25, 10.0], [4575.25, 25068.0]]}}}
{"jsonrpc": "2.0", "method": "subscription", "params": {"channel": "book.ETH-3OCT25.none.20.100ms", "data": {"timestamp": 1758277531365, "change_id": 87126113459, "instrument_name": "ETH-3OCT25", "bids": [[4535.75, 14184.0], [4535.25, 1250.0], [4533.5, 700.0], [4523.25, 6402.0], [4522.75, 40000.0], [4521.0, 10.0], [4517.75, 18522.0], [4514.5, 75014.0], [4514.0, 40000.0], [4511.75, 10.0], [4504.0, 36433.0], [4502.75, 10.0], [4502.5, 40000.0], [4493.75, 38376.0], [4485.25, 24380.0], [4485.0, 10.0], [4476.0, 10.0], [4474.5, 24593.0], [4467.0, 10.0], [4458.0, 10.0]], "asks": [[4538.5, 1000.0], [4539.0, 10.0], [4539.5, 2100.0], [4543.25, 8517.0], [4545.75, 2100.0], [4547.25, 38143.0], [4548.0, 10.0], [4549.5, 1400.0], [4551.0, 78197.0], [4557.0, 37227.0], [4557.25, 10.0], [4559.5, 37453.0], [4560.75, 40000.0], [4565.75, 40000.0], [4566.25, 10.0], [4575.25, 25068.0], [4575.5, 10.0], [4581.0, 24745.0], [4584.5, 10.0], [4593.75, 10.0]]}}}
{"jsonrpc": "2.0", "method": "subscription", "params": {"channel": "book.ETH-3OCT25.none.20.100ms", "data": {"timestamp": 1758277531642, "change_id": 87126114997, "instrument_name": "ETH-3OCT25", "bids": [[4537.75, 5000.0], [4535.75, 14184.0], [4535.5, 30346.0], [4535.25, 1250.0], [4533.5, 700.0], [4522.75, 40000.0], [4521.0, 10.0], [4517.75, 18522.0], [4514.5, 75014.0], [4514.0, 40000.0], [4511.75, 10.0], [4504.0, 36433.0], [4502.75, 10.0], [4502.5, 40000.0], [4493.75, 38376.0], [4485.25, 24380.0], [4485.0, 10.0], [4476.0, 10.0], [4474.5, 24593.0], [4467.0, 10.0]], "asks": [[4538.5, 1000.0], [4539.0, 24010.0], [4539.5, 2100.0], [4543.25, 8517.0], [4545.25, 19010.0], [4545.75, 2100.0], [4546.0, 13913.0], [4547.25, 38143.0], [4548.0, 10.0], [4549.5, 1400.0], [4551.0, 78197.0], [4557.0, 37227.0], [4557.25, 10.0], [4559.5, 37453.0], [4560.75, 40000.0], [4565.75, 40000.0], [4566.25, 10.0], [4575.25, 25068.0], [4575.5, 10.0], [4581.0, 24745.0]]}}}
{"jsonrpc": "2.0", "method": "subscription", "params": {"channel": "book.ETH-3OCT25.none.20.100ms", "data": {"timestamp": 1758277531857, "change_id": 87126115256, "instrument_name": "ETH-3OCT25", "bids": [[4537.75, 5000.0], [4536.25, 1250.0], [4535.75, 14184.0], [4535.5, 30346.0], [4533.5, 700.0], [4522.75, 40000.0], [4521.0, 10.0], [4517.75, 18522.0], [4514.5, 75014.0], [4514.0, 40000.0], [4511.75, 10.0], [4504.0, 36433.0], [4502.75, 10.0], [4502.5, 40000.0], [4493.75, 38376.0], [4485.25, 24380.0], [4485.0, 10.0], [4476.0, 10.0], [4474.5, 24593.0], [4467.0, 10.0]], "asks": [[4538.0, 2100.0], [4538.25, 1250.0], [4538.5, 1000.0], [4539.0, 24010.0], [4539.5, 2100.0], [4543.25, 8517.0], [4545.25, 19010.0], [4545.75, 2100.0], [4546.0, 13913.0], [4547.25, 38143.0], [4548.0, 10.0], [4549.5, 1400.0], [4551.0, 78197.0], [4557.0, 37227.0], [4557.25, 10.0], [4559.5, 37453.0], [4560.75, 40000.0], [4565.75, 40000.0], [4566.25, 10.0], [4575.25, 25068.0]]}}}
{"jsonrpc": "2.0", "method": "subscription", "params": {"channel": "book.ETH-3OCT25.none.20.100ms", "data": {"timestamp": 1758277532337, "change_id": 87126116044, "instrument_name": "ETH-3OCT25", "bids": [[4537.75, 5000.0], [4536.25, 1250.0], [4535.75, 14184.0], [4533.5, 700.0], [4523.0, 6402.0], [4522.75, 40000.0], [4521.0, 10.0], [4517.75, 18522.0], [4514.5, 75014.0], [4514.0, 40000.0], [4511.75, 10.0], [4504.0, 36433.0], [4502.75, 10.0], [4502.5, 40000.0], [4493.75, 38376.0], [4485.25, 24380.0], [4485.0, 10.0], [4476.0, 10.0], [4474.5, 24593.0], [4467.0, 10.0]], "asks": [[4538.0, 2100.0], [4538.25, 1250.0], [4538.5, 1000.0], [4539.0, 24010.0], [4539.5, 2100.0], [4543.25, 8517.0], [4545.25, 19010.0], [4545.75, 2100.0], [4546.0, 13913.0], [4547.25, 38143.0], [4548.0, 10.0], [4549.5, 1400.0], [4551.0, 78197.0], [4557.0, 37227.0], [4557.25, 10.0], [4559.5, 37453.0], [4560.75, 40000.0], [4565.75, 40000.0], [4566.25, 10.0], [4575.25, 25068.0]]}}}
{"jsonrpc": "2.0", "method": "subscription", "params": {"channel": "book.ETH-3OCT25.none.20.100ms", "data": {"timestamp": 1758277532635, "change_id": 87126116874, "instrument_name": "ETH-3OCT25", "bids": [[4537.75, 5000.0], [4536.25, 1250.0], [4535.75, 14184.0], [4533.5, 700.0], [4523.0, 6402.0], [4522.75, 40000.0], [4521.0, 10.0], [4517.75, 18522.0], [4514.5, 75014.0], [4514.0, 40000.0], [4511.75, 10.0], [4504.0, 36433.0], [4502.75, 10.0], [4502.5, 40000.0], [4493.75, 38376.0], [4485.25, 24380.0], [4485.0, 10.0], [4476.0, 10.0], [4474.5, 24593.0], [4467.0, 10.0]], "asks": [[4538.0, 2100.0], [4539.0, 25260.0], [4539.5, 2100.0], [4539.75, 1000.0], [4543.25, 8517.0], [4545.25, 19010.0], [4545.75, 2100.0], [4547.25, 52169.0], [4548.0, 10.0], [4549.5, 1400.0], [4551.0, 78197.0], [4557.0, 37227.0], [4557.25, 10.0], [4559.5, 37453.0], [4560.75, 40000.0], [4565.75, 40000.0], [4566.25, 10.0], [4575.25, 25068.0], [4575.5, 10.0], [4581.0, 24745.0]]}}}
{"jsonrpc": "2.0", "method": "subscription", "params": {"channel": "book.ETH-3OCT25.none.20.100ms", "data": {"timestamp": 1758277532836, "change_id": 87126117164, "instrument_name": "ETH-3OCT25", "bids": [[4537.75, 5000.0], [4536.75, 1250.0], [4535.75, 14184.0], [4533.5, 700.0], [4523.0, 6402.0], [4522.75, 40000.0], [4521.0, 10.0], [4517.75, 18522.0], [4514.5, 75014.0], [4514.0, 40000.0], [4511.75, 10.0], [4504.0, 36433.0], [4502.75, 10.0], [4502.5, 40000.0], [4493.75, 38376.0], [4485.25, 24380.0], [4485.0, 10.0], [4476.0, 10.0], [4474.5, 24593.0], [4467.0, 10.0]], "asks": [[4538.0, 2100.0], [4539.0, 25260.0], [4539.5, 2100.0], [4539.75, 1000.0], [4543.25, 8517.0], [4544.5, 13845.0], [4545.25, 19010.0], [4545.75, 2100.0], [4547.25, 38143.0], [4548.0, 10.0], [4549.5, 1400.0], [4551.0, 78197.0], [4557.0, 37227.0], [4557.25, 10.0], [4559.5, 37453.0], [4560.75, 40000.0], [4565.75, 40000.0], [4566.25, 10.0], [4575.25, 25068.0], [4575.5, 10.0]]}}}
{"jsonrpc": "2.0", "method": "subscription", "params": {"channel": "book.ETH-3OCT25.none.20.100ms", "data": {"timestamp": 1758277533166, "change_id": 87126118496, "instrument_name": "ETH-3OCT25", "bids": [[4537.75, 5000.0], [4537.5, 24000.0], [4536.75, 1250.0], [4535.75, 14184.0], [4533.5, 700.0], [4523.0, 6402.0], [4522.75, 40000.0], [4521.0, 10.0], [4517.75, 18522.0], [4514.5, 75014.0], [4514.0, 40000.0], [4511.75, 10.0], [4504.0, 36433.0], [4502.75, 10.0], [4502.5, 40000.0], [4493.75, 38376.0], [4485.25, 24380.0], [4485.0, 10.0], [4476.0, 10.0], [4474.5, 24593.0]], "asks": [[4538.0, 2100.0], [4539.0, 25260.0], [4539.5, 2100.0], [4539.75, 1000.0], [4543.25, 8517.0], [4544.5, 13845.0], [4545.25, 19010.0], [4545.75, 2100.0], [4547.25, 38143.0], [4548.0, 10.0], [4549.5, 1400.0], [4551.0, 78197.0], [4557.0, 37227.0], [4557.25, 10.0], [4559.5, 37453.0], [4560.75, 40000.0], [4565.75, 40000.0], [4566.25, 10.0], [4575.25, 25068.0], [4575.5, 10.0]]}}}
{"jsonrpc": "2.0", "method": "subscription", "params": {"channel": "book.ETH-3OCT25.none.20.100ms", "data": {"timestamp": 1758277534894, "change_id": 87126121090, "instrument_name": "ETH-3OCT25", "bids": [[4537.75, 5000.0], [4537.5, 24000.0], [4536.75, 1250.0], [4535.75, 14184.0], [4533.5, 700.0], [4523.0, 6402.0], [4522.75, 40000.0], [4521.0, 10.0], [4517.75, 18522.0], [4514.5, 75014.0], [4514.0, 40000.0], [4511.75, 10.0], [4504.0, 36433.0], [4502.75, 10.0], [4502.5, 40000.0], [4493.75, 38376.0], [4485.25, 24380.0], [4485.0, 10.0], [4476.0, 10.0], [4474.5, 24593.0]], "asks": [[4538.0, 2100.0], [4539.0, 1260.0], [4539.5, 26100.0], [4539.75, 1000.0], [4543.25, 8517.0], [4544.5, 13845.0], [4545.25, 19010.0], [4545.75, 2100.0], [4547.25, 38143.0], [4548.0, 10.0], [4549.5, 1400.0], [4551.0, 78197.0], [4557.0, 37227.0], [4557.25, 10.0], [4559.5, 37453.0], [4560.75, 40000.0], [4565.75, 40000.0], [4566.25, 10.0], [4575.25, 25068.0], [4575.5, 10.0]]}}}
{"jsonrpc": "2.0", "method": "subscription", "params": {"channel": "book.ETH-3OCT25.none.20.100ms", "data": {"timestamp": 1758277536199, "change_id": 87126124251, "instrument_name": "ETH-3OCT25", "bids": [[4537.75, 5000.0], [4537.5, 24000.0], [4537.25, 1250.0], [4535.75, 14184.0], [4533.5, 700.0], [4523.0, 6402.0], [4522.75, 40000.0], [4521.0, 10.0], [4517.75, 18522.0], [4514.5, 75014.0], [4514.0, 40000.0], [4511.75, 10.0], [4504.0, 36433.0], [4502.75, 10.0], [4502.5, 40000.0], [4493.75, 38376.0], [4485.25, 24380.0], [4485.0, 10.0], [4476.0, 10.0], [4474.5, 24593.0]], "asks": [[4538.0, 2100.0], [4539.0, 10.0], [4539.5, 2100.0], [4539.75, 2250.0], [4540.0, 24000.0], [4543.25, 2100.0], [4545.25, 19010.0], [4545.5, 6417.0], [4545.75, 2100.0], [4547.25, 38143.0], [4548.0, 10.0], [4549.5, 1400.0], [4551.0, 78197.0], [4557.0, 37227.0], [4557.25, 10.0], [4559.5, 37453.0], [4560.75, 40000.0], [4565.75, 40000.0], [4566.25, 10.0], [4575.25, 25068.0]]}}}
{"jsonrpc": "2.0", "method": "subscription", "params": {"channel": "book.ETH-3OCT25.none.20.100ms", "data": {"timestamp": 1758277536587, "change_id": 87126126462, "instrument_name": "ETH-3OCT25", "bids": [[4537.75, 6250.0], [4537.5, 24000.0], [4536.75, 7475.0], [4535.75, 14184.0], [4533.5, 700.0], [4523.0, 6402.0], [4522.75, 40000.0], [4521.0, 10.0], [4517.75, 18522.0], [4514.5, 75014.0], [4514.0, 40000.0], [4511.75, 10.0], [4504.0, 36433.0], [4502.75, 10.0], [4502.5, 40000.0], [4493.75, 38376.0], [4485.25, 24380.0], [4485.0, 10.0], [4476.0, 10.0], [4474.5, 24593.0]], "asks": [[4538.0, 2100.0], [4539.0, 10.0], [4539.5, 2100.0], [4539.75, 1250.0], [4540.0, 24000.0], [4541.25, 1000.0], [4543.25, 2100.0], [4545.25, 19010.0], [4545.5, 6417.0], [4545.75, 2100.0], [4547.25, 38143.0], [4547.75, 14589.0], [4548.0, 10.0], [4549.5, 1400.0], [4551.0, 78197.0], [4557.0, 37227.0], [4557.25, 10.0], [4559.5, 37453.0], [4560.75, 40000.0], [4565.75, 40000.0]]}}}
{"jsonrpc": "2.0", "method": "subscription", "params": {"channel": "book.ETH-3OCT25.none.20.100ms", "data": {"timestamp": 1758277536973, "change_id": 87126126996, "instrument_name": "ETH-3OCT25", "bids": [[4537.75, 6250.0], [4537.5, 24000.0], [4536.75, 7475.0], [4535.75, 14184.0], [4533.5, 700.0], [4523.25, 6402.0], [4522.75, 40000.0], [4521.0, 10.0], [4517.75, 18522.0], [4514.5, 75014.0], [4514.0, 40000.0], [4511.75, 10.0], [4504.0, 36433.0], [4502.75, 10.0], [4502.5, 40000.0], [4493.75, 38376.0], [4485.25, 24380.0], [4485.0, 10.0], [4476.0, 10.0], [4474.5, 24593.0]], "asks": [[4538.0, 2100.0], [4539.0, 10.0], [4539.5, 2100.0], [4539.75, 1250.0], [4540.0, 24000.0], [4541.25, 1000.0], [4543.25, 2100.0], [4545.25, 19010.0], [4545.5, 6417.0], [4545.75, 2100.0], [4547.25, 38143.0], [4547.75, 14589.0], [4548.0, 10.0], [4549.5, 1400.0], [4551.0, 78197.0], [4557.0, 37227.0], [4557.25, 10.0], [4559.5, 37453.0], [4560.75, 40000.0], [4565.75, 40000.0]]}}}
{"jsonrpc": "2.0", "method": "subscription", "params": {"channel": "book.ETH-3OCT25.none.20.100ms", "data": {"timestamp": 1758277537755, "change_id": 87126128509, "instrument_name": "ETH-3OCT25", "bids": [[4537.75, 5000.0], [4537.5, 24000.0], [4537.0, 1250.0], [4535.75, 14184.0], [4533.5, 700.0], [4523.25, 6402.0], [4522.75, 40000.0], [4521.0, 10.0], [4517.75, 18522.0], [4514.5, 75014.0], [4514.0, 40000.0], [4511.75, 10.0], [4504.0, 36433.0], [4502.75, 10.0], [4502.5, 40000.0], [4493.75, 38376.0], [4485.25, 24380.0], [4485.0, 10.0], [4476.0, 10.0], [4474.5, 24593.0]], "asks": [[4538.0, 2100.0], [4539.0, 10.0], [4539.5, 2100.0], [4539.75, 25250.0], [4541.25, 1000.0], [4543.25, 2100.0], [4545.25, 19010.0], [4545.5, 6417.0], [4545.75, 2100.0], [4547.25, 38143.0], [4547.75, 14589.0], [4548.0, 10.0], [4549.5, 1400.0], [4551.0, 78197.0], [4557.0, 37227.0], [4557.25, 10.0], [4559.5, 37453.0], [4560.75, 40000.0], [4565.75, 40000.0], [4566.25, 10.0]]}}}
{"jsonrpc": "2.0", "method": "subscription", "params": {"channel": "book.ETH-3OCT25.none.20.100ms", "data": {"timestamp": 1758277538114, "change_id": 87126128983, "instrument_name": "ETH-3OCT25", "bids": [[4537.75, 5000.0], [4537.5, 24000.0], [4537.0, 1250.0], [4536.75, 31303.0], [4535.75, 14184.0], [4533.5, 700.0], [4523.25, 6402.0], [4522.75, 40000.0], [4521.0, 10.0], [4517.75, 18522.0], [4514.5, 75014.0], [4514.0, 40000.0], [4511.75, 10.0], [4504.0, 36433.0], [4502.75, 10.0], [4502.5, 40000.0], [4493.75, 38376.0], [4485.25, 24380.0], [4485.0, 10.0], [4476.0, 10.0]], "asks": [[4538.0, 2100.0], [4539.0, 10.0], [4539.5, 2100.0], [4539.75, 25250.0], [4541.25, 1000.0], [4543.25, 2100.0], [4545.25, 19010.0], [4545.5, 20940.0], [4545.75, 2100.0], [4547.25, 38143.0], [4548.0, 10.0], [4549.5, 1400.0], [4551.0, 78197.0], [4557.0, 37227.0], [4557.25, 10.0], [4559.5, 37453.0], [4560.75, 40000.0], [4565.75, 40000.0], [4566.25, 10.0], [4575.25, 25068.0]]}}}
{"jsonrpc": "2.0", "method": "subscription", "params": {"channel": "book.ETH-3OCT25.none.20.100ms", "data": {"timestamp": 1758277538441, "change_id": 87126129699, "instrument_name": "ETH-3OCT25", "bids": [[4537.75, 5000.0], [4537.5, 24000.0], [4537.0, 1250.0], [4535.75, 14184.0], [4533.5, 700.0], [4523.25, 6402.0], [4522.75, 40000.0], [4521.0, 10.0], [4517.75, 18522.0], [4514.5, 75014.0], [4514.0, 40000.0], [4511.75, 10.0], [4504.0, 36433.0], [4502.75, 10.0], [4502.5, 40000.0], [4493.75, 38376.0], [4485.25, 24380.0], [4485.0, 10.0], [4476.0, 10.0], [4474.5, 24593.0]], "asks": [[4538.0, 2100.0], [4539.0, 10.0], [4539.25, 1250.0], [4539.5, 2100.0], [4539.75, 24000.0], [4541.25, 1000.0], [4543.25, 2100.0], [4545.25, 19010.0], [4545.5, 20940.0], [4545.75, 2100.0], [4547.25, 38143.0], [4548.0, 10.0], [4549.5, 1400.0], [4551.0, 78197.0], [4557.0, 37227.0], [4557.25, 10.0], [4559.5, 37453.0], [4560.75, 40000.0], [4565.75, 40000.0], [4566.25, 10.0]]}}}
{"jsonrpc": "2.0", "method": "subscription", "params": {"channel": "book.ETH-3OCT25.none.20.100ms", "data": {"timestamp": 1758277539110, "change_id": 87126130545, "instrument_name": "ETH-3OCT25", "bids": [[4537.75, 5000.0], [4537.5, 24000.0], [4537.0, 1250.0], [4536.75, 31305.0], [4535.75, 14184.0], [4533.5, 700.0], [4523.25, 6402.0], [4522.75, 40000.0], [4521.0, 10.0], [4517.75, 18522.0], [4514.5, 75014.0], [4514.0, 40000.0], [4511.75, 10.0], [4504.0, 36433.0], [4502.75, 10.0], [4502.5, 40000.0], [4493.75, 38376.0], [4485.25, 24380.0], [4485.0, 10.0], [4476.0, 10.0]], "asks": [[4538.0, 2100.0], [4539.0, 10.0], [4539.25, 1250.0], [4539.5, 2100.0], [4539.75, 24000.0], [4541.25, 1000.0], [4543.25, 2100.0], [4545.25, 19010.0], [4545.5, 20940.0], [4545.75, 2100.0], [4547.25, 38143.0], [4548.0, 10.0], [4549.5, 1400.0], [4551.0, 78197.0], [4557.0, 37227.0], [4557.25, 10.0], [4559.5, 37453.0], [4560.75, 40000.0], [4565.75, 40000.0], [4566.25, 10.0]]}}}
{"jsonrpc": "2.0", "method": "subscription", "params": {"channel": "book.ETH-3OCT25.none.20.100ms", "data": {"timestamp": 1758277540169, "change_id": 87126131971, "instrument_name": "ETH-3OCT25", "bids": [[4537.75, 5000.0], [4537.5, 25250.0], [4536.75, 31305.0], [4535.75, 14184.0], [4533.5, 700.0], [4523.25, 6402.0], [4522.75, 40000.0], [4521.0, 10.0], [4517.75, 18522.0], [4514.5, 75014.0], [4514.0, 40000.0], [4511.75, 10.0], [4504.0, 36433.0], [4502.75, 10.0], [4502.5, 40000.0], [4493.75, 38376.0], [4485.25, 24380.0], [4485.0, 10.0], [4476.0, 10.0], [4474.5, 24593.0]], "asks": [[4538.0, 2100.0], [4539.0, 10.0], [4539.25, 1250.0], [4539.5, 2100.0], [4539.75, 24000.0], [4541.25, 1000.0], [4543.25, 2100.0], [4545.25, 19010.0], [4545.5, 20940.0], [4545.75, 2100.0], [4547.25, 38143.0], [4548.0, 10.0], [4549.5, 1400.0], [4551.0, 78197.0], [4557.0, 37227.0], [4557.25, 10.0], [4559.5, 37453.0], [4560.75, 40000.0], [4565.75, 40000.0], [4566.25, 10.0]]}}}
{"jsonrpc": "2.0", "method": "subscription", "params": {"channel": "book.ETH-3OCT25.none.20.100ms", "data": {"timestamp": 1758277540352, "change_id": 87126132408, "instrument_name": "ETH-3OCT25", "bids": [[4537.75, 5000.0], [4537.5, 25250.0], [4536.75, 31305.0], [4535.75, 14184.0], [4533.5, 700.0], [4523.25, 6402.0], [4522.75, 40000.0], [4521.0, 10.0], [4517.75, 18522.0], [4514.5, 75014.0], [4514.0, 40000.0], [4511.75, 10.0], [4504.0, 36433.0], [4502.75, 10.0], [4502.5, 40000.0], [4493.75, 38376.0], [4485.25, 24380.0], [4485.0, 10.0], [4476.0, 10.0], [4474.5, 24593.0]], "asks": [[4538.0, 2100.0], [4539.0, 10.0], [4539.25, 1250.0], [4539.5, 2100.0], [4540.25, 24000.0], [4541.25, 1000.0], [4543.25, 2100.0], [4545.25, 19010.0], [4545.5, 20940.0], [4545.75, 2100.0], [4547.25, 38143.0], [4548.0, 10.0], [4549.5, 1400.0], [4551.0, 78197.0], [4557.0, 37227.0], [4557.25, 10.0], [4559.5, 37453.0], [4560.75, 40000.0], [4565.75, 40000.0], [4566.25, 10.0]]}}}
{"jsonrpc": "2.0", "method": "subscription", "params": {"channel": "book.ETH-3OCT25.none.20.100ms", "data": {"timestamp": 1758277540753, "change_id": 87126132770, "instrument_name": "ETH-3OCT25", "bids": [[4537.75, 5000.0], [4537.5, 25250.0], [4536.75, 31305.0], [4535.75, 14184.0], [4533.5, 700.0], [4523.25, 6402.0], [4522.75, 40000.0], [4521.0, 10.0], [4517.75, 18522.0], [4514.5, 75014.0], [4514.0, 40000.0], [4511.75, 10.0], [4504.0, 36433.0], [4502.75, 10.0], [4502.5, 40000.0], [4493.75, 38376.0], [4485.25, 24380.0], [4485.0, 10.0], [4476.0, 10.0], [4474.5, 24593.0]], "asks": [[4538.0, 2100.0], [4539.0, 10.0], [4539.25, 1250.0], [4539.5, 2100.0], [4540.0, 24000.0], [4541.25, 1000.0], [4543.25, 2100.0], [4545.25, 19010.0], [4545.5, 20940.0], [4545.75, 2100.0], [4547.25, 38143.0], [4548.0, 10.0], [4549.5, 1400.0], [4551.0, 78197.0], [4557.0, 37227.0], [4557.25, 10.0], [4559.5, 37453.0], [4560.75, 40000.0], [4565.75, 40000.0], [4566.25, 10.0]]}}}
{"jsonrpc": "2.0", "method": "subscription", "params": {"channel": "book.ETH-3OCT25.none.20.100ms", "data": {"timestamp": 1758277542457, "change_id": 87126134983, "instrument_name": "ETH-3OCT25", "bids": [[4537.75, 5000.0], [4537.5, 25250.0], [4536.75, 31305.0], [4535.75, 14184.0], [4533.5, 700.0], [4523.5, 6402.0], [4522.75, 40000.0], [4521.0, 10.0], [4517.75, 18522.0], [4514.5, 75014.0], [4514.0, 40000.0], [4511.75, 10.0], [4504.0, 36433.0], [4502.75, 10.0], [4502.5, 40000.0], [4493.75, 38376.0], [4485.25, 24380.0], [4485.0, 10.0], [4476.0, 10.0], [4474.5, 24593.0]], "asks": [[4538.0, 2100.0], [4539.0, 10.0], [4539.25, 1250.0], [4539.5, 2100.0], [4540.0, 24000.0], [4541.25, 1000.0], [4543.25, 2100.0], [4545.25, 19010.0], [4545.5, 20940.0], [4545.75, 2100.0], [4547.25, 38143.0], [4548.0, 10.0], [4549.5, 1400.0], [4551.0, 78197.0], [4557.0, 37227.0], [4557.25, 10.0], [4559.5, 37453.0], [4560.75, 40000.0], [4565.75, 40000.0], [4566.25, 10.0]]}}}
{"jsonrpc": "2.0", "method": "subscription", "params": {"channel": "book.ETH-3OCT25.none.20.100ms", "data": {"timestamp": 1758277542716, "change_id": 87126135162, "instrument_name": "ETH-3OCT25", "bids": [[4537.75, 5000.0], [4537.5, 25250.0], [4536.75, 31305.0], [4535.75, 14184.0], [4533.5, 700.0], [4523.5, 6402.0], [4522.75, 40000.0], [4521.0, 10.0], [4517.75, 18522.0], [4514.5, 75014.0], [4514.0, 40000.0], [4511.75, 10.0], [4504.0, 36433.0], [4502.75, 10.0], [4502.5, 40000.0], [4493.75, 38376.0], [4485.25, 24380.0], [4485.0, 10.0], [4476.0, 10.0], [4474.5, 24593.0]], "asks": [[4538.0, 2100.0], [4539.0, 10.0], [4539.25, 1250.0], [4539.5, 2100.0], [4540.0, 24000.0], [4540.25, 1000.0], [4543.25, 2100.0], [4545.25, 19010.0], [4545.5, 20940.0], [4545.75, 2100.0], [4547.25, 38143.0], [4548.0, 10.0], [4549.5, 1400.0], [4551.0, 78197.0], [4557.0, 37227.0], [4557.25, 10.0], [4559.5, 37453.0], [4560.75, 40000.0], [4565.75, 40000.0], [4566.25, 10.0]]}}}
{"jsonrpc": "2.0", "method": "subscription", "params": {"channel": "book.ETH-3OCT25.none.20.100ms", "data": {"timestamp": 1758277543514, "change_id": 87126136239, "instrument_name": "ETH-3OCT25", "bids": [[4537.75, 5000.0], [4537.5, 24000.0], [4536.75, 32555.0], [4535.75, 14184.0], [4533.5, 700.0], [4523.5, 6402.0], [4522.75, 40000.0], [4521.0, 10.0], [4517.75, 18522.0], [4514.5, 75014.0], [4514.0, 40000.0], [4511.75, 10.0], [4504.0, 36433.0], [4502.75, 10.0], [4502.5, 40000.0], [4493.75, 38376.0], [4485.25, 24380.0], [4485.0, 10.0], [4476.0, 10.0], [4474.5, 24593.0]], "asks": [[4538.0, 2100.0], [4539.0, 10.0], [4539.25, 1250.0], [4539.5, 2100.0], [4539.75, 24000.0], [4540.25, 1000.0], [4543.25, 2100.0], [4545.25, 19010.0], [4545.5, 20940.0], [4545.75, 2100.0], [4547.25, 38143.0], [4548.0, 10.0], [4549.5, 1400.0], [4551.0, 78197.0], [4557.0, 37227.0], [4557.25, 10.0], [4559.5, 37453.0], [4560.75, 40000.0], [4565.75, 40000.0], [4566.25, 10.0]]}}}
{"jsonrpc": "2.0", "method": "subscription", "params": {"channel": "book.ETH-3OCT25.none.20.100ms", "data": {"timestamp": 1758277543700, "change_id": 87126136437, "instrument_name": "ETH-3OCT25", "bids": [[4537.75, 5000.0], [4537.5, 24000.0], [4536.75, 1250.0], [4535.75, 14184.0], [4533.5, 700.0], [4523.5, 6402.0], [4522.75, 40000.0], [4521.0, 10.0], [4517.75, 18522.0], [4514.5, 75014.0], [4514.0, 40000.0], [4511.75, 10.0], [4504.0, 36433.0], [4502.75, 10.0], [4502.5, 40000.0], [4493.75, 38376.0], [4485.25, 24380.0], [4485.0, 10.0], [4476.0, 10.0], [4474.5, 24593.0]], "asks": [[4538.0, 2100.0], [4539.0, 10.0], [4539.25, 1250.0], [4539.5, 2100.0], [4539.75, 24000.0], [4540.25, 1000.0], [4543.25, 2100.0], [4545.25, 19010.0], [4545.5, 6417.0], [4545.75, 2100.0], [4546.75, 14534.0], [4547.25, 38143.0], [4548.0, 10.0], [4549.5, 1400.0], [4551.0, 78197.0], [4557.0, 37227.0], [4557.25, 10.0], [4559.5, 37453.0], [4560.75, 40000.0], [4565.75, 40000.0]]}}}
{"jsonrpc": "2.0", "method": "subscription", "params": {"channel": "book.ETH-3OCT25.none.20.100ms", "data": {"timestamp": 1758277544251, "change_id": 87126137270, "instrument_name": "ETH-3OCT25", "bids": [[4537.75, 5000.0], [4537.5, 24000.0], [4537.25, 1250.0], [4536.75, 31305.0], [4535.75, 14184.0], [4533.5, 700.0], [4523.5, 6402.0], [4522.75, 40000.0], [4521.0, 10.0], [4517.75, 18522.0], [4514.5, 75014.0], [4514.0, 40000.0], [4511.75, 10.0], [4504.0, 36433.0], [4502.75, 10.0], [4502.5, 40000.0], [4493.75, 38376.0], [4485.25, 24380.0], [4485.0, 10.0], [4476.0, 10.0]], "asks": [[4538.0, 2100.0], [4539.0, 10.0], [4539.25, 1250.0], [4539.5, 2100.0], [4539.75, 24000.0], [4540.25, 1000.0], [4543.25, 2100.0], [4545.25, 19010.0], [4545.5, 6417.0], [4545.75, 2100.0], [4546.75, 14534.0], [4547.25, 38143.0], [4548.0, 10.0], [4549.5, 1400.0], [4551.0, 78197.0], [4557.0, 37227.0], [4557.25, 10.0], [4559.5, 37453.0], [4560.75, 40000.0], [4565.75, 40000.0]]}}}
{"jsonrpc": "2.0", "method": "subscription", "params": {"channel": "book.ETH-3OCT25.none.20.100ms", "data": {"timestamp": 1758277545003, "change_id": 87126137949, "instrument_name": "ETH-3OCT25", "bids": [[4537.75, 5000.0], [4537.5, 24000.0], [4537.25, 1250.0], [4535.75, 14184.0], [4533.5, 700.0], [4523.5, 6402.0], [4522.75, 40000.0], [4521.0, 10.0], [4517.75, 18522.0], [4514.5, 75014.0], [4514.0, 40000.0], [4511.75, 10.0], [4504.0, 36433.0], [4502.75, 10.0], [4502.5, 40000.0], [4493.75, 38376.0], [4485.25, 24380.0], [4485.0, 10.0], [4476.0, 10.0], [4474.5, 24593.0]], "asks": [[4538.0, 2100.0], [4539.0, 10.0], [4539.25, 1250.0], [4539.5, 2100.0], [4539.75, 24000.0], [4540.25, 1000.0], [4543.25, 2100.0], [4545.25, 19010.0], [4545.5, 6417.0], [4545.75, 2100.0], [4546.75, 14534.0], [4547.25, 38143.0], [4548.0, 10.0], [4549.5, 1400.0], [4551.0, 78197.0], [4557.0, 37227.0], [4557.25, 10.0], [4559.5, 37453.0], [4560.75, 40000.0], [4565.75, 40000.0]]}}}
{"jsonrpc": "2.0", "method": "subscription", "params": {"channel": "book.ETH-3OCT25.none.20.100ms", "data": {"timestamp": 1758277545535, "change_id": 87126139146, "instrument_name": "ETH-3OCT25", "bids": [[4537.75, 5000.0], [4537.5, 24000.0], [4536.25, 1250.0], [4535.75, 14184.0], [4533.5, 700.0], [4523.75, 6402.0], [4522.75, 40000.0], [4521.0, 10.0], [4517.75, 18522.0], [4514.5, 75014.0], [4514.0, 40000.0], [4511.75, 10.0], [4504.25, 36433.0], [4502.75, 10.0], [4502.5, 40000.0], [4493.75, 38376.0], [4485.25, 24380.0], [4485.0, 10.0], [4476.0, 10.0], [4474.5, 24593.0]], "asks": [[4538.0, 2100.0], [4538.75, 1250.0], [4539.0, 10.0], [4539.5, 2100.0], [4540.25, 1000.0], [4543.25, 2100.0], [4545.25, 19010.0], [4545.5, 6417.0], [4545.75, 2100.0], [4546.75, 14534.0], [4547.25, 38143.0], [4548.0, 10.0], [4549.5, 1400.0], [4551.0, 78197.0], [4557.0, 37227.0], [4557.25, 10.0], [4559.5, 37453.0], [4560.75, 40000.0], [4565.75, 40000.0], [4566.25, 10.0]]}}}
{"jsonrpc": "2.0", "method": "subscription", "params": {"channel": "book.ETH-3OCT25.none.20.100ms", "data": {"timestamp": 1758277546166, "change_id": 87126139828, "instrument_name": "ETH-3OCT25", "bids": [[4537.75, 5000.0], [4537.5, 24000.0], [4536.25, 1250.0], [4535.75, 14184.0], [4533.5, 700.0], [4523.75, 6402.0], [4522.75, 40000.0], [4521.0, 10.0], [4517.75, 18522.0], [4514.5, 75014.0], [4514.0, 40000.0], [4511.75, 10.0], [4504.25, 36433.0], [4502.75, 10.0], [4502.5, 40000.0], [4493.75, 38376.0], [4485.25, 24380.0], [4485.0, 10.0], [4476.0, 10.0], [4474.5, 24593.0]], "asks": [[4538.0, 2100.0], [4538.75, 1250.0], [4539.0, 10.0], [4539.25, 24000.0], [4539.5, 2100.0], [4540.25, 1000.0], [4543.25, 2100.0], [4545.25, 19010.0], [4545.5, 6417.0], [4545.75, 2100.0], [4546.75, 14534.0], [4547.25, 38143.0], [4548.0, 10.0], [4549.5, 1400.0], [4551.0, 78197.0], [4557.0, 37227.0], [4557.25, 10.0], [4559.5, 37453.0], [4560.75, 40000.0], [4565.75, 40000.0]]}}}
{"jsonrpc": "2.0", "method": "subscription", "params": {"channel": "book.ETH-3OCT25.none.20.100ms", "data": {"timestamp": 1758277546410, "change_id": 87126140422, "instrument_name": "ETH-3OCT25", "bids": [[4537.75, 5000.0], [4537.5, 24000.0], [4536.25, 1250.0], [4535.75, 14184.0], [4533.5, 700.0], [4523.75, 6402.0], [4522.75, 40000.0], [4521.0, 10.0], [4517.75, 18522.0], [4514.5, 75014.0], [4514.0, 40000.0], [4511.75, 10.0], [4504.25, 36433.0], [4502.75, 10.0], [4502.5, 40000.0], [4493.75, 38376.0], [4485.25, 24380.0], [4485.0, 10.0], [4476.0, 10.0], [4474.5, 24593.0]], "asks": [[4538.0, 2100.0], [4539.0, 10.0], [4539.25, 24000.0], [4539.5, 2100.0], [4539.75, 1250.0], [4540.25, 1000.0], [4543.25, 2100.0], [4545.25, 19010.0], [4545.5, 6417.0], [4545.75, 2100.0], [4546.75, 14534.0], [4547.25, 38143.0], [4548.0, 10.0], [4549.5, 1400.0], [4551.0, 78197.0], [4557.0, 37227.0], [4557.25, 10.0], [4559.5, 37453.0], [4560.75, 40000.0], [4565.75, 40000.0]]}}}
{"jsonrpc": "2.0", "method": "subscription", "params": {"channel": "book.ETH-3OCT25.none.20.100ms", "data": {"timestamp": 1758277546853, "change_id": 87126141104, "instrument_name": "ETH-3OCT25", "bids": [[4537.75, 5000.0], [4537.5, 24000.0], [4537.25, 1250.0], [4536.75, 9741.0], [4535.75, 14184.0], [4533.5, 700.0], [4523.75, 6402.0], [4522.75, 40000.0], [4521.0, 10.0], [4517.75, 18522.0], [4514.5, 75014.0], [4514.0, 40000.0], [4511.75, 10.0], [4504.25, 36433.0], [4502.75, 10.0], [4502.5, 40000.0], [4493.75, 38376.0], [4485.25, 24380.0], [4485.0, 10.0], [4476.0, 10.0]], "asks": [[4538.0, 2100.0], [4539.0, 10.0], [4539.25, 25250.0], [4539.5, 2100.0], [4540.25, 1000.0], [4543.25, 2100.0], [4545.25, 19010.0], [4545.5, 6417.0], [4545.75, 2100.0], [4546.75, 14534.0], [4547.25, 38143.0], [4548.0, 10.0], [4549.5, 1400.0], [4551.0, 78197.0], [4557.0, 37227.0], [4557.25, 10.0], [4559.5, 37453.0], [4560.75, 40000.0], [4565.75, 40000.0], [4566.25, 10.0]]}}}
{"jsonrpc": "2.0", "method": "subscription", "params": {"channel": "book.ETH-3OCT25.none.20.100ms", "data": {"timestamp": 1758277548460, "change_id": 87126143009, "instrument_name": "ETH-3OCT25", "bids": [[4537.75, 5000.0], [4537.5, 24000.0], [4537.25, 1250.0], [4536.75, 9741.0], [4535.75, 14184.0], [4533.5, 700.0], [4523.0, 6402.0], [4522.75, 40000.0], [4521.0, 10.0], [4517.75, 18522.0], [4514.5, 75014.0], [4514.0, 40000.0], [4511.75, 10.0], [4504.25, 36433.0], [4502.75, 10.0], [4502.5, 40000.0], [4493.75, 38376.0], [4485.25, 24380.0], [4485.0, 10.0], [4476.0, 10.0]], "asks": [[4538.0, 2100.0], [4539.0, 10.0], [4539.25, 25250.0], [4539.5, 2100.0], [4540.25, 1000.0], [4543.25, 2100.0], [4545.25, 19010.0], [4545.5, 6417.0], [4545.75, 2100.0], [4546.75, 14534.0], [4547.25, 38143.0], [4548.0, 10.0], [4549.5, 1400.0], [4551.0, 78197.0], [4557.0, 37227.0], [4557.25, 10.0], [4559.5, 37453.0], [4560.75, 40000.0], [4565.75, 40000.0], [4566.25, 10.0]]}}}
{"jsonrpc": "2.0", "method": "subscription", "params": {"channel": "book.ETH-3OCT25.none.20.100ms", "data": {"timestamp": 1758277549248, "change_id": 87126143884, "instrument_name": "ETH-3OCT25", "bids": [[4537.75, 5000.0], [4537.5, 24000.0], [4537.25, 1250.0], [4535.75, 14184.0], [4533.5, 700.0], [4523.0, 6402.0], [4522.75, 40000.0], [4521.0, 10.0], [4517.75, 18522.0], [4514.5, 75014.0], [4514.0, 40000.0], [4511.75, 10.0], [4504.25, 36433.0], [4502.75, 10.0], [4502.5, 40000.0], [4493.75, 38376.0], [4485.25, 24380.0], [4485.0, 10.0], [4476.0, 10.0], [4474.5, 24593.0]], "asks": [[4538.0, 2100.0], [4539.0, 10.0], [4539.25, 25250.0], [4539.5, 2100.0], [4540.25, 1000.0], [4543.25, 2100.0], [4545.25, 19010.0], [4545.5, 6417.0], [4545.75, 2100.0], [4546.75, 14534.0], [4547.25, 38143.0], [4548.0, 10.0], [4549.5, 1400.0], [4551.0, 78197.0], [4557.0, 37227.0], [4557.25, 10.0], [4559.5, 37453.0], [4560.75, 40000.0], [4565.75, 40000.0], [4566.25, 10.0]]}}}
{"jsonrpc": "2.0", "method": "subscription", "params": {"channel": "book.ETH-3OCT25.none.20.100ms", "data": {"timestamp": 1758277551461, "change_id": 87126146235, "instrument_name": "ETH-3OCT25", "bids": [[4537.75, 5000.0], [4537.5, 24000.0], [4537.25, 1250.0], [4536.75, 31303.0], [4535.75, 14184.0], [4533.5, 700.0], [4523.25, 6402.0], [4522.75, 40000.0], [4521.0, 10.0], [4517.75, 18522.0], [4514.5, 75014.0], [4514.0, 40000.0], [4511.75, 10.0], [4504.25, 36433.0], [4502.75, 10.0], [4502.5, 40000.0], [4493.75, 38376.0], [4485.25, 24380.0], [4485.0, 10.0], [4476.0, 10.0]], "asks": [[4538.0, 2100.0], [4539.0, 10.0], [4539.25, 25250.0], [4539.5, 2100.0], [4540.25, 1000.0], [4543.25, 2100.0], [4545.25, 19010.0], [4545.5, 6417.0], [4545.75, 2100.0], [4546.75, 14534.0], [4547.25, 38143.0], [4548.0, 10.0], [4549.5, 1400.0], [4551.0, 78197.0], [4557.0, 37227.0], [4557.25, 10.0], [4559.5, 37453.0], [4560.75, 40000.0], [4565.75, 40000.0], [4566.25, 10.0]]}}}
{"jsonrpc": "2.0", "method": "subscription", "params": {"channel": "book.ETH-3OCT25.none.20.100ms", "data": {"timestamp": 1758277551733, "change_id": 87126146389, "instrument_name": "ETH-3OCT25", "bids": [[4537.75, 5000.0], [4537.5, 24000.0], [4537.25, 1250.0], [4536.75, 31303.0], [4535.75, 14184.0], [4533.5, 700.0], [4523.25, 6402.0], [4522.75, 40000.0], [4521.0, 10.0], [4517.75, 18522.0], [4514.5, 75014.0], [4514.0, 40000.0], [4511.75, 10.0], [4504.25, 36433.0], [4502.75, 10.0], [4502.5, 40000.0], [4493.75, 38376.0], [4485.25, 24380.0], [4485.0, 10.0], [4476.0, 10.0]], "asks": [[4538.0, 2100.0], [4539.0, 10.0], [4539.25, 1250.0], [4539.5, 2100.0], [4539.75, 24000.0], [4540.25, 1000.0], [4543.25, 2100.0], [4545.25, 19010.0], [4545.5, 6417.0], [4545.75, 2100.0], [4546.75, 14534.0], [4547.25, 38143.0], [4548.0, 10.0], [4549.5, 1400.0], [4551.0, 78197.0], [4557.0, 37227.0], [4557.25, 10.0], [4559.5, 37453.0], [4560.75, 40000.0], [4565.75, 40000.0]]}}}
{"jsonrpc": "2.0", "method": "subscription", "params": {"channel": "book.ETH-3OCT25.none.20.100ms", "data": {"timestamp": 1758277552038, "change_id": 87126146758, "instrument_name": "ETH-3OCT25", "bids": [[4537.75, 5000.0], [4537.5, 24000.0], [4537.25, 1250.0], [4535.75, 14184.0], [4533.5, 700.0], [4523.25, 6402.0], [4522.75, 40000.0], [4521.0, 10.0], [4517.75, 18522.0], [4514.5, 75014.0], [4514.0, 40000.0], [4511.75, 10.0], [4504.25, 36433.0], [4502.75, 10.0], [4502.5, 40000.0], [4493.75, 38376.0], [4485.25, 24380.0], [4485.0, 10.0], [4476.0, 10.0], [4474.5, 24593.0]], "asks": [[4538.0, 2100.0], [4539.0, 10.0], [4539.25, 1250.0], [4539.5, 2100.0], [4539.75, 24000.0], [4540.25, 1000.0], [4543.25, 2100.0], [4545.25, 19010.0], [4545.5, 6417.0], [4545.75, 2100.0], [4546.75, 14534.0], [4547.25, 38143.0], [4548.0, 10.0], [4549.5, 1400.0], [4551.0, 78197.0], [4557.0, 37227.0], [4557.25, 10.0], [4559.5, 37453.0], [4560.75, 40000.0], [4565.75, 40000.0]]}}}
{"jsonrpc": "2.0", "method": "subscription", "params": {"channel": "book.ETH-3OCT25.none.20.100ms", "data": {"timestamp": 1758277552646, "change_id": 87126147499, "instrument_name": "ETH-3OCT25", "bids": [[4537.75, 5000.0], [4537.5, 24000.0], [4537.25, 1250.0], [4536.75, 31303.0], [4535.75, 14184.0], [4533.5, 700.0], [4523.25, 6402.0], [4522.75, 40000.0], [4521.0, 10.0], [4517.75, 18522.0], [4514.5, 75014.0], [4514.0, 40000.0], [4511.75, 10.0], [4504.25, 36433.0], [4502.75, 10.0], [4502.5, 40000.0], [4493.75, 38376.0], [4485.25, 24380.0], [4485.0, 10.0], [4476.0, 10.0]], "asks": [[4538.0, 2100.0], [4539.0, 10.0], [4539.25, 1250.0], [4539.5, 2100.0], [4539.75, 24000.0], [4540.25, 1000.0], [4543.25, 2100.0], [4545.25, 19010.0], [4545.5, 6417.0], [4545.75, 2100.0], [4546.75, 14534.0], [4547.25, 38143.0], [4548.0, 10.0], [4549.5, 1400.0], [4551.0, 78197.0], [4557.0, 37227.0], [4557.25, 10.0], [4559.5, 37453.0], [4560.75, 40000.0], [4565.75, 40000.0]]}}}
