{"jsonrpc": "2.0", "id": 1, "result": ["book.ETH-21NOV25.none.20.100ms"], "usIn": 1763171347022485, "usOut": 1763171347022707, "usDiff": 222, "testnet": false}
{"jsonrpc": "2.0", "method": "subscription", "params": {"channel": "book.ETH-21NOV25.none.20.100ms", "data": {"timestamp": 1763171347001, "change_id": 96931709762, "instrument_name": "ETH-21NOV25", "bids": [[3161.25, 80.0], [3161.0, 5190.0], [3160.5, 1250.0], [3158.25, 20928.0], [3158.0, 12382.0], [3157.5, 14096.0], [3156.5, 1500.0], [3153.75, 4398.0], [3153.5, 1499.0], [3152.25, 25390.0], [3151.5, 11.0], [3151.25, 40000.0], [3151.0, 2.0], [3150.25, 17592.0], [3150.0, 49807.0], [3147.5, 49335.0], [3146.25, 40000.0], [3144.75, 500.0], [3141.75, 40000.0], [3140.0, 76122.0]], "asks": [[3162.5, 5190.0], [3164.0, 6.0], [3164.25, 80.0], [3165.0, 25132.0], [3165.25, 49412.0], [3165.5, 14804.0], [3166.0, 30.0], [3168.0, 30.0], [3169.0, 30.0], [3170.5, 40000.0], [3171.0, 30.0], [3171.5, 49830.0], [3171.75, 400.0], [3174.25, 1099.0], [3178.0, 16.0], [3178.75, 40000.0], [3180.0, 74987.0], [3182.25, 4398.0], [3182.5, 2.0], [3183.0, 16.0]]}}}
{"jsonrpc": "2.0", "method": "subscription", "params": {"channel": "book.ETH-21NOV25.none.20.100ms", "data": {"timestamp": 1763171347184, "change_id": 96931710188, "instrument_name": "ETH-21NOV25", "bids": [[3161.5, 5190.0], [3161.25, 80.0], [3161.0, 1250.0], [3158.25, 20928.0], [3158.0, 12382.0], [3157.5, 14096.0], [3156.5, 1500.0], [3153.75, 4398.0], [3153.5, 1499.0], [3152.25, 25390.0], [3151.5, 11.0], [3151.25, 40000.0], [3151.0, 2.0], [3150.25, 17592.0], [3150.0, 49807.0], [3147.5, 49335.0], [3146.25, 40000.0], [3144.75, 500.0], [3141.75, 40000.0], [3140.0, 76122.0]], "asks": [[3162.5, 6440.0], [3164.25, 80.0], [3165.0, 25132.0], [3165.25, 49412.0], [3165.5, 14804.0], [3166.0, 30.0], [3168.0, 30.0], [3169.0, 30.0], [3170.5, 40000.0], [3171.0, 30.0], [3171.5, 49830.0], [3171.75, 400.0], [3174.25, 1099.0], [3178.0, 16.0], [3178.75, 40000.0], [3180.0, 74987.0], [3182.25, 4398.0], [3182.5, 2.0], [3183.0, 16.0], [3183.25, 73090.0]]}}}
{"jsonrpc": "2.0", "method": "subscription", "params": {"channel": "book.ETH-21NOV25.none.20.100ms", "data": {"timestamp": 1763171347609, "change_id": 96931711580, "instrument_name": "ETH-21NOV25", "bids": [[3161.75, 80.0], [3161.5, 5563.0], [3161.25, 1250.0], [3158.75, 3696.0], [3158.5, 18629.0], [3158.25, 20928.0], [3157.75, 4208.0], [3157.5, 14096.0], [3156.75, 25233.0], [3156.5, 1500.0], [3154.0, 613.0], [3153.75, 4398.0], [3153.5, 1499.0], [3152.25, 25390.0], [3151.5, 11.0], [3151.25, 40000.0], [3151.0, 2.0], [3150.25, 17592.0], [3150.0, 49807.0], [3147.5, 49335.0]], "asks": [[3162.25, 1922.0], [3162.5, 5190.0], [3162.75, 1623.0], [3164.0, 7044.0], [3164.25, 24740.0], [3164.75, 7502.0], [3165.0, 36151.0], [3165.25, 49412.0], [3165.5, 14804.0], [3166.0, 30.0], [3168.0, 30.0], [3169.0, 30.0], [3170.5, 40000.0], [3171.0, 30.0], [3171.5, 49830.0], [3171.75, 400.0], [3174.25, 1099.0], [3178.0, 16.0], [3178.75, 40000.0], [3180.0, 74987.0]]}}}
{"jsonrpc": "2.0", "method": "subscription", "params": {"channel": "book.ETH-21NOV25.none.20.100ms", "data": {"timestamp": 1763171347630, "change_id": 96931711602, "instrument_name": "ETH-21NOV25", "bids": [[3161.75, 80.0], [3161.5, 5190.0], [3161.25, 1250.0], [3158.75, 3696.0], [3158.5, 18629.0], [3158.25, 20928.0], [3157.75, 4208.0], [3157.5, 14096.0], [3156.75, 25233.0], [3156.5, 1500.0], [3154.0, 613.0], [3153.75, 4398.0], [3153.5, 1499.0], [3152.25, 25390.0], [3151.5, 11.0], [3151.25, 40000.0], [3151.0, 2.0], [3150.25, 17592.0], [3150.0, 49807.0], [3147.5, 49335.0]], "asks": [[3162.25, 1922.0], [3162.5, 5563.0], [3162.75, 1250.0], [3164.0, 7044.0], [3164.25, 24740.0], [3164.75, 7502.0], [3165.0, 36151.0], [3165.25, 49412.0], [3165.5, 14804.0], [3166.0, 30.0], [3168.0, 30.0], [3169.0, 30.0], [3170.5, 40000.0], [3171.0, 30.0], [3171.5, 49830.0], [3171.75, 400.0], [3174.25, 1099.0], [3178.0, 16.0], [3178.75, 40000.0], [3180.0, 74987.0]]}}}
{"jsonrpc": "2.0", "method": "subscription", "params": {"channel": "book.ETH-21NOV25.none.20.100ms", "data": {"timestamp": 1763171348236, "change_id": 96931712494, "instrument_name": "ETH-21NOV25", "bids": [[3161.75, 80.0], [3161.5, 5190.0], [3161.25, 1250.0], [3158.75, 3696.0], [3158.5, 18629.0], [3158.25, 20928.0], [3157.75, 4208.0], [3157.5, 14096.0], [3156.75, 25233.0], [3156.5, 1500.0], [3154.0, 613.0], [3153.75, 4398.0], [3153.5, 1499.0], [3152.25, 25390.0], [3151.5, 11.0], [3151.25, 40000.0], [3151.0, 2.0], [3150.25, 17592.0], [3150.0, 49807.0], [3147.5, 49335.0]], "asks": [[3162.5, 1875.0], [3162.75, 6440.0], [3163.75, 80.0], [3164.0, 7044.0], [3164.25, 24660.0], [3164.75, 7502.0], [3165.0, 36151.0], [3165.25, 49412.0], [3166.0, 30.0], [3166.75, 14174.0], [3168.0, 30.0], [3169.0, 30.0], [3170.5, 40000.0], [3171.0, 30.0], [3171.5, 49830.0], [3171.75, 400.0], [3174.25, 1099.0], [3178.0, 16.0], [3178.75, 40000.0], [3180.0, 74987.0]]}}}
{"jsonrpc": "2.0", "method": "subscription", "params": {"channel": "book.ETH-21NOV25.none.20.100ms", "data": {"timestamp": 1763171348549, "change_id": 96931713374, "instrument_name": "ETH-21NOV25", "bids": [[3161.75, 80.0], [3161.5, 6440.0], [3158.75, 3696.0], [3158.5, 18629.0], [3158.25, 20928.0], [3157.75, 4208.0], [3157.5, 14096.0], [3156.75, 25233.0], [3156.5, 1500.0], [3154.0, 613.0], [3153.75, 4398.0], [3153.5, 1499.0], [3152.25, 25390.0], [3151.5, 11.0], [3151.25, 40000.0], [3151.0, 2.0], [3150.25, 17592.0], [3150.0, 49807.0], [3147.5, 49335.0], [3146.25, 40000.0]], "asks": [[3162.5, 1875.0], [3162.75, 6440.0], [3163.75, 80.0], [3164.0, 7044.0], [3164.25, 24660.0], [3164.75, 7502.0], [3165.0, 36151.0], [3165.25, 49412.0], [3166.0, 30.0], [3166.75, 14174.0], [3168.0, 30.0], [3169.0, 30.0], [3170.5, 40000.0], [3171.0, 30.0], [3171.5, 49830.0], [3171.75, 400.0], [3174.25, 1099.0], [3178.0, 16.0], [3178.75, 40000.0], [3180.0, 74987.0]]}}}
{"jsonrpc": "2.0", "method": "subscription", "params": {"channel": "book.ETH-21NOV25.none.20.100ms", "data": {"timestamp": 1763171348865, "change_id": 96931713661, "instrument_name": "ETH-21NOV25", "bids": [[3161.75, 1080.0], [3161.5, 6440.0], [3158.75, 3696.0], [3158.5, 18629.0], [3158.25, 20928.0], [3157.75, 4208.0], [3157.5, 14096.0], [3156.75, 25233.0], [3156.5, 1500.0], [3154.0, 613.0], [3153.75, 4398.0], [3153.5, 1499.0], [3152.25, 25390.0], [3151.5, 11.0], [3151.25, 40000.0], [3151.0, 2.0], [3150.25, 17592.0], [3150.0, 49807.0], [3147.5, 49335.0], [3146.25, 40000.0]], "asks": [[3162.5, 1875.0], [3162.75, 5563.0], [3163.0, 1250.0], [3163.75, 80.0], [3164.0, 7044.0], [3164.25, 24660.0], [3164.75, 7502.0], [3165.0, 36151.0], [3165.25, 49412.0], [3166.0, 30.0], [3166.75, 14174.0], [3168.0, 30.0], [3169.0, 30.0], [3170.5, 40000.0], [3171.0, 30.0], [3171.5, 49830.0], [3171.75, 400.0], [3174.25, 1099.0], [3178.0, 16.0], [3178.75, 40000.0]]}}}
{"jsonrpc": "2.0", "method": "subscription", "params": {"channel": "book.ETH-21NOV25.none.20.100ms", "data": {"timestamp": 1763171349125, "change_id": 96931714062, "instrument_name": "ETH-21NOV25", "bids": [[3161.75, 1080.0], [3161.5, 6440.0], [3159.25, 3696.0], [3159.0, 12382.0], [3158.5, 6247.0], [3158.25, 20928.0], [3157.75, 4208.0], [3157.5, 14096.0], [3157.0, 24785.0], [3156.75, 448.0], [3156.5, 1500.0], [3154.0, 613.0], [3153.75, 4398.0], [3153.5, 1499.0], [3152.25, 25390.0], [3151.5, 11.0], [3151.25, 40000.0], [3151.0, 2.0], [3150.25, 17592.0], [3150.0, 49807.0]], "asks": [[3162.5, 1875.0], [3162.75, 5563.0], [3163.0, 1250.0], [3163.75, 80.0], [3164.0, 7044.0], [3164.25, 24660.0], [3164.75, 7502.0], [3165.0, 36151.0], [3165.25, 49412.0], [3166.0, 30.0], [3166.75, 14174.0], [3168.0, 30.0], [3169.0, 30.0], [3170.5, 40000.0], [3171.0, 30.0], [3171.5, 49830.0], [3171.75, 400.0], [3174.25, 1099.0], [3178.0, 16.0], [3178.75, 40000.0]]}}}
{"jsonrpc": "2.0", "method": "subscription", "params": {"channel": "book.ETH-21NOV25.none.20.100ms", "data": {"timestamp": 1763171349276, "change_id": 96931714341, "instrument_name": "ETH-21NOV25", "bids": [[3161.75, 2330.0], [3161.5, 5190.0], [3159.25, 3696.0], [3159.0, 12382.0], [3158.5, 6247.0], [3158.25, 20928.0], [3157.75, 4208.0], [3157.5, 14096.0], [3157.0, 24785.0], [3156.75, 448.0], [3156.5, 1500.0], [3154.0, 613.0], [3153.75, 4398.0], [3153.5, 1499.0], [3152.25, 25390.0], [3151.5, 11.0], [3151.25, 40000.0], [3151.0, 2.0], [3150.25, 17592.0], [3150.0, 49807.0]], "asks": [[3162.5, 1875.0], [3162.75, 5563.0], [3163.0, 1250.0], [3163.75, 80.0], [3164.0, 7044.0], [3164.25, 24660.0], [3164.75, 7502.0], [3165.0, 36151.0], [3165.25, 49412.0], [3166.0, 30.0], [3166.75, 14174.0], [3168.0, 30.0], [3169.0, 30.0], [3170.5, 40000.0], [3171.0, 30.0], [3171.5, 49830.0], [3171.75, 400.0], [3174.25, 1099.0], [3178.0, 16.0], [3178.75, 40000.0]]}}}
{"jsonrpc": "2.0", "method": "subscription", "params": {"channel": "book.ETH-21NOV25.none.20.100ms", "data": {"timestamp": 1763171349755, "change_id": 96931715259, "instrument_name": "ETH-21NOV25", "bids": [[3161.75, 2330.0], [3161.5, 5190.0], [3159.75, 299.0], [3159.5, 1000.0], [3159.25, 3696.0], [3159.0, 12382.0], [3158.5, 6247.0], [3158.25, 20928.0], [3157.75, 4208.0], [3157.5, 14096.0], [3157.0, 24785.0], [3156.75, 448.0], [3156.5, 1500.0], [3154.0, 613.0], [3153.75, 4398.0], [3153.5, 1499.0], [3152.25, 25390.0], [3151.5, 11.0], [3151.25, 40000.0], [3151.0, 2.0]], "asks": [[3162.5, 1875.0], [3162.75, 5563.0], [3163.0, 1250.0], [3163.75, 80.0], [3164.0, 7044.0], [3164.25, 24660.0], [3164.75, 7502.0], [3165.0, 36151.0], [3165.25, 49412.0], [3166.0, 30.0], [3166.75, 14174.0], [3168.0, 30.0], [3169.0, 30.0], [3170.5, 40000.0], [3171.0, 30.0], [3171.5, 49830.0], [3171.75, 400.0], [3174.25, 1099.0], [3178.0, 16.0], [3178.75, 40000.0]]}}}
{"jsonrpc": "2.0", "method": "subscription", "params": {"channel": "book.ETH-21NOV25.none.20.100ms", "data": {"timestamp": 1763171350169, "change_id": 96931715921, "instrument_name": "ETH-21NOV25", "bids": [[3161.75, 80.0], [3161.5, 5190.0], [3161.25, 1250.0], [3159.75, 299.0], [3159.5, 1000.0], [3159.25, 3696.0], [3159.0, 12382.0], [3158.5, 6247.0], [3158.25, 20928.0], [3157.75, 4208.0], [3157.5, 14096.0], [3157.0, 24785.0], [3156.75, 448.0], [3156.5, 1500.0], [3154.0, 613.0], [3153.75, 4398.0], [3153.5, 1499.0], [3152.25, 25390.0], [3151.5, 11.0], [3151.25, 40000.0]], "asks": [[3162.5, 1875.0], [3162.75, 6440.0], [3163.75, 80.0], [3164.0, 7044.0], [3164.25, 24660.0], [3164.75, 7502.0], [3165.0, 36151.0], [3165.25, 49412.0], [3166.0, 30.0], [3166.75, 14174.0], [3168.0, 30.0], [3169.0, 30.0], [3170.5, 40000.0], [3171.0, 30.0], [3171.5, 49830.0], [3171.75, 400.0], [3174.25, 1099.0], [3178.0, 16.0], [3178.75, 40000.0], [3180.0, 74987.0]]}}}
{"jsonrpc": "2.0", "method": "subscription", "params": {"channel": "book.ETH-21NOV25.none.20.100ms", "data": {"timestamp": 1763171350543, "change_id": 96931716801, "instrument_name": "ETH-21NOV25", "bids": [[3161.75, 80.0], [3161.5, 6440.0], [3159.75, 299.0], [3159.5, 1000.0], [3159.25, 3696.0], [3159.0, 12382.0], [3158.5, 6247.0], [3158.25, 20928.0], [3157.75, 4208.0], [3157.5, 14096.0], [3157.0, 24785.0], [3156.75, 448.0], [3156.5, 1500.0], [3154.0, 613.0], [3153.75, 4398.0], [3153.5, 1499.0], [3152.25, 25390.0], [3151.5, 11.0], [3151.25, 40000.0], [3151.0, 2.0]], "asks": [[3162.5, 1875.0], [3162.75, 6440.0], [3163.75, 80.0], [3164.0, 7044.0], [3164.25, 24660.0], [3164.75, 7502.0], [3165.0, 36151.0], [3165.25, 49412.0], [3166.0, 30.0], [3166.75, 14174.0], [3168.0, 30.0], [3169.0, 30.0], [3170.5, 40000.0], [3171.0, 30.0], [3171.5, 49830.0], [3171.75, 400.0], [3174.25, 1099.0], [3178.0, 16.0], [3178.75, 40000.0], [3180.0, 74987.0]]}}}
{"jsonrpc": "2.0", "method": "subscription", "params": {"channel": "book.ETH-21NOV25.none.20.100ms", "data": {"timestamp": 1763171350775, "change_id": 96931716964, "instrument_name": "ETH-21NOV25", "bids": [[3161.75, 80.0], [3161.5, 1250.0], [3161.25, 1000.0], [3161.0, 5190.0], [3159.75, 299.0], [3159.5, 1000.0], [3159.25, 3696.0], [3159.0, 12382.0], [3158.5, 6247.0], [3158.25, 20928.0], [3157.75, 4208.0], [3157.5, 14096.0], [3157.0, 24785.0], [3156.75, 448.0], [3156.5, 1500.0], [3154.0, 613.0], [3153.75, 4398.0], [3153.5, 1499.0], [3152.25, 25390.0], [3151.5, 11.0]], "asks": [[3162.25, 373.0], [3162.5, 3125.0], [3162.75, 5190.0], [3163.75, 80.0], [3164.0, 7044.0], [3164.25, 24660.0], [3164.75, 7502.0], [3165.0, 36151.0], [3165.25, 49412.0], [3166.0, 30.0], [3166.75, 14174.0], [3168.0, 30.0], [3169.0, 30.0], [3170.5, 40000.0], [3171.0, 30.0], [3171.5, 49830.0], [3171.75, 400.0], [3174.25, 1099.0], [3178.0, 16.0], [3178.75, 40000.0]]}}}
{"jsonrpc": "2.0", "method": "subscription", "params": {"channel": "book.ETH-21NOV25.none.20.100ms", "data": {"timestamp": 1763171351027, "change_id": 96931717255, "instrument_name": "ETH-21NOV25", "bids": [[3161.75, 80.0], [3161.5, 1250.0], [3161.25, 1801.0], [3161.0, 5190.0], [3159.75, 299.0], [3159.5, 1000.0], [3159.25, 3696.0], [3159.0, 12382.0], [3158.5, 6247.0], [3158.25, 20928.0], [3157.75, 4208.0], [3157.5, 14096.0], [3157.0, 24785.0], [3156.75, 448.0], [3156.5, 1500.0], [3154.0, 613.0], [3153.75, 4398.0], [3153.5, 1499.0], [3152.25, 25390.0], [3151.5, 11.0]], "asks": [[3162.5, 1875.0], [3162.75, 5563.0], [3163.0, 1250.0], [3163.75, 80.0], [3164.0, 7044.0], [3164.25, 24660.0], [3164.75, 7502.0], [3165.0, 36151.0], [3165.25, 49412.0], [3166.0, 30.0], [3166.75, 14174.0], [3168.0, 30.0], [3169.0, 30.0], [3170.5, 40000.0], [3171.0, 30.0], [3171.5, 49830.0], [3171.75, 400.0], [3174.25, 1099.0], [3178.0, 16.0], [3178.75, 40000.0]]}}}
{"jsonrpc": "2.0", "method": "subscription", "params": {"channel": "book.ETH-21NOV25.none.20.100ms", "data": {"timestamp": 1763171351457, "change_id": 96931718116, "instrument_name": "ETH-21NOV25", "bids": [[3161.75, 80.0], [3161.5, 6440.0], [3161.25, 1000.0], [3159.75, 299.0], [3159.5, 1000.0], [3159.25, 3696.0], [3159.0, 12382.0], [3158.5, 6247.0], [3158.25, 20928.0], [3157.75, 4208.0], [3157.5, 14096.0], [3157.0, 24785.0], [3156.75, 448.0], [3156.5, 1500.0], [3154.0, 613.0], [3153.75, 4398.0], [3153.5, 1499.0], [3152.25, 25390.0], [3151.5, 11.0], [3151.25, 40000.0]], "asks": [[3162.75, 1875.0], [3163.0, 6440.0], [3164.0, 7044.0], [3164.25, 24660.0], [3164.5, 80.0], [3164.75, 7502.0], [3165.0, 36151.0], [3165.25, 49412.0], [3166.0, 30.0], [3166.75, 14174.0], [3168.0, 30.0], [3169.0, 30.0], [3170.5, 40000.0], [3171.0, 30.0], [3171.5, 49830.0], [3171.75, 400.0], [3174.25, 1099.0], [3178.0, 16.0], [3178.75, 40000.0], [3180.0, 74987.0]]}}}
{"jsonrpc": "2.0", "method": "subscription", "params": {"channel": "book.ETH-21NOV25.none.20.100ms", "data": {"timestamp": 1763171351892, "change_id": 96931718763, "instrument_name": "ETH-21NOV25", "bids": [[3161.75, 80.0], [3161.5, 6440.0], [3160.0, 3696.0], [3159.75, 12681.0], [3159.5, 1000.0], [3158.5, 6247.0], [3158.25, 20928.0], [3157.75, 4208.0], [3157.5, 14096.0], [3157.25, 24785.0], [3156.75, 448.0], [3156.5, 1500.0], [3154.0, 613.0], [3153.75, 4398.0], [3153.5, 1499.0], [3152.25, 25390.0], [3151.5, 11.0], [3151.25, 40000.0], [3151.0, 2.0], [3150.25, 17592.0]], "asks": [[3162.75, 1875.0], [3163.0, 6440.0], [3164.0, 7124.0], [3164.25, 24660.0], [3164.75, 7502.0], [3165.0, 36151.0], [3165.25, 49412.0], [3166.0, 30.0], [3166.75, 14174.0], [3168.0, 30.0], [3169.0, 30.0], [3170.5, 40000.0], [3171.0, 30.0], [3171.5, 49830.0], [3171.75, 400.0], [3174.25, 1099.0], [3178.0, 16.0], [3178.75, 40000.0], [3180.0, 74987.0], [3182.25, 4398.0]]}}}
{"jsonrpc": "2.0", "method": "subscription", "params": {"channel": "book.ETH-21NOV25.none.20.100ms", "data": {"timestamp": 1763171352273, "change_id": 96931719193, "instrument_name": "ETH-21NOV25", "bids": [[3161.75, 80.0], [3161.5, 6440.0], [3160.0, 3696.0], [3159.75, 12681.0], [3159.5, 1000.0], [3158.5, 6247.0], [3158.25, 20928.0], [3157.75, 4208.0], [3157.5, 14096.0], [3157.25, 24785.0], [3156.75, 448.0], [3156.5, 1500.0], [3154.0, 613.0], [3153.75, 4398.0], [3153.5, 1499.0], [3152.25, 25390.0], [3151.5, 11.0], [3151.25, 40000.0], [3151.0, 2.0], [3150.25, 17592.0]], "asks": [[3162.5, 373.0], [3162.75, 3125.0], [3163.0, 5190.0], [3164.0, 7124.0], [3164.25, 24660.0], [3164.75, 7502.0], [3165.0, 36151.0], [3165.25, 49412.0], [3166.0, 30.0], [3166.75, 14174.0], [3168.0, 30.0], [3169.0, 30.0], [3170.5, 40000.0], [3171.0, 30.0], [3171.5, 49830.0], [3171.75, 400.0], [3174.25, 1099.0], [3178.0, 16.0], [3178.75, 40000.0], [3180.0, 74987.0]]}}}
{"jsonrpc": "2.0", "method": "subscription", "params": {"channel": "book.ETH-21NOV25.none.20.100ms", "data": {"timestamp": 1763171352887, "change_id": 96931721505, "instrument_name": "ETH-21NOV25", "bids": [[3161.0, 80.0], [3160.75, 1000.0], [3160.5, 5190.0], [3159.0, 12382.0], [3158.5, 6247.0], [3158.25, 20928.0], [3157.75, 4208.0], [3157.5, 14096.0], [3156.75, 25233.0], [3156.5, 1500.0], [3154.0, 1234.0], [3153.75, 4398.0], [3153.5, 1499.0], [3152.25, 25390.0], [3151.5, 11.0], [3151.25, 40000.0], [3151.0, 2.0], [3150.25, 17592.0], [3150.0, 49807.0], [3147.5, 49335.0]], "asks": [[3161.75, 1549.0], [3162.0, 5190.0], [3162.5, 373.0], [3162.75, 1250.0], [3163.0, 80.0], [3164.0, 7044.0], [3164.25, 24660.0], [3164.75, 7502.0], [3165.0, 36151.0], [3165.25, 63470.0], [3166.0, 30.0], [3168.0, 30.0], [3169.0, 30.0], [3170.5, 40000.0], [3171.0, 30.0], [3171.5, 49830.0], [3171.75, 400.0], [3174.25, 1099.0], [3178.0, 16.0], [3178.75, 40000.0]]}}}
{"jsonrpc": "2.0", "method": "subscription", "params": {"channel": "book.ETH-21NOV25.none.20.100ms", "data": {"timestamp": 1763171353199, "change_id": 96931722704, "instrument_name": "ETH-21NOV25", "bids": [[3161.0, 80.0], [3160.5, 5190.0], [3158.75, 12382.0], [3158.5, 6247.0], [3158.25, 20928.0], [3157.75, 4208.0], [3157.5, 14096.0], [3156.75, 448.0], [3156.5, 1500.0], [3154.25, 24785.0], [3154.0, 1234.0], [3153.75, 4398.0], [3153.5, 1499.0], [3152.25, 25390.0], [3151.5, 11.0], [3151.25, 40000.0], [3151.0, 2.0], [3150.25, 17592.0], [3150.0, 49807.0], [3147.5, 49335.0]], "asks": [[3161.75, 1549.0], [3162.0, 6440.0], [3163.0, 80.0], [3164.0, 7044.0], [3164.25, 24660.0], [3164.75, 7502.0], [3165.0, 36151.0], [3165.25, 63470.0], [3166.0, 30.0], [3168.0, 30.0], [3169.0, 30.0], [3170.5, 40000.0], [3171.0, 30.0], [3171.5, 49830.0], [3171.75, 400.0], [3174.25, 1099.0], [3178.0, 16.0], [3178.75, 40000.0], [3180.0, 74987.0], [3182.25, 4398.0]]}}}
{"jsonrpc": "2.0", "method": "subscription", "params": {"channel": "book.ETH-21NOV25.none.20.100ms", "data": {"timestamp": 1763171353369, "change_id": 96931723199, "instrument_name": "ETH-21NOV25", "bids": [[3161.0, 80.0], [3160.5, 6440.0], [3158.75, 12382.0], [3158.5, 6247.0], [3158.25, 20928.0], [3157.75, 4208.0], [3157.5, 14096.0], [3156.75, 448.0], [3156.5, 1500.0], [3154.25, 24785.0], [3154.0, 1234.0], [3153.75, 4398.0], [3153.5, 1499.0], [3152.25, 25390.0], [3151.5, 11.0], [3151.25, 40000.0], [3151.0, 2.0], [3150.25, 17592.0], [3150.0, 49807.0], [3147.5, 49335.0]], "asks": [[3161.5, 5563.0], [3161.75, 1250.0], [3163.0, 80.0], [3164.0, 7044.0], [3164.25, 24660.0], [3164.75, 7502.0], [3165.0, 36151.0], [3165.25, 63470.0], [3166.0, 30.0], [3168.0, 30.0], [3169.0, 30.0], [3170.5, 40000.0], [3171.0, 30.0], [3171.5, 49830.0], [3171.75, 400.0], [3174.25, 1099.0], [3178.0, 16.0], [3178.75, 40000.0], [3180.0, 74987.0], [3182.25, 4398.0]]}}}
{"jsonrpc": "2.0", "method": "subscription", "params": {"channel": "book.ETH-21NOV25.none.20.100ms", "data": {"timestamp": 1763171353880, "change_id": 96931724313, "instrument_name": "ETH-21NOV25", "bids": [[3160.25, 2330.0], [3160.0, 5190.0], [3159.5, 299.0], [3159.25, 1000.0], [3159.0, 3696.0], [3158.75, 12382.0], [3158.5, 6247.0], [3158.25, 20928.0], [3157.75, 4208.0], [3157.5, 14096.0], [3156.75, 448.0], [3156.5, 1500.0], [3155.0, 4389.0], [3154.75, 24785.0], [3154.0, 1234.0], [3153.75, 4845.0], [3153.5, 1499.0], [3152.25, 25390.0], [3151.5, 11.0], [3151.25, 40000.0]], "asks": [[3161.25, 1550.0], [3161.5, 5563.0], [3161.75, 1250.0], [3162.5, 80.0], [3164.0, 7044.0], [3164.25, 24660.0], [3164.75, 7502.0], [3165.0, 36151.0], [3165.25, 63470.0], [3166.0, 30.0], [3168.0, 30.0], [3169.0, 30.0], [3170.5, 40000.0], [3171.0, 30.0], [3171.5, 49830.0], [3171.75, 400.0], [3174.25, 1099.0], [3175.25, 74987.0], [3178.0, 16.0], [3178.75, 40000.0]]}}}
{"jsonrpc": "2.0", "method": "subscription", "params": {"channel": "book.ETH-21NOV25.none.20.100ms", "data": {"timestamp": 1763171354103, "change_id": 96931724833, "instrument_name": "ETH-21NOV25", "bids": [[3160.25, 1330.0], [3160.0, 5190.0], [3159.5, 299.0], [3159.25, 1000.0], [3158.5, 6247.0], [3158.25, 20928.0], [3157.25, 3359.0], [3157.0, 12382.0], [3156.75, 448.0], [3156.5, 1500.0], [3156.0, 7398.0], [3155.75, 24785.0], [3155.25, 14250.0], [3154.0, 1233.0], [3153.75, 4845.0], [3153.5, 1499.0], [3152.25, 25390.0], [3151.5, 11.0], [3151.25, 40000.0], [3151.0, 2.0]], "asks": [[3161.25, 1550.0], [3161.5, 6440.0], [3162.5, 80.0], [3163.5, 7502.0], [3163.75, 25132.0], [3164.0, 7044.0], [3164.25, 24660.0], [3165.0, 11019.0], [3165.25, 63470.0], [3166.0, 30.0], [3168.0, 30.0], [3169.0, 30.0], [3170.5, 40000.0], [3171.0, 30.0], [3171.5, 49830.0], [3171.75, 400.0], [3174.25, 1099.0], [3175.25, 74987.0], [3178.0, 16.0], [3178.75, 40000.0]]}}}
{"jsonrpc": "2.0", "method": "subscription", "params": {"channel": "book.ETH-21NOV25.none.20.100ms", "data": {"timestamp": 1763171354328, "change_id": 96931725337, "instrument_name": "ETH-21NOV25", "bids": [[3160.25, 1330.0], [3160.0, 5190.0], [3159.5, 299.0], [3159.25, 1000.0], [3158.5, 6247.0], [3158.25, 20928.0], [3157.5, 3905.0], [3157.25, 18056.0], [3157.0, 12382.0], [3156.75, 448.0], [3156.5, 1500.0], [3156.0, 7398.0], [3155.75, 24785.0], [3154.0, 1233.0], [3153.75, 4845.0], [3153.5, 1499.0], [3152.25, 25390.0], [3151.5, 11.0], [3151.25, 40000.0], [3151.0, 2.0]], "asks": [[3161.25, 1550.0], [3161.5, 6440.0], [3162.5, 80.0], [3163.5, 7502.0], [3163.75, 25132.0], [3164.0, 7044.0], [3164.25, 24660.0], [3165.0, 11019.0], [3165.25, 63470.0], [3166.0, 30.0], [3168.0, 30.0], [3169.0, 30.0], [3170.5, 40000.0], [3171.0, 30.0], [3171.5, 49830.0], [3171.75, 400.0], [3174.25, 1099.0], [3175.25, 74987.0], [3178.0, 16.0], [3178.75, 40000.0]]}}}
{"jsonrpc": "2.0", "method": "subscription", "params": {"channel": "book.ETH-21NOV25.none.20.100ms", "data": {"timestamp": 1763171354795, "change_id": 96931726676, "instrument_name": "ETH-21NOV25", "bids": [[3161.0, 5190.0], [3160.75, 80.0], [3160.5, 2647.0], [3160.25, 299.0], [3160.0, 1000.0], [3159.75, 3474.0], [3159.5, 17283.0], [3158.5, 6247.0], [3158.25, 20928.0], [3157.5, 3905.0], [3157.25, 14697.0], [3156.75, 448.0], [3156.5, 1500.0], [3154.0, 1233.0], [3153.75, 4845.0], [3153.5, 1499.0], [3152.25, 25390.0], [3151.5, 11.0], [3151.25, 40000.0], [3151.0, 2.0]], "asks": [[3162.0, 1875.0], [3162.25, 6440.0], [3163.25, 80.0], [3163.5, 7502.0], [3163.75, 27620.0], [3164.0, 24660.0], [3165.0, 4196.0], [3165.25, 14058.0], [3166.0, 6019.0], [3166.25, 49412.0], [3168.0, 30.0], [3169.0, 30.0], [3170.25, 9218.0], [3170.5, 40000.0], [3171.0, 30.0], [3171.5, 49830.0], [3171.75, 400.0], [3174.25, 1099.0], [3175.25, 74987.0], [3178.0, 16.0]]}}}
{"jsonrpc": "2.0", "method": "subscription", "params": {"channel": "book.ETH-21NOV25.none.20.100ms", "data": {"timestamp": 1763171355049, "change_id": 96931727218, "instrument_name": "ETH-21NOV25", "bids": [[3160.75, 80.0], [3160.5, 7440.0], [3160.25, 299.0], [3160.0, 1000.0], [3159.0, 3696.0], [3158.75, 12382.0], [3158.5, 6247.0], [3158.25, 20928.0], [3157.5, 3905.0], [3157.25, 14697.0], [3156.75, 448.0], [3156.5, 1500.0], [3154.5, 4692.0], [3154.25, 24785.0], [3154.0, 1233.0], [3153.75, 4845.0], [3153.5, 1499.0], [3152.25, 25390.0], [3151.5, 11.0], [3151.25, 40000.0]], "asks": [[3161.5, 1550.0], [3161.75, 5563.0], [3162.0, 1250.0], [3163.25, 80.0], [3163.5, 7502.0], [3163.75, 27620.0], [3164.0, 24660.0], [3165.0, 4196.0], [3165.25, 14058.0], [3166.0, 6019.0], [3166.25, 49412.0], [3168.0, 30.0], [3169.0, 30.0], [3170.25, 9218.0], [3170.5, 40000.0], [3171.0, 30.0], [3171.5, 49830.0], [3171.75, 400.0], [3174.25, 1099.0], [3175.25, 74987.0]]}}}
{"jsonrpc": "2.0", "method": "subscription", "params": {"channel": "book.ETH-21NOV25.none.20.100ms", "data": {"timestamp": 1763171355483, "change_id": 96931728231, "instrument_name": "ETH-21NOV25", "bids": [[3160.75, 1330.0], [3160.5, 6190.0], [3160.25, 299.0], [3160.0, 1000.0], [3159.0, 3696.0], [3158.75, 12382.0], [3158.5, 6247.0], [3158.25, 20928.0], [3157.5, 3905.0], [3157.25, 14697.0], [3156.75, 448.0], [3156.5, 1500.0], [3154.5, 4692.0], [3154.25, 24785.0], [3154.0, 1233.0], [3153.75, 4845.0], [3153.5, 1499.0], [3152.25, 25390.0], [3151.5, 11.0], [3151.25, 40000.0]], "asks": [[3161.5, 1550.0], [3161.75, 5563.0], [3162.0, 1250.0], [3163.25, 80.0], [3163.5, 7502.0], [3163.75, 27620.0], [3164.0, 24660.0], [3165.0, 4196.0], [3165.25, 14058.0], [3166.0, 6019.0], [3166.25, 49412.0], [3168.0, 30.0], [3169.0, 30.0], [3170.25, 9218.0], [3170.5, 40000.0], [3171.0, 30.0], [3171.5, 49830.0], [3171.75, 400.0], [3174.25, 1099.0], [3175.25, 74987.0]]}}}
{"jsonrpc": "2.0", "method": "subscription", "params": {"channel": "book.ETH-21NOV25.none.20.100ms", "data": {"timestamp": 1763171355702, "change_id": 96931728446, "instrument_name": "ETH-21NOV25", "bids": [[3160.75, 2330.0], [3160.5, 5190.0], [3159.0, 3696.0], [3158.75, 12382.0], [3158.5, 6247.0], [3158.25, 20928.0], [3157.5, 3905.0], [3157.25, 14697.0], [3156.75, 448.0], [3156.5, 1500.0], [3154.5, 4692.0], [3154.25, 24785.0], [3154.0, 1233.0], [3153.75, 4845.0], [3153.5, 1499.0], [3152.25, 25390.0], [3151.5, 11.0], [3151.25, 40000.0], [3151.0, 2.0], [3150.25, 17592.0]], "asks": [[3161.5, 1550.0], [3161.75, 5563.0], [3162.0, 1250.0], [3163.25, 80.0], [3163.5, 7502.0], [3163.75, 27620.0], [3164.0, 24660.0], [3165.0, 4196.0], [3165.25, 14058.0], [3166.0, 6019.0], [3166.25, 49412.0], [3168.0, 30.0], [3169.0, 30.0], [3170.25, 9218.0], [3170.5, 40000.0], [3171.0, 30.0], [3171.5, 49830.0], [3171.75, 400.0], [3174.25, 1099.0], [3175.25, 74987.0]]}}}
{"jsonrpc": "2.0", "method": "subscription", "params": {"channel": "book.ETH-21NOV25.none.20.100ms", "data": {"timestamp": 1763171357746, "change_id": 96931731523, "instrument_name": "ETH-21NOV25", "bids": [[3160.75, 1330.0], [3160.5, 5190.0], [3159.0, 3696.0], [3158.75, 12382.0], [3158.5, 6247.0], [3158.25, 20928.0], [3157.5, 3905.0], [3157.25, 14697.0], [3156.75, 448.0], [3156.5, 1500.0], [3154.5, 4692.0], [3154.25, 24785.0], [3154.0, 1233.0], [3153.75, 4845.0], [3153.5, 1499.0], [3152.25, 25390.0], [3151.5, 11.0], [3151.25, 40000.0], [3151.0, 2.0], [3150.25, 17592.0]], "asks": [[3161.5, 1550.0], [3161.75, 5563.0], [3162.0, 1250.0], [3163.25, 80.0], [3163.5, 7502.0], [3163.75, 27620.0], [3164.0, 24660.0], [3165.0, 4196.0], [3165.25, 14058.0], [3166.0, 6019.0], [3166.25, 49412.0], [3168.0, 30.0], [3169.0, 30.0], [3170.25, 9218.0], [3170.5, 40000.0], [3171.0, 30.0], [3171.5, 49830.0], [3171.75, 400.0], [3174.25, 1099.0], [3175.25, 74987.0]]}}}
{"jsonrpc": "2.0", "method": "subscription", "params": {"channel": "book.ETH-21NOV25.none.20.100ms", "data": {"timestamp": 1763171358790, "change_id": 96931733135, "instrument_name": "ETH-21NOV25", "bids": [[3160.75, 2775.0], [3160.5, 5190.0], [3159.0, 3696.0], [3158.75, 12382.0], [3158.5, 6247.0], [3158.25, 20928.0], [3157.5, 3905.0], [3157.25, 14697.0], [3156.75, 448.0], [3156.5, 1500.0], [3154.5, 4692.0], [3154.25, 24785.0], [3154.0, 1233.0], [3153.75, 4845.0], [3153.5, 1499.0], [3152.25, 25390.0], [3151.5, 11.0], [3151.25, 40000.0], [3151.0, 2.0], [3150.25, 17592.0]], "asks": [[3161.75, 373.0], [3162.0, 2799.0], [3162.25, 5190.0], [3163.25, 80.0], [3163.5, 7502.0], [3163.75, 27620.0], [3164.0, 24660.0], [3165.0, 4196.0], [3165.25, 14058.0], [3166.0, 6019.0], [3166.25, 49412.0], [3168.0, 30.0], [3169.0, 30.0], [3170.25, 9218.0], [3170.5, 40000.0], [3171.0, 30.0], [3171.5, 49830.0], [3171.75, 400.0], [3174.25, 1099.0], [3175.25, 74987.0]]}}}
{"jsonrpc": "2.0", "method": "subscription", "params": {"channel": "book.ETH-21NOV25.none.20.100ms", "data": {"timestamp": 1763171359026, "change_id": 96931733482, "instrument_name": "ETH-21NOV25", "bids": [[3161.25, 80.0], [3161.0, 1250.0], [3160.75, 1899.0], [3160.5, 5190.0], [3160.25, 1545.0], [3160.0, 15368.0], [3159.0, 3696.0], [3158.75, 12382.0], [3158.5, 6247.0], [3158.25, 20928.0], [3157.5, 3905.0], [3157.25, 14697.0], [3156.75, 448.0], [3156.5, 1500.0], [3154.5, 4692.0], [3154.25, 24785.0], [3154.0, 1233.0], [3153.75, 4845.0], [3153.5, 1499.0], [3152.25, 25390.0]], "asks": [[3162.0, 1549.0], [3162.25, 6440.0], [3163.25, 80.0], [3163.5, 7502.0], [3163.75, 27620.0], [3164.0, 24660.0], [3165.0, 4196.0], [3165.25, 14058.0], [3166.0, 6019.0], [3166.25, 49412.0], [3168.0, 30.0], [3169.0, 30.0], [3170.25, 9218.0], [3170.5, 40000.0], [3171.0, 30.0], [3171.5, 49830.0], [3171.75, 400.0], [3174.25, 1099.0], [3175.25, 74987.0], [3178.0, 16.0]]}}}
{"jsonrpc": "2.0", "method": "subscription", "params": {"channel": "book.ETH-21NOV25.none.20.100ms", "data": {"timestamp": 1763171359457, "change_id": 96931734162, "instrument_name": "ETH-21NOV25", "bids": [[3161.25, 80.0], [3161.0, 1250.0], [3160.75, 1000.0], [3160.5, 5190.0], [3160.25, 1545.0], [3160.0, 15368.0], [3159.25, 3696.0], [3159.0, 12382.0], [3158.5, 6247.0], [3158.25, 20928.0], [3157.5, 3905.0], [3157.25, 14697.0], [3156.75, 25233.0], [3156.5, 1500.0], [3154.0, 1233.0], [3153.75, 4845.0], [3153.5, 1499.0], [3152.25, 25390.0], [3151.5, 11.0], [3151.25, 40000.0]], "asks": [[3162.0, 1549.0], [3162.25, 6440.0], [3163.25, 80.0], [3163.5, 7502.0], [3163.75, 27620.0], [3164.0, 24660.0], [3165.0, 4196.0], [3165.25, 14058.0], [3166.0, 6019.0], [3166.25, 49412.0], [3168.0, 30.0], [3169.0, 30.0], [3170.25, 9218.0], [3170.5, 40000.0], [3171.0, 30.0], [3171.5, 49830.0], [3171.75, 400.0], [3174.25, 1099.0], [3175.25, 74987.0], [3178.0, 16.0]]}}}
{"jsonrpc": "2.0", "method": "subscription", "params": {"channel": "book.ETH-21NOV25.none.20.100ms", "data": {"timestamp": 1763171360478, "change_id": 96931735856, "instrument_name": "ETH-21NOV25", "bids": [[3160.5, 5270.0], [3160.25, 1545.0], [3160.0, 15368.0], [3159.25, 3696.0], [3159.0, 12382.0], [3158.5, 6247.0], [3158.25, 20928.0], [3157.5, 3905.0], [3157.25, 14697.0], [3156.75, 25233.0], [3156.5, 1500.0], [3154.25, 373.0], [3154.0, 2483.0], [3153.75, 4845.0], [3153.5, 1499.0], [3152.25, 25390.0], [3151.5, 11.0], [3151.25, 40000.0], [3151.0, 2.0], [3150.25, 17592.0]], "asks": [[3161.75, 373.0], [3162.0, 2799.0], [3162.25, 5190.0], [3163.25, 80.0], [3163.5, 7502.0], [3163.75, 27620.0], [3164.0, 24660.0], [3165.0, 4196.0], [3165.25, 14058.0], [3166.0, 6019.0], [3166.25, 49412.0], [3168.0, 30.0], [3169.0, 30.0], [3170.25, 9218.0], [3170.5, 40000.0], [3171.0, 30.0], [3171.5, 49830.0], [3171.75, 400.0], [3174.25, 1099.0], [3175.25, 74987.0]]}}}
{"jsonrpc": "2.0", "method": "subscription", "params": {"channel": "book.ETH-21NOV25.none.20.100ms", "data": {"timestamp": 1763171360656, "change_id": 96931736044, "instrument_name": "ETH-21NOV25", "bids": [[3160.75, 1000.0], [3160.5, 5270.0], [3159.25, 3696.0], [3159.0, 12382.0], [3158.5, 6247.0], [3158.25, 20928.0], [3157.5, 3905.0], [3157.25, 14697.0], [3156.75, 25233.0], [3156.5, 1500.0], [3154.5, 1250.0], [3154.0, 1233.0], [3153.75, 4845.0], [3153.5, 1499.0], [3152.25, 25390.0], [3151.5, 11.0], [3151.25, 40000.0], [3151.0, 2.0], [3150.25, 17592.0], [3150.0, 49807.0]], "asks": [[3161.5, 1550.0], [3161.75, 5563.0], [3162.0, 1250.0], [3162.75, 80.0], [3163.5, 7502.0], [3163.75, 27620.0], [3164.0, 24660.0], [3165.0, 4196.0], [3165.25, 14058.0], [3166.0, 6019.0], [3166.25, 49412.0], [3168.0, 30.0], [3169.0, 30.0], [3170.25, 9218.0], [3170.5, 40000.0], [3171.0, 30.0], [3171.5, 49830.0], [3171.75, 400.0], [3174.25, 1099.0], [3175.25, 74987.0]]}}}
{"jsonrpc": "2.0", "method": "subscription", "params": {"channel": "book.ETH-21NOV25.none.20.100ms", "data": {"timestamp": 1763171361135, "change_id": 96931736501, "instrument_name": "ETH-21NOV25", "bids": [[3160.5, 5270.0], [3160.0, 1535.0], [3159.75, 25437.0], [3159.25, 3696.0], [3159.0, 12382.0], [3158.5, 6247.0], [3158.25, 20928.0], [3157.5, 3905.0], [3157.25, 14697.0], [3156.75, 25233.0], [3156.5, 1500.0], [3155.75, 1250.0], [3154.0, 1233.0], [3153.75, 4845.0], [3153.5, 1499.0], [3152.25, 25390.0], [3151.5, 11.0], [3151.25, 40000.0], [3151.0, 2.0], [3150.25, 17592.0]], "asks": [[3161.5, 1550.0], [3161.75, 6813.0], [3162.75, 80.0], [3163.5, 7502.0], [3163.75, 27620.0], [3164.0, 24660.0], [3165.0, 4196.0], [3165.25, 14058.0], [3166.0, 6019.0], [3166.25, 49412.0], [3168.0, 30.0], [3169.0, 30.0], [3170.25, 9218.0], [3170.5, 40000.0], [3171.0, 30.0], [3171.5, 49830.0], [3171.75, 400.0], [3174.25, 1099.0], [3175.25, 74987.0], [3178.0, 16.0]]}}}
{"jsonrpc": "2.0", "method": "subscription", "params": {"channel": "book.ETH-21NOV25.none.20.100ms", "data": {"timestamp": 1763171361473, "change_id": 96931737865, "instrument_name": "ETH-21NOV25", "bids": [[3159.75, 5270.0], [3159.25, 3696.0], [3159.0, 12382.0], [3158.5, 6247.0], [3158.25, 20928.0], [3157.5, 3905.0], [3157.25, 14697.0], [3156.75, 448.0], [3156.5, 1500.0], [3155.75, 24785.0], [3155.5, 1250.0], [3154.0, 1233.0], [3153.75, 4726.0], [3153.5, 1099.0], [3152.25, 25390.0], [3151.5, 411.0], [3151.25, 40000.0], [3151.0, 2.0], [3150.25, 17592.0], [3150.0, 49807.0]], "asks": [[3161.0, 1550.0], [3161.25, 5563.0], [3161.5, 1250.0], [3162.25, 80.0], [3163.5, 7502.0], [3163.75, 30862.0], [3164.0, 24660.0], [3165.0, 4196.0], [3165.25, 14058.0], [3166.0, 6019.0], [3166.25, 49412.0], [3168.0, 30.0], [3169.0, 30.0], [3170.5, 40000.0], [3171.0, 30.0], [3171.5, 49830.0], [3171.75, 400.0], [3174.25, 1099.0], [3175.25, 74987.0], [3178.0, 16.0]]}}}
{"jsonrpc": "2.0", "method": "subscription", "params": {"channel": "book.ETH-21NOV25.none.20.100ms", "data": {"timestamp": 1763171361716, "change_id": 96931738409, "instrument_name": "ETH-21NOV25", "bids": [[3160.25, 1080.0], [3160.0, 1000.0], [3159.75, 5190.0], [3159.25, 3696.0], [3159.0, 12382.0], [3158.5, 6247.0], [3158.25, 20928.0], [3157.5, 3905.0], [3157.25, 14697.0], [3156.75, 448.0], [3156.5, 1500.0], [3155.75, 26035.0], [3154.0, 1233.0], [3153.75, 4726.0], [3153.5, 1099.0], [3152.25, 25390.0], [3151.5, 411.0], [3151.25, 40000.0], [3151.0, 2.0], [3150.25, 17592.0]], "asks": [[3161.0, 1550.0], [3161.25, 5563.0], [3161.5, 1250.0], [3162.25, 80.0], [3163.5, 7502.0], [3163.75, 30862.0], [3164.0, 24660.0], [3165.0, 4196.0], [3165.25, 14058.0], [3166.0, 6019.0], [3166.25, 49412.0], [3168.0, 30.0], [3169.0, 30.0], [3170.5, 40000.0], [3171.0, 30.0], [3171.5, 49830.0], [3171.75, 400.0], [3174.25, 1099.0], [3175.25, 74987.0], [3178.0, 16.0]]}}}
{"jsonrpc": "2.0", "method": "subscription", "params": {"channel": "book.ETH-21NOV25.none.20.100ms", "data": {"timestamp": 1763171362131, "change_id": 96931738972, "instrument_name": "ETH-21NOV25", "bids": [[3160.25, 1080.0], [3160.0, 1000.0], [3159.75, 5190.0], [3159.25, 3696.0], [3159.0, 12382.0], [3158.5, 6247.0], [3158.25, 20928.0], [3157.5, 3905.0], [3157.25, 14697.0], [3156.75, 448.0], [3156.5, 1500.0], [3156.25, 1250.0], [3155.75, 24785.0], [3154.0, 1233.0], [3153.75, 4726.0], [3153.5, 1099.0], [3152.25, 25390.0], [3151.5, 411.0], [3151.25, 40000.0], [3151.0, 2.0]], "asks": [[3161.0, 1550.0], [3161.25, 5563.0], [3161.5, 1250.0], [3162.25, 80.0], [3163.5, 7502.0], [3163.75, 30862.0], [3164.0, 24660.0], [3165.0, 4196.0], [3165.25, 14058.0], [3166.0, 6019.0], [3166.25, 49412.0], [3168.0, 30.0], [3169.0, 30.0], [3170.5, 40000.0], [3171.0, 30.0], [3171.5, 49830.0], [3171.75, 400.0], [3174.25, 1099.0], [3175.25, 74987.0], [3178.0, 16.0]]}}}
{"jsonrpc": "2.0", "method": "subscription", "params": {"channel": "book.ETH-21NOV25.none.20.100ms", "data": {"timestamp": 1763171362477, "change_id": 96931739578, "instrument_name": "ETH-21NOV25", "bids": [[3160.25, 1080.0], [3160.0, 1000.0], [3159.75, 5190.0], [3159.25, 3696.0], [3159.0, 12382.0], [3158.5, 6247.0], [3158.25, 20928.0], [3157.5, 3905.0], [3157.25, 14697.0], [3156.75, 1698.0], [3156.5, 1500.0], [3155.75, 24785.0], [3154.0, 1233.0], [3153.75, 4726.0], [3153.5, 1099.0], [3152.25, 25390.0], [3151.5, 411.0], [3151.25, 40000.0], [3151.0, 2.0], [3150.25, 17592.0]], "asks": [[3161.0, 1550.0], [3161.25, 5563.0], [3161.5, 1250.0], [3162.25, 80.0], [3163.5, 7502.0], [3163.75, 30862.0], [3164.0, 24660.0], [3165.0, 4196.0], [3165.25, 14058.0], [3166.0, 6019.0], [3166.25, 49412.0], [3168.0, 30.0], [3169.0, 30.0], [3170.5, 40000.0], [3171.0, 30.0], [3171.5, 49830.0], [3171.75, 400.0], [3174.25, 1099.0], [3175.25, 74987.0], [3178.0, 16.0]]}}}
{"jsonrpc": "2.0", "method": "subscription", "params": {"channel": "book.ETH-21NOV25.none.20.100ms", "data": {"timestamp": 1763171362677, "change_id": 96931739896, "instrument_name": "ETH-21NOV25", "bids": [[3160.25, 1080.0], [3160.0, 1000.0], [3159.75, 6745.0], [3159.5, 6969.0], [3159.25, 3696.0], [3159.0, 12382.0], [3158.5, 6247.0], [3158.25, 20928.0], [3157.5, 3905.0], [3157.25, 15947.0], [3156.75, 448.0], [3156.5, 1500.0], [3155.75, 24785.0], [3154.0, 1233.0], [3153.75, 4726.0], [3153.5, 1099.0], [3152.25, 25390.0], [3151.5, 411.0], [3151.25, 40000.0], [3151.0, 2.0]], "asks": [[3161.0, 1550.0], [3161.25, 5563.0], [3161.5, 1250.0], [3162.25, 80.0], [3163.5, 7502.0], [3163.75, 30862.0], [3164.0, 24660.0], [3165.0, 4196.0], [3165.25, 14058.0], [3166.0, 6019.0], [3166.25, 49412.0], [3168.0, 30.0], [3169.0, 30.0], [3170.5, 40000.0], [3171.0, 30.0], [3171.5, 49830.0], [3171.75, 400.0], [3174.25, 1099.0], [3175.25, 74987.0], [3178.0, 16.0]]}}}
{"jsonrpc": "2.0", "method": "subscription", "params": {"channel": "book.ETH-21NOV25.none.20.100ms", "data": {"timestamp": 1763171362983, "change_id": 96931740253, "instrument_name": "ETH-21NOV25", "bids": [[3160.25, 1080.0], [3160.0, 1000.0], [3159.75, 7330.0], [3159.5, 6969.0], [3159.25, 3696.0], [3159.0, 12382.0], [3158.5, 6247.0], [3158.25, 20928.0], [3157.5, 5155.0], [3157.25, 14697.0], [3156.75, 448.0], [3156.5, 1500.0], [3155.75, 24785.0], [3154.0, 1233.0], [3153.75, 4726.0], [3153.5, 1099.0], [3152.25, 25390.0], [3151.5, 411.0], [3151.25, 40000.0], [3151.0, 2.0]], "asks": [[3161.0, 1550.0], [3161.25, 5563.0], [3161.5, 1250.0], [3162.25, 80.0], [3163.5, 7502.0], [3163.75, 30862.0], [3164.0, 24660.0], [3165.0, 4196.0], [3165.25, 14058.0], [3166.0, 6019.0], [3166.25, 49412.0], [3168.0, 30.0], [3169.0, 30.0], [3170.5, 40000.0], [3171.0, 30.0], [3171.5, 49830.0], [3171.75, 400.0], [3174.25, 1099.0], [3175.25, 74987.0], [3178.0, 16.0]]}}}
{"jsonrpc": "2.0", "method": "subscription", "params": {"channel": "book.ETH-21NOV25.none.20.100ms", "data": {"timestamp": 1763171363409, "change_id": 96931741042, "instrument_name": "ETH-21NOV25", "bids": [[3160.25, 6537.0], [3160.0, 1299.0], [3159.75, 2140.0], [3159.5, 8468.0], [3159.25, 12382.0], [3158.5, 6247.0], [3158.25, 20928.0], [3157.75, 1250.0], [3157.5, 3905.0], [3157.25, 14697.0], [3156.75, 25233.0], [3156.5, 1500.0], [3154.0, 1233.0], [3153.75, 4726.0], [3153.5, 1099.0], [3152.25, 25390.0], [3151.5, 411.0], [3151.25, 40000.0], [3151.0, 2.0], [3150.25, 17592.0]], "asks": [[3161.5, 1550.0], [3161.75, 5563.0], [3162.0, 1250.0], [3163.0, 80.0], [3163.5, 7502.0], [3163.75, 30862.0], [3164.0, 24660.0], [3165.0, 4196.0], [3165.25, 14058.0], [3166.0, 6019.0], [3166.25, 49412.0], [3168.0, 30.0], [3169.0, 30.0], [3170.5, 40000.0], [3171.0, 30.0], [3171.5, 49830.0], [3171.75, 400.0], [3174.25, 1099.0], [3175.25, 74987.0], [3178.0, 16.0]]}}}
{"jsonrpc": "2.0", "method": "subscription", "params": {"channel": "book.ETH-21NOV25.none.20.100ms", "data": {"timestamp": 1763171363752, "change_id": 96931741692, "instrument_name": "ETH-21NOV25", "bids": [[3160.75, 80.0], [3160.25, 6190.0], [3160.0, 1299.0], [3159.75, 2140.0], [3159.5, 9468.0], [3159.25, 12382.0], [3158.5, 6247.0], [3158.25, 22178.0], [3157.5, 3905.0], [3157.25, 14697.0], [3156.75, 25233.0], [3156.5, 1500.0], [3154.0, 1233.0], [3153.75, 4726.0], [3153.5, 1099.0], [3152.25, 25390.0], [3151.5, 411.0], [3151.25, 40000.0], [3151.0, 2.0], [3150.25, 17592.0]], "asks": [[3161.5, 1550.0], [3161.75, 6813.0], [3163.0, 80.0], [3163.5, 7502.0], [3163.75, 30862.0], [3164.0, 24660.0], [3165.0, 4196.0], [3165.25, 14058.0], [3166.0, 6019.0], [3166.25, 49412.0], [3168.0, 30.0], [3169.0, 30.0], [3170.5, 40000.0], [3171.0, 30.0], [3171.5, 49830.0], [3171.75, 400.0], [3174.25, 1099.0], [3175.25, 74987.0], [3178.0, 16.0], [3178.75, 40000.0]]}}}
{"jsonrpc": "2.0", "method": "subscription", "params": {"channel": "book.ETH-21NOV25.none.20.100ms", "data": {"timestamp": 1763171364080, "change_id": 96931742012, "instrument_name": "ETH-21NOV25", "bids": [[3160.75, 80.0], [3160.25, 6428.0], [3160.0, 1299.0], [3159.75, 1299.0], [3159.5, 2499.0], [3159.25, 12382.0], [3158.75, 373.0], [3158.5, 7497.0], [3158.25, 20928.0], [3157.5, 3905.0], [3157.25, 14697.0], [3156.75, 25233.0], [3156.5, 1500.0], [3154.0, 1233.0], [3153.75, 4726.0], [3153.5, 1099.0], [3152.25, 25390.0], [3151.5, 411.0], [3151.25, 40000.0], [3151.0, 2.0]], "asks": [[3161.5, 1550.0], [3161.75, 6813.0], [3163.0, 80.0], [3163.5, 7502.0], [3163.75, 30862.0], [3164.0, 24660.0], [3165.0, 4196.0], [3165.25, 14058.0], [3166.0, 6019.0], [3166.25, 49412.0], [3168.0, 30.0], [3169.0, 30.0], [3170.5, 40000.0], [3171.0, 30.0], [3171.5, 49830.0], [3171.75, 400.0], [3174.25, 1099.0], [3175.25, 74987.0], [3178.0, 16.0], [3178.75, 40000.0]]}}}
{"jsonrpc": "2.0", "method": "subscription", "params": {"channel": "book.ETH-21NOV25.none.20.100ms", "data": {"timestamp": 1763171364278, "change_id": 96931742276, "instrument_name": "ETH-21NOV25", "bids": [[3160.75, 80.0], [3160.25, 6428.0], [3160.0, 1299.0], [3159.75, 1299.0], [3159.5, 2499.0], [3159.25, 12382.0], [3159.0, 373.0], [3158.75, 1250.0], [3158.5, 6247.0], [3158.25, 20928.0], [3157.5, 3905.0], [3157.25, 14697.0], [3156.75, 25233.0], [3156.5, 1500.0], [3154.0, 1233.0], [3153.75, 4726.0], [3153.5, 1099.0], [3152.25, 25390.0], [3151.5, 411.0], [3151.25, 40000.0]], "asks": [[3161.5, 1550.0], [3161.75, 6813.0], [3163.0, 80.0], [3163.5, 7502.0], [3163.75, 30862.0], [3164.0, 24660.0], [3165.0, 4196.0], [3165.25, 14058.0], [3166.0, 6019.0], [3166.25, 49412.0], [3168.0, 30.0], [3169.0, 30.0], [3170.5, 40000.0], [3171.0, 30.0], [3171.5, 49830.0], [3171.75, 400.0], [3174.25, 1099.0], [3175.25, 74987.0], [3178.0, 16.0], [3178.75, 40000.0]]}}}
{"jsonrpc": "2.0", "method": "subscription", "params": {"channel": "book.ETH-21NOV25.none.20.100ms", "data": {"timestamp": 1763171364498, "change_id": 96931742724, "instrument_name": "ETH-21NOV25", "bids": [[3160.75, 80.0], [3160.25, 6190.0], [3160.0, 1299.0], [3159.75, 1299.0], [3159.5, 2499.0], [3159.25, 12382.0], [3159.0, 373.0], [3158.75, 1250.0], [3158.5, 6247.0], [3158.25, 20928.0], [3157.5, 3905.0], [3157.25, 14697.0], [3156.75, 25233.0], [3156.5, 1500.0], [3154.0, 1233.0], [3153.75, 4726.0], [3153.5, 1099.0], [3152.25, 25390.0], [3151.5, 411.0], [3151.25, 40000.0]], "asks": [[3161.5, 1550.0], [3161.75, 6813.0], [3163.0, 80.0], [3163.5, 7502.0], [3163.75, 30862.0], [3164.0, 24660.0], [3165.0, 4196.0], [3165.25, 14058.0], [3166.0, 6019.0], [3166.25, 49412.0], [3168.0, 30.0], [3169.0, 30.0], [3170.5, 40000.0], [3171.0, 30.0], [3171.5, 49830.0], [3171.75, 400.0], [3174.25, 1099.0], [3175.25, 74987.0], [3178.0, 16.0], [3178.75, 40000.0]]}}}
{"jsonrpc": "2.0", "method": "subscription", "params": {"channel": "book.ETH-21NOV25.none.20.100ms", "data": {"timestamp": 1763171365069, "change_id": 96931743343, "instrument_name": "ETH-21NOV25", "bids": [[3160.75, 80.0], [3160.25, 6489.0], [3160.0, 1299.0], [3159.75, 1299.0], [3159.5, 3446.0], [3159.25, 13632.0], [3158.5, 6247.0], [3158.25, 20928.0], [3157.5, 3905.0], [3157.25, 14697.0], [3156.75, 25233.0], [3156.5, 1500.0], [3154.0, 1233.0], [3153.75, 4726.0], [3153.5, 1099.0], [3152.25, 25390.0], [3151.5, 411.0], [3151.25, 40000.0], [3151.0, 2.0], [3150.25, 17592.0]], "asks": [[3161.5, 1550.0], [3161.75, 6813.0], [3163.0, 80.0], [3163.5, 7502.0], [3163.75, 30862.0], [3164.0, 24660.0], [3165.0, 4196.0], [3165.25, 14058.0], [3166.0, 6019.0], [3166.25, 49412.0], [3168.0, 30.0], [3169.0, 30.0], [3170.5, 40000.0], [3171.0, 30.0], [3171.5, 49830.0], [3171.75, 400.0], [3174.25, 1099.0], [3175.25, 74987.0], [3178.0, 16.0], [3178.75, 40000.0]]}}}
{"jsonrpc": "2.0", "method": "subscription", "params": {"channel": "book.ETH-21NOV25.none.20.100ms", "data": {"timestamp": 1763171365717, "change_id": 96931744375, "instrument_name": "ETH-21NOV25", "bids": [[3160.75, 80.0], [3160.25, 5190.0], [3160.0, 1299.0], [3159.75, 1633.0], [3159.5, 4696.0], [3159.25, 12382.0], [3158.5, 6247.0], [3158.25, 20928.0], [3157.5, 3905.0], [3157.25, 14697.0], [3156.75, 25233.0], [3156.5, 1500.0], [3154.0, 1233.0], [3153.75, 4726.0], [3153.5, 1099.0], [3152.25, 25390.0], [3151.5, 411.0], [3151.25, 40000.0], [3151.0, 2.0], [3150.25, 17592.0]], "asks": [[3161.5, 1550.0], [3161.75, 6813.0], [3163.0, 80.0], [3163.5, 7502.0], [3163.75, 30862.0], [3164.0, 24660.0], [3165.0, 4196.0], [3165.25, 14058.0], [3166.0, 6019.0], [3166.25, 49412.0], [3168.0, 30.0], [3169.0, 30.0], [3170.5, 40000.0], [3171.0, 30.0], [3171.5, 49830.0], [3171.75, 400.0], [3174.25, 1099.0], [3175.25, 74987.0], [3178.0, 16.0], [3178.75, 40000.0]]}}}
{"jsonrpc": "2.0", "method": "subscription", "params": {"channel": "book.ETH-21NOV25.none.20.100ms", "data": {"timestamp": 1763171366108, "change_id": 96931744827, "instrument_name": "ETH-21NOV25", "bids": [[3160.25, 5190.0], [3160.0, 1000.0], [3159.75, 1713.0], [3159.5, 4696.0], [3159.25, 12382.0], [3158.5, 6247.0], [3158.25, 20928.0], [3157.0, 14139.0], [3156.75, 25233.0], [3156.5, 1500.0], [3154.0, 1233.0], [3153.75, 4726.0], [3153.5, 1099.0], [3152.25, 25390.0], [3151.5, 411.0], [3151.25, 40000.0], [3151.0, 2.0], [3150.25, 17592.0], [3150.0, 49807.0], [3147.5, 49335.0]], "asks": [[3161.5, 1550.0], [3161.75, 6813.0], [3163.0, 80.0], [3163.5, 7502.0], [3163.75, 30862.0], [3164.0, 24660.0], [3165.0, 4196.0], [3165.25, 14058.0], [3166.0, 6019.0], [3166.25, 49412.0], [3168.0, 30.0], [3169.0, 30.0], [3170.5, 40000.0], [3171.0, 30.0], [3171.5, 49830.0], [3171.75, 400.0], [3174.25, 1099.0], [3175.25, 74987.0], [3178.0, 16.0], [3178.75, 40000.0]]}}}
{"jsonrpc": "2.0", "method": "subscription", "params": {"channel": "book.ETH-21NOV25.none.20.100ms", "data": {"timestamp": 1763171366287, "change_id": 96931745250, "instrument_name": "ETH-21NOV25", "bids": [[3160.0, 6190.0], [3159.75, 1713.0], [3159.5, 4696.0], [3159.25, 12382.0], [3158.5, 6247.0], [3158.25, 20928.0], [3157.0, 14258.0], [3156.75, 25233.0], [3156.5, 1500.0], [3154.0, 1233.0], [3153.75, 4726.0], [3153.5, 1099.0], [3152.25, 25390.0], [3151.5, 411.0], [3151.25, 40000.0], [3151.0, 2.0], [3150.25, 17592.0], [3150.0, 49807.0], [3147.5, 49335.0], [3146.25, 40000.0]], "asks": [[3161.0, 1550.0], [3161.25, 5563.0], [3161.5, 1250.0], [3162.5, 80.0], [3163.5, 7502.0], [3163.75, 30862.0], [3164.0, 24660.0], [3165.0, 4196.0], [3165.25, 14058.0], [3166.0, 6019.0], [3166.25, 49412.0], [3168.0, 30.0], [3169.0, 30.0], [3170.5, 40000.0], [3171.0, 30.0], [3171.5, 49830.0], [3171.75, 400.0], [3174.25, 1099.0], [3175.25, 74987.0], [3178.0, 16.0]]}}}
{"jsonrpc": "2.0", "method": "subscription", "params": {"channel": "book.ETH-21NOV25.none.20.100ms", "data": {"timestamp": 1763171366653, "change_id": 96931746026, "instrument_name": "ETH-21NOV25", "bids": [[3160.25, 1080.0], [3160.0, 6190.0], [3159.75, 1633.0], [3159.5, 30130.0], [3158.5, 6247.0], [3158.25, 20928.0], [3157.25, 12382.0], [3157.0, 14258.0], [3156.75, 448.0], [3156.5, 1500.0], [3154.5, 7398.0], [3154.25, 24785.0], [3154.0, 1233.0], [3153.75, 4726.0], [3153.5, 1099.0], [3152.25, 25390.0], [3151.5, 411.0], [3151.25, 40000.0], [3151.0, 2.0], [3150.25, 17592.0]], "asks": [[3161.0, 1550.0], [3161.25, 5563.0], [3161.5, 1250.0], [3162.5, 80.0], [3163.5, 7502.0], [3163.75, 30862.0], [3164.0, 24660.0], [3165.0, 4196.0], [3165.25, 14058.0], [3166.0, 6019.0], [3166.25, 49412.0], [3168.0, 30.0], [3169.0, 30.0], [3170.5, 40000.0], [3171.0, 30.0], [3171.5, 49830.0], [3171.75, 400.0], [3174.25, 1099.0], [3175.25, 74987.0], [3178.0, 16.0]]}}}
{"jsonrpc": "2.0", "method": "subscription", "params": {"channel": "book.ETH-21NOV25.none.20.100ms", "data": {"timestamp": 1763171366939, "change_id": 96931746316, "instrument_name": "ETH-21NOV25", "bids": [[3160.25, 1080.0], [3160.0, 6190.0], [3159.75, 1633.0], [3159.5, 2250.0], [3158.5, 6247.0], [3158.25, 20928.0], [3157.25, 15953.0], [3157.0, 14258.0], [3156.75, 448.0], [3156.5, 1500.0], [3154.5, 7398.0], [3154.25, 24785.0], [3154.0, 1233.0], [3153.75, 4726.0], [3153.5, 1099.0], [3152.25, 25390.0], [3151.5, 411.0], [3151.25, 40000.0], [3151.0, 2.0], [3150.25, 17592.0]], "asks": [[3161.0, 1550.0], [3161.25, 5563.0], [3161.5, 1250.0], [3162.5, 80.0], [3163.5, 7502.0], [3163.75, 30862.0], [3164.0, 24660.0], [3165.0, 4196.0], [3165.25, 14058.0], [3166.0, 6019.0], [3166.25, 49412.0], [3168.0, 30.0], [3169.0, 30.0], [3170.5, 40000.0], [3171.0, 30.0], [3171.5, 49830.0], [3171.75, 400.0], [3174.25, 1099.0], [3175.25, 74987.0], [3178.0, 16.0]]}}}
{"jsonrpc": "2.0", "method": "subscription", "params": {"channel": "book.ETH-21NOV25.none.20.100ms", "data": {"timestamp": 1763171367426, "change_id": 96931746983, "instrument_name": "ETH-21NOV25", "bids": [[3160.25, 1080.0], [3160.0, 6823.0], [3159.75, 2549.0], [3159.5, 1000.0], [3158.5, 6247.0], [3158.25, 20928.0], [3157.25, 15953.0], [3157.0, 14258.0], [3156.75, 448.0], [3156.5, 1500.0], [3154.5, 7398.0], [3154.25, 24785.0], [3154.0, 1233.0], [3153.75, 4726.0], [3153.5, 1099.0], [3152.25, 25390.0], [3151.5, 411.0], [3151.25, 40000.0], [3151.0, 2.0], [3150.25, 17592.0]], "asks": [[3161.0, 1550.0], [3161.25, 5190.0], [3161.5, 373.0], [3161.75, 1250.0], [3162.5, 80.0], [3163.5, 7502.0], [3163.75, 30862.0], [3164.0, 24660.0], [3165.0, 4196.0], [3165.25, 14058.0], [3166.0, 6019.0], [3166.25, 49412.0], [3168.0, 30.0], [3169.0, 30.0], [3170.5, 40000.0], [3171.0, 30.0], [3171.5, 49830.0], [3171.75, 400.0], [3174.25, 1099.0], [3175.25, 74987.0]]}}}
{"jsonrpc": "2.0", "method": "subscription", "params": {"channel": "book.ETH-21NOV25.none.20.100ms", "data": {"timestamp": 1763171367568, "change_id": 96931747284, "instrument_name": "ETH-21NOV25", "bids": [[3160.25, 1080.0], [3160.0, 6823.0], [3159.75, 3491.0], [3159.5, 25434.0], [3158.5, 6247.0], [3158.25, 20928.0], [3157.25, 15953.0], [3157.0, 14258.0], [3156.75, 448.0], [3156.5, 1500.0], [3154.5, 7398.0], [3154.25, 24785.0], [3154.0, 1233.0], [3153.75, 4726.0], [3153.5, 1099.0], [3152.25, 25390.0], [3151.5, 411.0], [3151.25, 40000.0], [3151.0, 2.0], [3150.25, 17592.0]], "asks": [[3161.0, 1550.0], [3161.25, 5190.0], [3161.5, 373.0], [3161.75, 1250.0], [3162.5, 80.0], [3163.5, 7502.0], [3163.75, 30862.0], [3164.0, 24660.0], [3165.0, 4196.0], [3165.25, 14058.0], [3166.0, 6019.0], [3166.25, 49412.0], [3168.0, 30.0], [3169.0, 30.0], [3170.5, 40000.0], [3171.0, 30.0], [3171.5, 49830.0], [3171.75, 400.0], [3174.25, 1099.0], [3175.25, 74987.0]]}}}
{"jsonrpc": "2.0", "method": "subscription", "params": {"channel": "book.ETH-21NOV25.none.20.100ms", "data": {"timestamp": 1763171368090, "change_id": 96931747670, "instrument_name": "ETH-21NOV25", "bids": [[3160.25, 1080.0], [3160.0, 6823.0], [3159.75, 3491.0], [3159.5, 25434.0], [3158.5, 6247.0], [3158.25, 20928.0], [3157.25, 15953.0], [3157.0, 14258.0], [3156.75, 448.0], [3156.5, 1500.0], [3154.5, 7398.0], [3154.25, 24785.0], [3154.0, 1233.0], [3153.75, 4726.0], [3153.5, 1099.0], [3152.25, 25390.0], [3151.5, 411.0], [3151.25, 40000.0], [3151.0, 2.0], [3150.25, 17592.0]], "asks": [[3161.25, 373.0], [3161.5, 2799.0], [3161.75, 5190.0], [3162.5, 80.0], [3163.5, 7502.0], [3163.75, 30862.0], [3164.0, 24660.0], [3165.0, 4196.0], [3165.25, 14058.0], [3166.0, 6019.0], [3166.25, 49412.0], [3168.0, 30.0], [3169.0, 30.0], [3170.5, 40000.0], [3171.0, 30.0], [3171.5, 49830.0], [3171.75, 400.0], [3174.25, 1099.0], [3175.25, 74987.0], [3178.0, 16.0]]}}}
{"jsonrpc": "2.0", "method": "subscription", "params": {"channel": "book.ETH-21NOV25.none.20.100ms", "data": {"timestamp": 1763171368426, "change_id": 96931748332, "instrument_name": "ETH-21NOV25", "bids": [[3160.0, 6190.0], [3159.75, 2250.0], [3159.5, 80.0], [3158.5, 6247.0], [3158.25, 20928.0], [3157.25, 15953.0], [3157.0, 14258.0], [3156.75, 448.0], [3156.5, 1500.0], [3154.5, 7398.0], [3154.25, 24785.0], [3154.0, 1233.0], [3153.75, 4726.0], [3153.5, 1099.0], [3152.25, 25390.0], [3151.5, 411.0], [3151.25, 40000.0], [3151.0, 2.0], [3150.25, 17592.0], [3150.0, 49807.0]], "asks": [[3161.25, 373.0], [3161.5, 1250.0], [3162.5, 80.0], [3163.5, 7502.0], [3163.75, 30862.0], [3164.0, 24660.0], [3165.0, 4196.0], [3165.25, 14058.0], [3166.0, 6019.0], [3166.25, 49412.0], [3168.0, 30.0], [3169.0, 30.0], [3170.5, 40000.0], [3171.0, 30.0], [3171.5, 49830.0], [3171.75, 400.0], [3174.25, 1099.0], [3175.25, 74987.0], [3178.0, 16.0], [3178.75, 40000.0]]}}}
{"jsonrpc": "2.0", "method": "subscription", "params": {"channel": "book.ETH-21NOV25.none.20.100ms", "data": {"timestamp": 1763171368569, "change_id": 96931748737, "instrument_name": "ETH-21NOV25", "bids": [[3160.0, 6270.0], [3159.75, 2250.0], [3159.0, 299.0], [3158.75, 1000.0], [3158.5, 6247.0], [3158.25, 20928.0], [3157.25, 15953.0], [3157.0, 14258.0], [3156.75, 448.0], [3156.5, 1500.0], [3154.5, 7398.0], [3154.25, 24785.0], [3154.0, 1233.0], [3153.75, 4726.0], [3153.5, 1099.0], [3152.25, 25390.0], [3151.5, 411.0], [3151.25, 40000.0], [3151.0, 2.0], [3150.25, 17592.0]], "asks": [[3161.0, 1550.0], [3161.25, 5563.0], [3161.5, 1250.0], [3162.5, 80.0], [3163.5, 7502.0], [3163.75, 30862.0], [3164.0, 24660.0], [3165.0, 4196.0], [3165.25, 14058.0], [3166.0, 6019.0], [3166.25, 49412.0], [3168.0, 30.0], [3169.0, 30.0], [3170.5, 40000.0], [3171.0, 30.0], [3171.5, 49830.0], [3171.75, 400.0], [3174.25, 1099.0], [3175.25, 74987.0], [3178.0, 16.0]]}}}
{"jsonrpc": "2.0", "method": "subscription", "params": {"channel": "book.ETH-21NOV25.none.20.100ms", "data": {"timestamp": 1763171369061, "change_id": 96931749165, "instrument_name": "ETH-21NOV25", "bids": [[3160.5, 80.0], [3160.25, 2250.0], [3160.0, 6190.0], [3159.5, 2099.0], [3159.25, 26433.0], [3159.0, 299.0], [3158.75, 1000.0], [3158.5, 6247.0], [3158.25, 20928.0], [3157.5, 3639.0], [3157.25, 15953.0], [3157.0, 14258.0], [3156.75, 448.0], [3156.5, 1500.0], [3154.5, 7398.0], [3154.25, 24785.0], [3154.0, 621.0], [3153.75, 4398.0], [3153.5, 1099.0], [3152.25, 25390.0]], "asks": [[3161.0, 1550.0], [3161.25, 5563.0], [3161.5, 1250.0], [3162.5, 80.0], [3163.5, 7502.0], [3163.75, 30862.0], [3164.0, 24660.0], [3165.0, 4196.0], [3165.25, 14058.0], [3166.0, 6019.0], [3166.25, 49412.0], [3168.0, 30.0], [3169.0, 30.0], [3170.5, 40000.0], [3171.0, 30.0], [3171.5, 49830.0], [3171.75, 400.0], [3174.25, 1099.0], [3175.25, 74987.0], [3178.0, 16.0]]}}}
{"jsonrpc": "2.0", "method": "subscription", "params": {"channel": "book.ETH-21NOV25.none.20.100ms", "data": {"timestamp": 1763171369302, "change_id": 96931749441, "instrument_name": "ETH-21NOV25", "bids": [[3160.5, 80.0], [3160.25, 2250.0], [3160.0, 6190.0], [3159.5, 299.0], [3159.25, 1000.0], [3159.0, 299.0], [3158.75, 1000.0], [3158.5, 6247.0], [3158.25, 20928.0], [3157.5, 3639.0], [3157.25, 15953.0], [3157.0, 14258.0], [3156.75, 448.0], [3156.5, 1500.0], [3154.5, 7398.0], [3154.25, 24785.0], [3154.0, 621.0], [3153.75, 4398.0], [3153.5, 1099.0], [3152.25, 25390.0]], "asks": [[3161.0, 1550.0], [3161.25, 5563.0], [3161.5, 1250.0], [3162.5, 80.0], [3163.5, 7502.0], [3163.75, 30862.0], [3164.0, 24660.0], [3165.0, 4196.0], [3165.25, 14058.0], [3166.0, 6019.0], [3166.25, 49412.0], [3168.0, 30.0], [3169.0, 30.0], [3170.5, 40000.0], [3171.0, 30.0], [3171.5, 49830.0], [3171.75, 400.0], [3174.25, 1099.0], [3175.25, 74987.0], [3178.0, 16.0]]}}}
{"jsonrpc": "2.0", "method": "subscription", "params": {"channel": "book.ETH-21NOV25.none.20.100ms", "data": {"timestamp": 1763171369665, "change_id": 96931750102, "instrument_name": "ETH-21NOV25", "bids": [[3160.5, 80.0], [3160.25, 2250.0], [3160.0, 5190.0], [3159.5, 299.0], [3159.25, 1000.0], [3159.0, 299.0], [3158.75, 1000.0], [3158.5, 7247.0], [3158.25, 20928.0], [3157.5, 3639.0], [3157.25, 15953.0], [3157.0, 14258.0], [3156.75, 448.0], [3156.5, 1500.0], [3154.5, 7398.0], [3154.25, 24785.0], [3154.0, 621.0], [3153.75, 4398.0], [3153.5, 1099.0], [3152.25, 25390.0]], "asks": [[3161.0, 1550.0], [3161.25, 5563.0], [3161.5, 1250.0], [3162.5, 80.0], [3163.5, 7502.0], [3163.75, 30862.0], [3164.0, 24660.0], [3165.0, 4196.0], [3165.25, 14058.0], [3166.0, 6019.0], [3166.25, 49412.0], [3168.0, 30.0], [3169.0, 30.0], [3170.5, 40000.0], [3171.0, 30.0], [3171.5, 49830.0], [3171.75, 400.0], [3174.25, 1099.0], [3175.25, 74987.0], [3178.0, 16.0]]}}}
{"jsonrpc": "2.0", "method": "subscription", "params": {"channel": "book.ETH-21NOV25.none.20.100ms", "data": {"timestamp": 1763171369981, "change_id": 96931750619, "instrument_name": "ETH-21NOV25", "bids": [[3160.5, 5270.0], [3160.25, 2250.0], [3159.5, 299.0], [3159.25, 1000.0], [3159.0, 299.0], [3158.75, 1299.0], [3158.5, 7247.0], [3158.25, 20928.0], [3157.5, 3639.0], [3157.25, 15953.0], [3157.0, 14258.0], [3156.75, 448.0], [3156.5, 1500.0], [3154.5, 7398.0], [3154.25, 24785.0], [3154.0, 621.0], [3153.75, 4398.0], [3153.5, 1099.0], [3152.25, 25390.0], [3151.5, 411.0]], "asks": [[3161.5, 1549.0], [3161.75, 5563.0], [3162.0, 1250.0], [3163.25, 80.0], [3163.5, 7502.0], [3163.75, 30862.0], [3164.0, 24660.0], [3165.0, 4196.0], [3165.25, 14058.0], [3166.0, 6019.0], [3166.25, 49412.0], [3168.0, 30.0], [3169.0, 30.0], [3170.5, 40000.0], [3171.0, 30.0], [3171.5, 49830.0], [3171.75, 400.0], [3174.25, 1099.0], [3175.25, 74987.0], [3178.0, 16.0]]}}}
{"jsonrpc": "2.0", "method": "subscription", "params": {"channel": "book.ETH-21NOV25.none.20.100ms", "data": {"timestamp": 1763171370398, "change_id": 96931751368, "instrument_name": "ETH-21NOV25", "bids": [[3160.5, 6520.0], [3160.25, 1000.0], [3160.0, 1982.0], [3159.75, 16983.0], [3159.5, 299.0], [3159.25, 1000.0], [3159.0, 299.0], [3158.75, 1299.0], [3158.5, 7247.0], [3158.25, 20928.0], [3157.75, 12382.0], [3157.25, 3571.0], [3157.0, 14258.0], [3156.75, 448.0], [3156.5, 1500.0], [3156.0, 24785.0], [3153.75, 4398.0], [3153.5, 1099.0], [3152.25, 25390.0], [3151.5, 411.0]], "asks": [[3161.5, 373.0], [3161.75, 3125.0], [3162.0, 5190.0], [3163.25, 80.0], [3163.5, 7502.0], [3163.75, 30862.0], [3164.0, 24660.0], [3165.0, 4196.0], [3165.25, 14058.0], [3166.0, 6019.0], [3166.25, 49412.0], [3168.0, 30.0], [3169.0, 30.0], [3170.5, 40000.0], [3171.0, 30.0], [3171.5, 49830.0], [3171.75, 400.0], [3174.25, 1099.0], [3175.25, 74987.0], [3178.0, 16.0]]}}}
{"jsonrpc": "2.0", "method": "subscription", "params": {"channel": "book.ETH-21NOV25.none.20.100ms", "data": {"timestamp": 1763171371291, "change_id": 96931752412, "instrument_name": "ETH-21NOV25", "bids": [[3160.5, 6520.0], [3160.25, 1000.0], [3160.0, 1982.0], [3159.75, 16983.0], [3159.5, 299.0], [3159.25, 1000.0], [3159.0, 299.0], [3158.75, 1299.0], [3158.5, 7247.0], [3158.25, 20928.0], [3157.75, 12382.0], [3157.25, 3571.0], [3157.0, 14258.0], [3156.75, 448.0], [3156.5, 1500.0], [3156.0, 24785.0], [3153.75, 4398.0], [3153.5, 1099.0], [3152.25, 25390.0], [3151.5, 411.0]], "asks": [[3161.5, 373.0], [3161.75, 3125.0], [3162.0, 5190.0], [3162.75, 80.0], [3163.5, 7502.0], [3163.75, 30862.0], [3164.0, 24660.0], [3165.0, 4196.0], [3165.25, 14058.0], [3166.0, 6019.0], [3166.25, 49412.0], [3168.0, 30.0], [3169.0, 30.0], [3170.5, 40000.0], [3171.0, 30.0], [3171.5, 49830.0], [3171.75, 400.0], [3174.25, 1099.0], [3175.25, 74987.0], [3178.0, 16.0]]}}}
{"jsonrpc": "2.0", "method": "subscription", "params": {"channel": "book.ETH-21NOV25.none.20.100ms", "data": {"timestamp": 1763171371526, "change_id": 96931752928, "instrument_name": "ETH-21NOV25", "bids": [[3160.5, 6520.0], [3160.25, 1000.0], [3159.5, 299.0], [3159.25, 1000.0], [3159.0, 299.0], [3158.75, 1299.0], [3158.5, 7247.0], [3158.25, 20928.0], [3157.75, 12382.0], [3157.25, 3571.0], [3157.0, 14258.0], [3156.75, 448.0], [3156.5, 1500.0], [3156.25, 5136.0], [3156.0, 24785.0], [3153.75, 4398.0], [3153.5, 1099.0], [3152.25, 25390.0], [3151.5, 411.0], [3151.25, 40000.0]], "asks": [[3161.5, 373.0], [3161.75, 3125.0], [3162.0, 5190.0], [3162.75, 80.0], [3163.5, 7502.0], [3163.75, 30862.0], [3164.0, 24660.0], [3165.0, 4196.0], [3165.25, 14058.0], [3166.0, 6019.0], [3166.25, 49412.0], [3168.0, 30.0], [3169.0, 30.0], [3170.5, 40000.0], [3171.0, 30.0], [3171.5, 49830.0], [3171.75, 400.0], [3174.25, 1099.0], [3175.25, 74987.0], [3178.0, 16.0]]}}}
{"jsonrpc": "2.0", "method": "subscription", "params": {"channel": "book.ETH-21NOV25.none.20.100ms", "data": {"timestamp": 1763171371883, "change_id": 96931753229, "instrument_name": "ETH-21NOV25", "bids": [[3160.5, 6520.0], [3160.25, 1000.0], [3160.0, 1685.0], [3159.75, 25436.0], [3159.5, 299.0], [3159.25, 1000.0], [3159.0, 299.0], [3158.75, 1299.0], [3158.5, 7247.0], [3158.25, 20928.0], [3158.0, 12382.0], [3157.25, 3571.0], [3157.0, 14258.0], [3156.75, 448.0], [3156.5, 1500.0], [3156.25, 5136.0], [3156.0, 24785.0], [3153.75, 4398.0], [3153.5, 1099.0], [3152.25, 25390.0]], "asks": [[3161.5, 373.0], [3161.75, 3125.0], [3162.0, 5190.0], [3162.75, 80.0], [3163.5, 7502.0], [3163.75, 30862.0], [3164.0, 24660.0], [3165.0, 4196.0], [3165.25, 14058.0], [3166.0, 6019.0], [3166.25, 49412.0], [3168.0, 30.0], [3169.0, 30.0], [3170.5, 40000.0], [3171.0, 30.0], [3171.5, 49830.0], [3171.75, 400.0], [3174.25, 1099.0], [3175.25, 74987.0], [3178.0, 16.0]]}}}
{"jsonrpc": "2.0", "method": "subscription", "params": {"channel": "book.ETH-21NOV25.none.20.100ms", "data": {"timestamp": 1763171372918, "change_id": 96931754450, "instrument_name": "ETH-21NOV25", "bids": [[3160.5, 6520.0], [3160.25, 1000.0], [3160.0, 1685.0], [3159.75, 25436.0], [3159.5, 299.0], [3159.25, 1000.0], [3159.0, 299.0], [3158.75, 1299.0], [3158.5, 7247.0], [3158.25, 20928.0], [3157.5, 12382.0], [3157.25, 3571.0], [3157.0, 14258.0], [3156.75, 448.0], [3156.5, 1500.0], [3156.25, 5136.0], [3156.0, 24785.0], [3153.75, 4398.0], [3153.5, 1099.0], [3152.25, 25390.0]], "asks": [[3161.5, 373.0], [3161.75, 3125.0], [3162.0, 5190.0], [3162.75, 80.0], [3163.5, 7502.0], [3163.75, 30862.0], [3164.0, 24660.0], [3165.0, 4196.0], [3165.25, 14058.0], [3166.0, 6019.0], [3166.25, 49412.0], [3168.0, 30.0], [3169.0, 30.0], [3170.5, 40000.0], [3171.0, 30.0], [3171.5, 49830.0], [3171.75, 400.0], [3174.25, 1099.0], [3175.25, 74987.0], [3178.0, 16.0]]}}}
{"jsonrpc": "2.0", "method": "subscription", "params": {"channel": "book.ETH-21NOV25.none.20.100ms", "data": {"timestamp": 1763171373260, "change_id": 96931754932, "instrument_name": "ETH-21NOV25", "bids": [[3160.75, 1250.0], [3160.5, 5569.0], [3160.25, 1000.0], [3160.0, 1685.0], [3159.75, 25436.0], [3159.5, 299.0], [3159.25, 1000.0], [3159.0, 299.0], [3158.75, 1299.0], [3158.5, 7247.0], [3158.25, 20928.0], [3157.5, 12382.0], [3157.25, 3571.0], [3157.0, 14258.0], [3156.75, 448.0], [3156.5, 1500.0], [3156.25, 5136.0], [3156.0, 24785.0], [3153.75, 4398.0], [3153.5, 1099.0]], "asks": [[3161.5, 373.0], [3161.75, 3125.0], [3162.0, 5190.0], [3162.75, 80.0], [3163.5, 7502.0], [3163.75, 30862.0], [3164.0, 24660.0], [3165.0, 4196.0], [3165.25, 14058.0], [3166.0, 6019.0], [3166.25, 49412.0], [3168.0, 30.0], [3169.0, 30.0], [3170.5, 40000.0], [3171.0, 30.0], [3171.5, 49830.0], [3171.75, 400.0], [3174.25, 1099.0], [3175.25, 74987.0], [3178.0, 16.0]]}}}
{"jsonrpc": "2.0", "method": "subscription", "params": {"channel": "book.ETH-21NOV25.none.20.100ms", "data": {"timestamp": 1763171373694, "change_id": 96931755984, "instrument_name": "ETH-21NOV25", "bids": [[3161.0, 5270.0], [3160.75, 1250.0], [3159.5, 299.0], [3159.25, 1000.0], [3159.0, 299.0], [3158.75, 1299.0], [3158.5, 7247.0], [3158.25, 20928.0], [3157.75, 3696.0], [3157.5, 12382.0], [3157.25, 3571.0], [3157.0, 14258.0], [3156.75, 448.0], [3156.5, 1500.0], [3156.25, 5136.0], [3156.0, 24785.0], [3153.75, 4398.0], [3153.5, 1099.0], [3152.25, 25390.0], [3151.5, 411.0]], "asks": [[3162.0, 373.0], [3162.25, 2799.0], [3162.5, 5190.0], [3163.5, 7582.0], [3163.75, 30862.0], [3164.0, 24660.0], [3165.0, 4196.0], [3165.25, 14058.0], [3166.0, 6019.0], [3166.25, 49412.0], [3168.0, 30.0], [3169.0, 30.0], [3170.5, 40000.0], [3171.0, 30.0], [3171.5, 49830.0], [3171.75, 400.0], [3174.25, 1099.0], [3175.25, 74987.0], [3178.0, 16.0], [3178.75, 40000.0]]}}}
{"jsonrpc": "2.0", "method": "subscription", "params": {"channel": "book.ETH-21NOV25.none.20.100ms", "data": {"timestamp": 1763171373954, "change_id": 96931756817, "instrument_name": "ETH-21NOV25", "bids": [[3161.0, 6520.0], [3160.25, 2445.0], [3160.0, 22549.0], [3159.5, 299.0], [3159.25, 1000.0], [3159.0, 299.0], [3158.75, 13681.0], [3158.5, 7247.0], [3158.25, 20928.0], [3157.25, 3571.0], [3157.0, 14258.0], [3156.75, 25233.0], [3156.5, 1500.0], [3153.75, 4398.0], [3153.5, 1099.0], [3152.25, 25390.0], [3151.5, 411.0], [3151.25, 40000.0], [3151.0, 2.0], [3150.25, 17592.0]], "asks": [[3162.25, 1549.0], [3162.5, 6440.0], [3163.5, 80.0], [3163.75, 5730.0], [3164.0, 24660.0], [3165.5, 7502.0], [3165.75, 25132.0], [3166.0, 6019.0], [3166.25, 49412.0], [3167.5, 13994.0], [3168.0, 30.0], [3169.0, 30.0], [3170.5, 40000.0], [3171.0, 30.0], [3171.5, 49830.0], [3171.75, 400.0], [3174.25, 1099.0], [3175.25, 74987.0], [3178.0, 16.0], [3178.75, 40000.0]]}}}
{"jsonrpc": "2.0", "method": "subscription", "params": {"channel": "book.ETH-21NOV25.none.20.100ms", "data": {"timestamp": 1763171374306, "change_id": 96931757477, "instrument_name": "ETH-21NOV25", "bids": [[3161.0, 1330.0], [3160.5, 5190.0], [3159.5, 299.0], [3159.25, 1000.0], [3159.0, 299.0], [3158.75, 13681.0], [3158.5, 7247.0], [3158.25, 20928.0], [3157.25, 3571.0], [3157.0, 14258.0], [3156.75, 25233.0], [3156.5, 1500.0], [3153.75, 4398.0], [3153.5, 1099.0], [3152.5, 17592.0], [3152.25, 25390.0], [3151.5, 411.0], [3151.25, 40000.0], [3151.0, 2.0], [3150.0, 49807.0]], "asks": [[3161.75, 1550.0], [3162.0, 5563.0], [3162.25, 1250.0], [3163.5, 80.0], [3163.75, 5730.0], [3164.0, 24660.0], [3165.25, 13841.0], [3165.5, 7502.0], [3165.75, 25132.0], [3166.0, 6019.0], [3166.25, 49412.0], [3168.0, 30.0], [3169.0, 30.0], [3170.5, 40000.0], [3171.0, 30.0], [3171.5, 49830.0], [3171.75, 400.0], [3174.25, 1099.0], [3175.25, 74987.0], [3178.0, 16.0]]}}}
{"jsonrpc": "2.0", "method": "subscription", "params": {"channel": "book.ETH-21NOV25.none.20.100ms", "data": {"timestamp": 1763171374564, "change_id": 96931758138, "instrument_name": "ETH-21NOV25", "bids": [[3161.0, 1330.0], [3160.5, 5190.0], [3159.5, 299.0], [3159.25, 1000.0], [3159.0, 3956.0], [3158.75, 13681.0], [3158.5, 7247.0], [3158.25, 20928.0], [3157.25, 3571.0], [3157.0, 14258.0], [3156.75, 25233.0], [3156.5, 1500.0], [3153.75, 4398.0], [3153.5, 1099.0], [3152.5, 17592.0], [3152.25, 25390.0], [3151.5, 411.0], [3151.25, 40000.0], [3151.0, 2.0], [3150.0, 49807.0]], "asks": [[3161.75, 1550.0], [3162.0, 5563.0], [3162.25, 1250.0], [3163.5, 80.0], [3163.75, 5730.0], [3164.0, 24660.0], [3165.25, 13841.0], [3165.5, 7502.0], [3165.75, 25132.0], [3166.0, 6019.0], [3166.25, 49412.0], [3168.0, 30.0], [3169.0, 30.0], [3170.5, 40000.0], [3171.0, 30.0], [3171.5, 49830.0], [3171.75, 400.0], [3174.25, 1099.0], [3175.25, 74987.0], [3178.0, 16.0]]}}}
{"jsonrpc": "2.0", "method": "subscription", "params": {"channel": "book.ETH-21NOV25.none.20.100ms", "data": {"timestamp": 1763171374945, "change_id": 96931758623, "instrument_name": "ETH-21NOV25", "bids": [[3161.0, 6520.0], [3160.5, 1920.0], [3160.25, 16127.0], [3159.5, 299.0], [3159.25, 1000.0], [3159.0, 3956.0], [3158.75, 13681.0], [3158.5, 7247.0], [3158.25, 20928.0], [3157.25, 3571.0], [3157.0, 14258.0], [3156.75, 25233.0], [3156.5, 1500.0], [3153.75, 4398.0], [3153.5, 1099.0], [3152.5, 17592.0], [3152.25, 25390.0], [3151.5, 411.0], [3151.25, 40000.0], [3151.0, 2.0]], "asks": [[3162.0, 373.0], [3162.25, 2799.0], [3162.5, 5190.0], [3163.5, 80.0], [3163.75, 5730.0], [3164.0, 24660.0], [3165.25, 13841.0], [3165.5, 7502.0], [3165.75, 25132.0], [3166.0, 6019.0], [3166.25, 49412.0], [3168.0, 30.0], [3169.0, 30.0], [3170.5, 40000.0], [3171.0, 30.0], [3171.5, 49830.0], [3171.75, 400.0], [3174.25, 1099.0], [3175.25, 74987.0], [3178.0, 16.0]]}}}
{"jsonrpc": "2.0", "method": "subscription", "params": {"channel": "book.ETH-21NOV25.none.20.100ms", "data": {"timestamp": 1763171375357, "change_id": 96931759532, "instrument_name": "ETH-21NOV25", "bids": [[3161.5, 5270.0], [3161.25, 1250.0], [3160.5, 4058.0], [3160.25, 16127.0], [3159.5, 299.0], [3159.25, 1000.0], [3159.0, 4529.0], [3158.75, 15599.0], [3158.5, 7247.0], [3158.25, 20928.0], [3157.75, 3696.0], [3157.5, 12382.0], [3156.75, 448.0], [3156.5, 1500.0], [3154.0, 24785.0], [3153.75, 4398.0], [3153.5, 1099.0], [3152.5, 17592.0], [3152.25, 25390.0], [3151.5, 411.0]], "asks": [[3162.5, 1550.0], [3162.75, 5563.0], [3163.0, 1250.0], [3163.5, 80.0], [3163.75, 5730.0], [3164.0, 24660.0], [3165.0, 4132.0], [3165.25, 13841.0], [3165.5, 7502.0], [3165.75, 25132.0], [3166.0, 6019.0], [3166.25, 49412.0], [3168.0, 30.0], [3169.0, 30.0], [3170.5, 40000.0], [3171.0, 30.0], [3171.5, 49830.0], [3171.75, 400.0], [3174.25, 1099.0], [3175.25, 74987.0]]}}}
{"jsonrpc": "2.0", "method": "subscription", "params": {"channel": "book.ETH-21NOV25.none.20.100ms", "data": {"timestamp": 1763171375584, "change_id": 96931761229, "instrument_name": "ETH-21NOV25", "bids": [[3161.5, 6520.0], [3159.5, 299.0], [3159.25, 1000.0], [3159.0, 4529.0], [3158.75, 15599.0], [3158.5, 7247.0], [3158.25, 20928.0], [3157.75, 3696.0], [3157.5, 12382.0], [3156.75, 448.0], [3156.5, 1500.0], [3154.25, 3803.0], [3154.0, 24785.0], [3153.75, 4398.0], [3153.5, 1099.0], [3152.5, 17592.0], [3152.25, 25390.0], [3151.5, 411.0], [3151.25, 40000.0], [3151.0, 2.0]], "asks": [[3162.5, 1550.0], [3162.75, 6813.0], [3163.75, 5730.0], [3164.0, 24660.0], [3164.25, 80.0], [3165.0, 4132.0], [3165.25, 13841.0], [3165.5, 7502.0], [3165.75, 25132.0], [3166.0, 6019.0], [3166.25, 49412.0], [3168.0, 30.0], [3169.0, 30.0], [3170.5, 40000.0], [3171.0, 30.0], [3171.5, 49830.0], [3171.75, 400.0], [3174.25, 1099.0], [3175.25, 74987.0], [3178.0, 16.0]]}}}
{"jsonrpc": "2.0", "method": "subscription", "params": {"channel": "book.ETH-21NOV25.none.20.100ms", "data": {"timestamp": 1763171376003, "change_id": 96931762093, "instrument_name": "ETH-21NOV25", "bids": [[3162.0, 80.0], [3161.5, 6440.0], [3161.0, 2214.0], [3160.75, 25445.0], [3159.5, 299.0], [3159.25, 1000.0], [3159.0, 4529.0], [3158.75, 15599.0], [3158.5, 7247.0], [3158.25, 20928.0], [3157.75, 3696.0], [3157.5, 12382.0], [3156.75, 448.0], [3156.5, 1500.0], [3154.25, 3803.0], [3154.0, 24785.0], [3153.75, 4398.0], [3153.5, 1099.0], [3152.5, 17592.0], [3152.25, 25390.0]], "asks": [[3162.5, 1550.0], [3162.75, 5563.0], [3163.0, 373.0], [3163.25, 1250.0], [3163.75, 5730.0], [3164.0, 24660.0], [3164.25, 80.0], [3165.0, 4132.0], [3165.25, 13841.0], [3165.5, 7502.0], [3165.75, 25132.0], [3166.0, 6019.0], [3166.25, 49412.0], [3168.0, 30.0], [3169.0, 30.0], [3170.5, 40000.0], [3171.0, 30.0], [3171.5, 49830.0], [3171.75, 400.0], [3174.25, 1099.0]]}}}
{"jsonrpc": "2.0", "method": "subscription", "params": {"channel": "book.ETH-21NOV25.none.20.100ms", "data": {"timestamp": 1763171376339, "change_id": 96931762786, "instrument_name": "ETH-21NOV25", "bids": [[3162.0, 80.0], [3161.5, 6440.0], [3159.5, 299.0], [3159.25, 4696.0], [3159.0, 16911.0], [3158.75, 15599.0], [3158.5, 7247.0], [3158.25, 20928.0], [3157.0, 24785.0], [3156.75, 448.0], [3156.5, 1500.0], [3153.75, 4398.0], [3153.5, 1499.0], [3152.5, 17592.0], [3152.25, 25390.0], [3151.5, 11.0], [3151.25, 40000.0], [3151.0, 2.0], [3150.0, 49807.0], [3147.5, 49335.0]], "asks": [[3162.75, 373.0], [3163.0, 3125.0], [3163.25, 5190.0], [3164.25, 80.0], [3164.5, 7361.0], [3164.75, 24660.0], [3165.0, 4132.0], [3165.25, 13841.0], [3165.5, 7502.0], [3165.75, 25132.0], [3166.0, 6019.0], [3166.25, 49412.0], [3168.0, 30.0], [3169.0, 30.0], [3170.5, 40000.0], [3171.0, 30.0], [3171.5, 49830.0], [3171.75, 400.0], [3174.25, 1099.0], [3175.25, 74987.0]]}}}
{"jsonrpc": "2.0", "method": "subscription", "params": {"channel": "book.ETH-21NOV25.none.20.100ms", "data": {"timestamp": 1763171376417, "change_id": 96931763224, "instrument_name": "ETH-21NOV25", "bids": [[3162.0, 80.0], [3161.5, 6440.0], [3159.5, 299.0], [3159.25, 4696.0], [3159.0, 16911.0], [3158.75, 15599.0], [3158.5, 7247.0], [3158.25, 20928.0], [3157.0, 24785.0], [3156.75, 448.0], [3156.5, 1500.0], [3153.75, 4398.0], [3153.5, 1499.0], [3152.5, 17592.0], [3152.25, 25390.0], [3151.5, 11.0], [3151.25, 40000.0], [3151.0, 2.0], [3150.0, 49807.0], [3147.5, 49335.0]], "asks": [[3162.75, 373.0], [3163.0, 3125.0], [3163.25, 5190.0], [3164.25, 80.0], [3164.5, 7361.0], [3164.75, 24660.0], [3165.5, 7502.0], [3165.75, 25132.0], [3166.0, 6019.0], [3166.25, 49412.0], [3167.25, 14180.0], [3168.0, 30.0], [3169.0, 30.0], [3170.5, 40000.0], [3171.0, 30.0], [3171.5, 49830.0], [3171.75, 400.0], [3174.25, 1099.0], [3175.25, 74987.0], [3178.0, 16.0]]}}}
{"jsonrpc": "2.0", "method": "subscription", "params": {"channel": "book.ETH-21NOV25.none.20.100ms", "data": {"timestamp": 1763171376869, "change_id": 96931764085, "instrument_name": "ETH-21NOV25", "bids": [[3162.0, 80.0], [3161.75, 1250.0], [3161.5, 5190.0], [3159.5, 299.0], [3159.25, 4696.0], [3159.0, 16911.0], [3158.75, 15599.0], [3158.5, 7247.0], [3158.25, 20928.0], [3157.0, 24785.0], [3156.75, 448.0], [3156.5, 1500.0], [3153.75, 4398.0], [3153.5, 1499.0], [3152.5, 17592.0], [3152.25, 25390.0], [3151.5, 11.0], [3151.25, 40000.0], [3151.0, 2.0], [3150.0, 49807.0]], "asks": [[3162.75, 373.0], [3163.0, 3125.0], [3163.25, 5190.0], [3164.25, 80.0], [3164.5, 7361.0], [3164.75, 24660.0], [3165.5, 7502.0], [3165.75, 25132.0], [3166.0, 6019.0], [3166.25, 49412.0], [3167.25, 14180.0], [3168.0, 30.0], [3169.0, 30.0], [3170.5, 40000.0], [3171.0, 30.0], [3171.5, 49830.0], [3171.75, 400.0], [3174.25, 1099.0], [3175.25, 74987.0], [3178.0, 16.0]]}}}
{"jsonrpc": "2.0", "method": "subscription", "params": {"channel": "book.ETH-21NOV25.none.20.100ms", "data": {"timestamp": 1763171378986, "change_id": 96931767185, "instrument_name": "ETH-21NOV25", "bids": [[3162.0, 80.0], [3161.75, 1250.0], [3161.5, 5190.0], [3160.0, 3696.0], [3159.75, 12382.0], [3159.5, 299.0], [3159.25, 1000.0], [3159.0, 4529.0], [3158.75, 15599.0], [3158.5, 7247.0], [3158.25, 20928.0], [3157.5, 4643.0], [3157.25, 24785.0], [3156.75, 448.0], [3156.5, 1500.0], [3153.75, 4398.0], [3153.5, 1499.0], [3152.5, 17592.0], [3152.25, 25390.0], [3151.5, 11.0]], "asks": [[3162.75, 373.0], [3163.0, 3125.0], [3163.25, 5190.0], [3164.25, 80.0], [3164.5, 7361.0], [3164.75, 24660.0], [3165.5, 7502.0], [3165.75, 39155.0], [3166.0, 6019.0], [3166.25, 49412.0], [3168.0, 30.0], [3169.0, 30.0], [3170.5, 40000.0], [3171.0, 30.0], [3171.5, 49830.0], [3171.75, 400.0], [3174.25, 1099.0], [3175.25, 74987.0], [3178.0, 16.0], [3178.75, 40000.0]]}}}
{"jsonrpc": "2.0", "method": "subscription", "params": {"channel": "book.ETH-21NOV25.none.20.100ms", "data": {"timestamp": 1763171379133, "change_id": 96931767556, "instrument_name": "ETH-21NOV25", "bids": [[3161.5, 5190.0], [3161.25, 1330.0], [3160.0, 3696.0], [3159.75, 12382.0], [3159.5, 299.0], [3159.25, 1000.0], [3159.0, 4529.0], [3158.75, 15599.0], [3158.5, 7247.0], [3158.25, 20928.0], [3157.5, 4643.0], [3157.25, 24785.0], [3156.75, 448.0], [3156.5, 1500.0], [3153.75, 4398.0], [3153.5, 1499.0], [3152.5, 17592.0], [3152.25, 25390.0], [3151.5, 11.0], [3151.25, 40000.0]], "asks": [[3162.5, 1550.0], [3162.75, 6813.0], [3163.75, 80.0], [3164.5, 7361.0], [3164.75, 24660.0], [3165.5, 7502.0], [3165.75, 39155.0], [3166.0, 6019.0], [3166.25, 49412.0], [3168.0, 30.0], [3169.0, 30.0], [3170.5, 40000.0], [3171.0, 30.0], [3171.5, 49830.0], [3171.75, 400.0], [3174.25, 1099.0], [3175.25, 74987.0], [3178.0, 16.0], [3178.75, 40000.0], [3182.25, 4398.0]]}}}
{"jsonrpc": "2.0", "method": "subscription", "params": {"channel": "book.ETH-21NOV25.none.20.100ms", "data": {"timestamp": 1763171379552, "change_id": 96931768805, "instrument_name": "ETH-21NOV25", "bids": [[3161.75, 80.0], [3161.5, 6440.0], [3160.0, 3696.0], [3159.75, 12382.0], [3159.5, 299.0], [3159.25, 1000.0], [3159.0, 4529.0], [3158.75, 15599.0], [3158.5, 7247.0], [3158.25, 20928.0], [3157.5, 4643.0], [3157.25, 24785.0], [3156.75, 448.0], [3156.5, 1500.0], [3153.75, 4398.0], [3153.5, 1499.0], [3152.5, 17592.0], [3152.25, 25390.0], [3151.5, 11.0], [3151.25, 40000.0]], "asks": [[3162.5, 1550.0], [3162.75, 5563.0], [3163.0, 1250.0], [3163.75, 80.0], [3164.5, 7361.0], [3164.75, 24660.0], [3165.5, 7502.0], [3165.75, 39155.0], [3166.0, 6019.0], [3166.25, 49412.0], [3168.0, 30.0], [3169.0, 30.0], [3170.5, 40000.0], [3171.0, 30.0], [3171.5, 49830.0], [3171.75, 400.0], [3174.25, 1099.0], [3175.25, 74987.0], [3178.0, 16.0], [3178.75, 40000.0]]}}}
{"jsonrpc": "2.0", "method": "subscription", "params": {"channel": "book.ETH-21NOV25.none.20.100ms", "data": {"timestamp": 1763171379762, "change_id": 96931768962, "instrument_name": "ETH-21NOV25", "bids": [[3161.75, 80.0], [3161.5, 6440.0], [3161.0, 1411.0], [3160.75, 25445.0], [3160.0, 3696.0], [3159.75, 12382.0], [3159.5, 299.0], [3159.25, 1000.0], [3159.0, 4529.0], [3158.75, 15599.0], [3158.5, 7247.0], [3158.25, 20928.0], [3157.5, 4643.0], [3157.25, 24785.0], [3156.75, 448.0], [3156.5, 1500.0], [3153.75, 4398.0], [3153.5, 1499.0], [3152.5, 17592.0], [3152.25, 25390.0]], "asks": [[3162.5, 1550.0], [3162.75, 5563.0], [3163.0, 1250.0], [3163.75, 80.0], [3164.5, 7361.0], [3164.75, 24660.0], [3165.5, 7502.0], [3165.75, 39155.0], [3166.0, 6019.0], [3166.25, 49412.0], [3168.0, 30.0], [3169.0, 30.0], [3170.5, 40000.0], [3171.0, 30.0], [3171.5, 49830.0], [3171.75, 400.0], [3174.25, 1099.0], [3175.25, 74987.0], [3178.0, 16.0], [3178.75, 40000.0]]}}}
{"jsonrpc": "2.0", "method": "subscription", "params": {"channel": "book.ETH-21NOV25.none.20.100ms", "data": {"timestamp": 1763171380038, "change_id": 96931769254, "instrument_name": "ETH-21NOV25", "bids": [[3161.75, 80.0], [3161.5, 6440.0], [3161.0, 1411.0], [3160.75, 25445.0], [3160.0, 3696.0], [3159.75, 12382.0], [3159.5, 299.0], [3159.25, 1000.0], [3159.0, 4529.0], [3158.75, 15599.0], [3158.5, 7247.0], [3158.25, 20928.0], [3157.5, 4643.0], [3157.25, 24785.0], [3156.75, 448.0], [3156.5, 1500.0], [3153.75, 4398.0], [3153.5, 1499.0], [3152.5, 17592.0], [3152.25, 25390.0]], "asks": [[3162.5, 1550.0], [3162.75, 6440.0], [3163.75, 80.0], [3164.5, 7361.0], [3164.75, 24660.0], [3165.5, 7502.0], [3165.75, 39155.0], [3166.0, 6019.0], [3166.25, 49412.0], [3168.0, 30.0], [3169.0, 30.0], [3170.5, 40000.0], [3171.0, 30.0], [3171.5, 49830.0], [3171.75, 400.0], [3174.25, 1099.0], [3175.25, 74987.0], [3178.0, 16.0], [3178.75, 40000.0], [3182.25, 4398.0]]}}}
{"jsonrpc": "2.0", "method": "subscription", "params": {"channel": "book.ETH-21NOV25.none.20.100ms", "data": {"timestamp": 1763171380407, "change_id": 96931769833, "instrument_name": "ETH-21NOV25", "bids": [[3161.75, 80.0], [3161.5, 6440.0], [3161.0, 1411.0], [3160.75, 25445.0], [3160.0, 3696.0], [3159.75, 12382.0], [3159.5, 299.0], [3159.25, 1000.0], [3159.0, 4529.0], [3158.75, 15599.0], [3158.5, 6247.0], [3158.25, 20928.0], [3157.5, 4643.0], [3157.25, 24785.0], [3156.75, 448.0], [3156.5, 1500.0], [3153.75, 4398.0], [3153.5, 1499.0], [3152.5, 17592.0], [3152.25, 25390.0]], "asks": [[3162.5, 1550.0], [3162.75, 6440.0], [3163.75, 80.0], [3164.5, 7361.0], [3164.75, 24660.0], [3165.5, 7502.0], [3165.75, 39155.0], [3166.0, 6019.0], [3166.25, 49412.0], [3168.0, 30.0], [3169.0, 30.0], [3170.5, 40000.0], [3171.0, 30.0], [3171.5, 49830.0], [3171.75, 400.0], [3174.25, 1099.0], [3175.25, 74987.0], [3178.0, 16.0], [3178.75, 40000.0], [3182.25, 4398.0]]}}}
{"jsonrpc": "2.0", "method": "subscription", "params": {"channel": "book.ETH-21NOV25.none.20.100ms", "data": {"timestamp": 1763171382409, "change_id": 96931772353, "instrument_name": "ETH-21NOV25", "bids": [[3161.75, 80.0], [3161.5, 6440.0], [3160.0, 3696.0], [3159.75, 12382.0], [3159.5, 299.0], [3159.25, 1000.0], [3159.0, 4529.0], [3158.75, 15599.0], [3158.5, 6247.0], [3158.25, 20928.0], [3157.5, 4643.0], [3157.25, 24785.0], [3156.75, 448.0], [3156.5, 1500.0], [3153.75, 4398.0], [3153.5, 1499.0], [3152.5, 17592.0], [3152.25, 25390.0], [3151.5, 11.0], [3151.25, 40000.0]], "asks": [[3162.5, 1550.0], [3162.75, 6440.0], [3163.75, 80.0], [3164.5, 7361.0], [3164.75, 24660.0], [3165.5, 7502.0], [3165.75, 39155.0], [3166.0, 6019.0], [3166.25, 49412.0], [3168.0, 30.0], [3169.0, 30.0], [3170.5, 40000.0], [3171.0, 30.0], [3171.5, 49830.0], [3171.75, 400.0], [3174.25, 1099.0], [3175.25, 74987.0], [3178.0, 16.0], [3178.75, 40000.0], [3182.25, 4398.0]]}}}
{"jsonrpc": "2.0", "method": "subscription", "params": {"channel": "book.ETH-21NOV25.none.20.100ms", "data": {"timestamp": 1763171382999, "change_id": 96931773041, "instrument_name": "ETH-21NOV25", "bids": [[3161.75, 1330.0], [3161.5, 5190.0], [3161.25, 1108.0], [3161.0, 13026.0], [3160.0, 3696.0], [3159.75, 12382.0], [3159.5, 299.0], [3159.25, 1000.0], [3159.0, 4529.0], [3158.75, 15599.0], [3158.5, 6247.0], [3158.25, 20928.0], [3157.5, 4643.0], [3157.25, 24785.0], [3156.75, 448.0], [3156.5, 1500.0], [3153.75, 4398.0], [3153.5, 1499.0], [3152.5, 17592.0], [3152.25, 25390.0]], "asks": [[3162.5, 1550.0], [3162.75, 6440.0], [3163.75, 80.0], [3164.5, 7361.0], [3164.75, 24660.0], [3165.5, 7502.0], [3165.75, 39155.0], [3166.0, 6019.0], [3166.25, 49412.0], [3168.0, 30.0], [3169.0, 30.0], [3170.5, 40000.0], [3171.0, 30.0], [3171.5, 49830.0], [3171.75, 400.0], [3174.25, 1099.0], [3175.25, 74987.0], [3178.0, 16.0], [3178.75, 40000.0], [3182.25, 4398.0]]}}}
{"jsonrpc": "2.0", "method": "subscription", "params": {"channel": "book.ETH-21NOV25.none.20.100ms", "data": {"timestamp": 1763171383493, "change_id": 96931773729, "instrument_name": "ETH-21NOV25", "bids": [[3161.75, 1330.0], [3161.5, 5190.0], [3160.5, 3632.0], [3160.25, 12382.0], [3159.5, 299.0], [3159.25, 1000.0], [3159.0, 4529.0], [3158.75, 15599.0], [3158.5, 6247.0], [3158.25, 20928.0], [3157.75, 24785.0], [3156.75, 448.0], [3156.5, 1500.0], [3153.75, 4398.0], [3153.5, 1499.0], [3152.5, 17592.0], [3152.25, 25390.0], [3151.5, 11.0], [3151.25, 40000.0], [3151.0, 2.0]], "asks": [[3162.5, 1550.0], [3162.75, 6440.0], [3163.75, 80.0], [3164.5, 7361.0], [3164.75, 24660.0], [3165.5, 7502.0], [3165.75, 39155.0], [3166.0, 6019.0], [3166.25, 49412.0], [3168.0, 30.0], [3169.0, 30.0], [3170.5, 40000.0], [3171.0, 30.0], [3171.5, 49830.0], [3171.75, 400.0], [3174.25, 1099.0], [3175.25, 74987.0], [3178.0, 16.0], [3178.75, 40000.0], [3182.25, 4398.0]]}}}
{"jsonrpc": "2.0", "method": "subscription", "params": {"channel": "book.ETH-21NOV25.none.20.100ms", "data": {"timestamp": 1763171383847, "change_id": 96931774206, "instrument_name": "ETH-21NOV25", "bids": [[3161.75, 1330.0], [3161.5, 5190.0], [3161.25, 940.0], [3161.0, 12555.0], [3160.5, 3632.0], [3160.25, 12382.0], [3159.5, 299.0], [3159.25, 1000.0], [3159.0, 4529.0], [3158.75, 15599.0], [3158.5, 6247.0], [3158.25, 20928.0], [3157.75, 24785.0], [3156.75, 448.0], [3156.5, 1500.0], [3153.75, 4398.0], [3153.5, 1499.0], [3152.5, 17592.0], [3152.25, 25390.0], [3151.5, 11.0]], "asks": [[3162.5, 1550.0], [3162.75, 6440.0], [3163.75, 80.0], [3164.5, 7361.0], [3164.75, 24660.0], [3165.5, 7502.0], [3165.75, 39155.0], [3166.0, 6019.0], [3166.25, 49412.0], [3168.0, 30.0], [3169.0, 30.0], [3170.5, 40000.0], [3171.0, 30.0], [3171.5, 49830.0], [3171.75, 400.0], [3174.25, 1099.0], [3175.25, 74987.0], [3178.0, 16.0], [3178.75, 40000.0], [3182.25, 4398.0]]}}}
{"jsonrpc": "2.0", "method": "subscription", "params": {"channel": "book.ETH-21NOV25.none.20.100ms", "data": {"timestamp": 1763171384349, "change_id": 96931774773, "instrument_name": "ETH-21NOV25", "bids": [[3161.75, 1330.0], [3161.5, 5190.0], [3160.5, 3632.0], [3160.25, 12382.0], [3159.5, 299.0], [3159.25, 1000.0], [3159.0, 4529.0], [3158.75, 15599.0], [3158.5, 6247.0], [3158.25, 20928.0], [3157.75, 24785.0], [3156.75, 448.0], [3156.5, 1500.0], [3153.75, 4398.0], [3153.5, 1499.0], [3152.5, 17592.0], [3152.25, 25390.0], [3151.5, 11.0], [3151.25, 40000.0], [3151.0, 2.0]], "asks": [[3162.5, 1550.0], [3162.75, 6440.0], [3163.75, 80.0], [3164.5, 7361.0], [3164.75, 24660.0], [3165.5, 7502.0], [3165.75, 39155.0], [3166.0, 6019.0], [3166.25, 49412.0], [3168.0, 30.0], [3169.0, 30.0], [3170.5, 40000.0], [3171.0, 30.0], [3171.5, 49830.0], [3171.75, 400.0], [3174.25, 1099.0], [3175.25, 74987.0], [3178.0, 16.0], [3178.75, 40000.0], [3182.25, 4398.0]]}}}
{"jsonrpc": "2.0", "method": "subscription", "params": {"channel": "book.ETH-21NOV25.none.20.100ms", "data": {"timestamp": 1763171384812, "change_id": 96931775430, "instrument_name": "ETH-21NOV25", "bids": [[3161.75, 1330.0], [3161.25, 5880.0], [3160.5, 3632.0], [3160.25, 12382.0], [3159.5, 299.0], [3159.25, 1000.0], [3159.0, 4529.0], [3158.75, 15599.0], [3158.5, 6247.0], [3158.25, 20928.0], [3157.75, 24785.0], [3156.75, 448.0], [3156.5, 1500.0], [3153.75, 4398.0], [3153.5, 1499.0], [3152.5, 17592.0], [3152.25, 25390.0], [3151.5, 11.0], [3151.25, 40000.0], [3151.0, 2.0]], "asks": [[3162.5, 373.0], [3162.75, 3005.0], [3163.0, 5880.0], [3163.75, 80.0], [3164.5, 7361.0], [3164.75, 24660.0], [3165.5, 7502.0], [3165.75, 39155.0], [3166.0, 6019.0], [3166.25, 49412.0], [3168.0, 30.0], [3169.0, 30.0], [3170.5, 40000.0], [3171.0, 30.0], [3171.5, 49830.0], [3171.75, 400.0], [3174.25, 1099.0], [3175.25, 74987.0], [3178.0, 16.0], [3178.75, 40000.0]]}}}
{"jsonrpc": "2.0", "method": "subscription", "params": {"channel": "book.ETH-21NOV25.none.20.100ms", "data": {"timestamp": 1763171385176, "change_id": 96931775776, "instrument_name": "ETH-21NOV25", "bids": [[3161.75, 1330.0], [3161.25, 6749.0], [3161.0, 20805.0], [3160.5, 3632.0], [3160.25, 12382.0], [3159.5, 299.0], [3159.25, 1000.0], [3159.0, 4529.0], [3158.75, 15599.0], [3158.5, 6247.0], [3158.25, 20928.0], [3157.75, 24785.0], [3156.75, 448.0], [3156.5, 1500.0], [3153.75, 4398.0], [3153.5, 1499.0], [3152.5, 17592.0], [3152.25, 25390.0], [3151.5, 11.0], [3151.25, 40000.0]], "asks": [[3162.5, 373.0], [3162.75, 3005.0], [3163.0, 5880.0], [3163.75, 80.0], [3164.5, 7361.0], [3164.75, 24660.0], [3165.5, 7502.0], [3165.75, 39155.0], [3166.0, 6019.0], [3166.25, 49412.0], [3168.0, 30.0], [3169.0, 30.0], [3170.5, 40000.0], [3171.0, 30.0], [3171.5, 49830.0], [3171.75, 400.0], [3174.25, 1099.0], [3175.25, 74987.0], [3178.0, 16.0], [3178.75, 40000.0]]}}}
{"jsonrpc": "2.0", "method": "subscription", "params": {"channel": "book.ETH-21NOV25.none.20.100ms", "data": {"timestamp": 1763171386477, "change_id": 96931777477, "instrument_name": "ETH-21NOV25", "bids": [[3161.75, 1330.0], [3161.25, 6749.0], [3161.0, 22000.0], [3160.75, 12382.0], [3159.5, 299.0], [3159.25, 1000.0], [3159.0, 4529.0], [3158.75, 15599.0], [3158.5, 6247.0], [3158.25, 20928.0], [3158.0, 24785.0], [3156.75, 448.0], [3156.5, 1500.0], [3153.75, 4398.0], [3153.5, 1499.0], [3152.5, 17592.0], [3152.25, 25390.0], [3151.5, 11.0], [3151.25, 89807.0], [3151.0, 2.0]], "asks": [[3162.5, 373.0], [3162.75, 3005.0], [3163.0, 5880.0], [3163.75, 80.0], [3164.5, 7361.0], [3164.75, 24660.0], [3165.5, 7502.0], [3165.75, 39155.0], [3166.0, 6019.0], [3166.25, 49412.0], [3168.0, 30.0], [3169.0, 30.0], [3170.5, 40000.0], [3171.0, 30.0], [3171.5, 49830.0], [3171.75, 400.0], [3174.25, 1099.0], [3175.25, 74987.0], [3178.0, 16.0], [3178.75, 40000.0]]}}}
{"jsonrpc": "2.0", "method": "subscription", "params": {"channel": "book.ETH-21NOV25.none.20.100ms", "data": {"timestamp": 1763171387547, "change_id": 96931778836, "instrument_name": "ETH-21NOV25", "bids": [[3161.75, 1330.0], [3161.25, 5880.0], [3161.0, 22000.0], [3160.75, 12382.0], [3159.5, 299.0], [3159.25, 1000.0], [3159.0, 4529.0], [3158.75, 15599.0], [3158.5, 6247.0], [3158.25, 20928.0], [3158.0, 24785.0], [3156.75, 448.0], [3156.5, 1500.0], [3153.75, 4398.0], [3153.5, 1499.0], [3152.5, 17592.0], [3152.25, 25390.0], [3151.5, 11.0], [3151.25, 89807.0], [3151.0, 2.0]], "asks": [[3162.5, 373.0], [3162.75, 3005.0], [3163.0, 5880.0], [3163.75, 80.0], [3164.5, 7361.0], [3164.75, 24660.0], [3165.5, 7502.0], [3165.75, 39155.0], [3166.0, 6019.0], [3166.25, 49412.0], [3168.0, 30.0], [3169.0, 30.0], [3170.5, 40000.0], [3171.0, 30.0], [3171.5, 49830.0], [3171.75, 400.0], [3174.25, 1099.0], [3175.25, 74987.0], [3178.0, 16.0], [3178.75, 40000.0]]}}}
{"jsonrpc": "2.0", "method": "subscription", "params": {"channel": "book.ETH-21NOV25.none.20.100ms", "data": {"timestamp": 1763171387848, "change_id": 96931779424, "instrument_name": "ETH-21NOV25", "bids": [[3161.75, 1330.0], [3161.25, 5880.0], [3161.0, 1195.0], [3160.75, 12382.0], [3159.5, 299.0], [3159.25, 1000.0], [3159.0, 4529.0], [3158.75, 15599.0], [3158.5, 6247.0], [3158.25, 20928.0], [3158.0, 24785.0], [3156.75, 448.0], [3156.5, 1500.0], [3153.75, 4398.0], [3153.5, 1499.0], [3152.5, 17592.0], [3152.25, 25390.0], [3151.5, 11.0], [3151.25, 89807.0], [3151.0, 2.0]], "asks": [[3162.5, 373.0], [3162.75, 3005.0], [3163.0, 5880.0], [3163.75, 80.0], [3164.5, 7361.0], [3164.75, 24660.0], [3165.5, 7502.0], [3165.75, 39155.0], [3166.0, 6019.0], [3166.25, 49412.0], [3168.0, 30.0], [3169.0, 30.0], [3170.5, 40000.0], [3171.0, 30.0], [3171.5, 49830.0], [3171.75, 400.0], [3174.25, 1099.0], [3175.25, 74987.0], [3178.0, 16.0], [3178.75, 40000.0]]}}}
{"jsonrpc": "2.0", "method": "subscription", "params": {"channel": "book.ETH-21NOV25.none.20.100ms", "data": {"timestamp": 1763171388137, "change_id": 96931779760, "instrument_name": "ETH-21NOV25", "bids": [[3161.75, 80.0], [3161.5, 1250.0], [3161.25, 5880.0], [3161.0, 1195.0], [3160.75, 12382.0], [3159.5, 299.0], [3159.25, 1000.0], [3159.0, 4529.0], [3158.75, 15599.0], [3158.5, 6247.0], [3158.25, 20928.0], [3158.0, 24785.0], [3156.75, 448.0], [3156.5, 1500.0], [3153.75, 4398.0], [3153.5, 1499.0], [3152.5, 17592.0], [3152.25, 25390.0], [3151.5, 11.0], [3151.25, 89807.0]], "asks": [[3162.5, 373.0], [3162.75, 3005.0], [3163.0, 5880.0], [3163.75, 80.0], [3164.5, 7361.0], [3164.75, 24660.0], [3165.5, 7502.0], [3165.75, 39155.0], [3166.0, 6019.0], [3166.25, 49412.0], [3168.0, 30.0], [3169.0, 30.0], [3170.5, 40000.0], [3171.0, 30.0], [3171.5, 49830.0], [3171.75, 400.0], [3174.25, 1099.0], [3175.25, 74987.0], [3178.0, 16.0], [3178.75, 40000.0]]}}}
{"jsonrpc": "2.0", "method": "subscription", "params": {"channel": "book.ETH-21NOV25.none.20.100ms", "data": {"timestamp": 1763171388566, "change_id": 96931781431, "instrument_name": "ETH-21NOV25", "bids": [[3161.0, 1250.0], [3160.5, 80.0], [3160.25, 5880.0], [3160.0, 2047.0], [3159.75, 12382.0], [3159.25, 1000.0], [3158.75, 1000.0], [3158.25, 20928.0], [3157.25, 24785.0], [3156.75, 448.0], [3156.5, 1500.0], [3153.75, 4398.0], [3153.5, 1499.0], [3152.5, 17592.0], [3152.25, 25390.0], [3151.5, 11.0], [3151.25, 89807.0], [3151.0, 2.0], [3147.5, 49335.0], [3146.25, 40000.0]], "asks": [[3161.75, 1755.0], [3162.0, 5880.0], [3162.25, 262.0], [3162.5, 1250.0], [3163.25, 80.0], [3163.75, 24660.0], [3164.5, 25132.0], [3165.5, 4186.0], [3165.75, 14023.0], [3166.0, 6019.0], [3166.25, 49412.0], [3168.0, 30.0], [3169.0, 30.0], [3170.5, 40000.0], [3171.0, 30.0], [3171.5, 49830.0], [3171.75, 400.0], [3174.25, 1099.0], [3175.25, 74987.0], [3178.0, 16.0]]}}}
{"jsonrpc": "2.0", "method": "subscription", "params": {"channel": "book.ETH-21NOV25.none.20.100ms", "data": {"timestamp": 1763171388794, "change_id": 96931781716, "instrument_name": "ETH-21NOV25", "bids": [[3161.0, 1250.0], [3160.5, 80.0], [3160.25, 5880.0], [3160.0, 2047.0], [3159.75, 12382.0], [3159.25, 1000.0], [3158.75, 1000.0], [3158.25, 20928.0], [3158.0, 13974.0], [3157.25, 24785.0], [3156.75, 448.0], [3156.5, 1500.0], [3153.75, 4398.0], [3153.5, 1499.0], [3152.5, 17592.0], [3152.25, 25390.0], [3151.5, 11.0], [3151.25, 89807.0], [3151.0, 2.0], [3147.5, 49335.0]], "asks": [[3161.75, 1755.0], [3162.0, 6253.0], [3162.25, 1250.0], [3163.25, 5077.0], [3163.75, 24660.0], [3164.5, 25132.0], [3165.5, 4186.0], [3165.75, 14023.0], [3166.0, 6019.0], [3166.25, 49412.0], [3168.0, 30.0], [3169.0, 30.0], [3170.5, 40000.0], [3171.0, 30.0], [3171.5, 49830.0], [3171.75, 400.0], [3174.25, 1099.0], [3175.25, 74987.0], [3178.0, 16.0], [3178.75, 40000.0]]}}}
{"jsonrpc": "2.0", "method": "subscription", "params": {"channel": "book.ETH-21NOV25.none.20.100ms", "data": {"timestamp": 1763171389081, "change_id": 96931782057, "instrument_name": "ETH-21NOV25", "bids": [[3161.0, 1250.0], [3160.5, 80.0], [3160.25, 5880.0], [3160.0, 2047.0], [3159.75, 12382.0], [3159.25, 1000.0], [3158.75, 1000.0], [3158.25, 20928.0], [3158.0, 13974.0], [3157.25, 24785.0], [3156.75, 448.0], [3156.5, 1500.0], [3153.75, 4398.0], [3153.5, 1499.0], [3152.5, 17592.0], [3152.25, 25390.0], [3151.5, 11.0], [3151.25, 89807.0], [3151.0, 2.0], [3147.5, 49335.0]], "asks": [[3161.75, 1755.0], [3162.0, 6253.0], [3162.25, 1250.0], [3162.75, 80.0], [3163.75, 24660.0], [3164.5, 25132.0], [3165.5, 4186.0], [3165.75, 14023.0], [3166.0, 6019.0], [3166.25, 49412.0], [3168.0, 30.0], [3169.0, 30.0], [3170.5, 40000.0], [3171.0, 30.0], [3171.5, 49830.0], [3171.75, 400.0], [3174.25, 1099.0], [3175.25, 74987.0], [3178.0, 16.0], [3178.75, 40000.0]]}}}
{"jsonrpc": "2.0", "method": "subscription", "params": {"channel": "book.ETH-21NOV25.none.20.100ms", "data": {"timestamp": 1763171389333, "change_id": 96931782383, "instrument_name": "ETH-21NOV25", "bids": [[3161.0, 1250.0], [3160.5, 80.0], [3160.25, 15676.0], [3160.0, 2047.0], [3159.75, 12382.0], [3158.25, 20928.0], [3158.0, 13974.0], [3157.25, 24785.0], [3156.75, 448.0], [3156.5, 1500.0], [3153.75, 4398.0], [3153.5, 1499.0], [3152.5, 17592.0], [3152.25, 25390.0], [3151.5, 11.0], [3151.25, 89807.0], [3151.0, 2.0], [3147.5, 49335.0], [3146.25, 40000.0], [3144.75, 500.0]], "asks": [[3161.75, 1755.0], [3162.0, 6253.0], [3162.25, 1250.0], [3162.75, 80.0], [3163.75, 24660.0], [3164.5, 25132.0], [3165.5, 4186.0], [3165.75, 14023.0], [3166.0, 6019.0], [3166.25, 49412.0], [3168.0, 30.0], [3169.0, 30.0], [3170.5, 40000.0], [3171.0, 30.0], [3171.5, 49830.0], [3171.75, 400.0], [3174.25, 1099.0], [3175.25, 74987.0], [3178.0, 16.0], [3178.75, 40000.0]]}}}
{"jsonrpc": "2.0", "method": "subscription", "params": {"channel": "book.ETH-21NOV25.none.20.100ms", "data": {"timestamp": 1763171389672, "change_id": 96931783129, "instrument_name": "ETH-21NOV25", "bids": [[3161.0, 1250.0], [3160.5, 475.0], [3160.25, 15676.0], [3160.0, 2047.0], [3159.75, 12382.0], [3158.5, 5852.0], [3158.25, 20928.0], [3158.0, 13974.0], [3157.25, 24785.0], [3156.75, 448.0], [3156.5, 1500.0], [3153.75, 4398.0], [3153.5, 1499.0], [3152.5, 17592.0], [3152.25, 25390.0], [3151.5, 11.0], [3151.25, 89807.0], [3151.0, 2.0], [3147.5, 49335.0], [3146.25, 40000.0]], "asks": [[3161.75, 1755.0], [3162.0, 6253.0], [3162.25, 1250.0], [3162.75, 80.0], [3163.5, 7361.0], [3163.75, 24660.0], [3164.5, 25132.0], [3165.5, 4186.0], [3165.75, 14023.0], [3166.0, 6019.0], [3166.25, 49412.0], [3168.0, 30.0], [3169.0, 30.0], [3170.5, 40000.0], [3171.0, 30.0], [3171.5, 49830.0], [3171.75, 400.0], [3174.25, 1099.0], [3175.25, 74987.0], [3178.0, 16.0]]}}}
{"jsonrpc": "2.0", "method": "subscription", "params": {"channel": "book.ETH-21NOV25.none.20.100ms", "data": {"timestamp": 1763171390139, "change_id": 96931783579, "instrument_name": "ETH-21NOV25", "bids": [[3161.0, 1250.0], [3160.5, 80.0], [3160.25, 5880.0], [3160.0, 2047.0], [3159.75, 12382.0], [3158.5, 5852.0], [3158.25, 20928.0], [3158.0, 13974.0], [3157.25, 24785.0], [3156.75, 448.0], [3156.5, 1500.0], [3153.75, 4398.0], [3153.5, 1499.0], [3152.5, 17592.0], [3152.25, 25390.0], [3151.5, 11.0], [3151.25, 89807.0], [3151.0, 2.0], [3147.5, 49335.0], [3146.25, 40000.0]], "asks": [[3161.75, 1755.0], [3162.0, 6253.0], [3162.25, 1250.0], [3162.75, 80.0], [3163.5, 7361.0], [3163.75, 24660.0], [3164.5, 25132.0], [3165.5, 4186.0], [3165.75, 14023.0], [3166.0, 6019.0], [3166.25, 49412.0], [3168.0, 30.0], [3169.0, 30.0], [3170.5, 40000.0], [3171.0, 30.0], [3171.5, 49830.0], [3171.75, 400.0], [3174.25, 1099.0], [3175.25, 74987.0], [3178.0, 16.0]]}}}
{"jsonrpc": "2.0", "method": "subscription", "params": {"channel": "book.ETH-21NOV25.none.20.100ms", "data": {"timestamp": 1763171390844, "change_id": 96931784858, "instrument_name": "ETH-21NOV25", "bids": [[3161.0, 1250.0], [3160.5, 1044.0], [3160.25, 17162.0], [3160.0, 2047.0], [3159.75, 12382.0], [3158.5, 5852.0], [3158.25, 20928.0], [3158.0, 13974.0], [3157.5, 3954.0], [3157.25, 24785.0], [3156.75, 448.0], [3156.5, 1500.0], [3153.75, 4398.0], [3153.5, 1499.0], [3152.5, 17592.0], [3152.25, 25390.0], [3151.5, 11.0], [3151.25, 89807.0], [3151.0, 2.0], [3147.5, 49335.0]], "asks": [[3161.75, 1755.0], [3162.0, 6253.0], [3162.25, 1250.0], [3162.75, 80.0], [3163.5, 7361.0], [3163.75, 24660.0], [3164.25, 2922.0], [3164.5, 25132.0], [3165.5, 4186.0], [3165.75, 14023.0], [3166.0, 6019.0], [3166.25, 49412.0], [3168.0, 30.0], [3169.0, 30.0], [3170.5, 40000.0], [3171.0, 30.0], [3171.5, 49830.0], [3171.75, 400.0], [3174.25, 1099.0], [3175.25, 74987.0]]}}}
{"jsonrpc": "2.0", "method": "subscription", "params": {"channel": "book.ETH-21NOV25.none.20.100ms", "data": {"timestamp": 1763171391125, "change_id": 96931785318, "instrument_name": "ETH-21NOV25", "bids": [[3161.25, 1250.0], [3161.0, 80.0], [3160.75, 5880.0], [3160.5, 1799.0], [3160.25, 11282.0], [3160.0, 2047.0], [3159.75, 12382.0], [3158.5, 5852.0], [3158.25, 20928.0], [3158.0, 13974.0], [3157.5, 3954.0], [3157.25, 24785.0], [3156.75, 448.0], [3156.5, 1500.0], [3153.75, 4398.0], [3153.5, 1499.0], [3152.5, 17592.0], [3152.25, 25390.0], [3151.5, 11.0], [3151.25, 89807.0]], "asks": [[3162.25, 1755.0], [3162.5, 6253.0], [3162.75, 1250.0], [3163.5, 7441.0], [3163.75, 24660.0], [3164.25, 2922.0], [3164.5, 25132.0], [3165.5, 4186.0], [3165.75, 14023.0], [3166.0, 6019.0], [3166.25, 49412.0], [3168.0, 30.0], [3169.0, 30.0], [3170.5, 40000.0], [3171.0, 30.0], [3171.5, 49830.0], [3171.75, 400.0], [3174.25, 1099.0], [3175.25, 74987.0], [3178.0, 16.0]]}}}
{"jsonrpc": "2.0", "method": "subscription", "params": {"channel": "book.ETH-21NOV25.none.20.100ms", "data": {"timestamp": 1763171391364, "change_id": 96931785779, "instrument_name": "ETH-21NOV25", "bids": [[3161.25, 1250.0], [3161.0, 80.0], [3160.75, 5880.0], [3160.0, 3434.0], [3159.75, 12382.0], [3158.5, 5852.0], [3158.25, 20928.0], [3158.0, 13974.0], [3157.5, 3954.0], [3157.25, 24785.0], [3156.75, 448.0], [3156.5, 1500.0], [3153.75, 4398.0], [3153.5, 1499.0], [3152.5, 17592.0], [3152.25, 25390.0], [3151.5, 11.0], [3151.25, 89807.0], [3151.0, 2.0], [3147.5, 49335.0]], "asks": [[3162.25, 1755.0], [3162.5, 7130.0], [3163.5, 7441.0], [3163.75, 24660.0], [3164.25, 2922.0], [3164.5, 25132.0], [3165.5, 4186.0], [3165.75, 14023.0], [3166.0, 6019.0], [3166.25, 49412.0], [3168.0, 30.0], [3169.0, 30.0], [3170.5, 40000.0], [3171.0, 30.0], [3171.5, 49830.0], [3171.75, 400.0], [3174.25, 1099.0], [3175.25, 74987.0], [3178.0, 16.0], [3178.75, 40000.0]]}}}
{"jsonrpc": "2.0", "method": "subscription", "params": {"channel": "book.ETH-21NOV25.none.20.100ms", "data": {"timestamp": 1763171391850, "change_id": 96931786826, "instrument_name": "ETH-21NOV25", "bids": [[3161.5, 1330.0], [3161.0, 1389.0], [3160.75, 5880.0], [3160.0, 3434.0], [3159.75, 12382.0], [3158.5, 5852.0], [3158.25, 20928.0], [3158.0, 13974.0], [3157.5, 3954.0], [3157.25, 24785.0], [3156.75, 448.0], [3156.5, 1500.0], [3153.75, 4398.0], [3153.5, 1499.0], [3152.5, 17592.0], [3152.25, 25390.0], [3151.5, 11.0], [3151.25, 89807.0], [3151.0, 2.0], [3147.5, 49335.0]], "asks": [[3162.25, 1755.0], [3162.5, 5880.0], [3162.75, 373.0], [3163.0, 1250.0], [3163.5, 7441.0], [3163.75, 24660.0], [3164.25, 2922.0], [3164.5, 25132.0], [3165.5, 4186.0], [3165.75, 14023.0], [3166.0, 6019.0], [3166.25, 49412.0], [3168.0, 30.0], [3169.0, 30.0], [3170.5, 40000.0], [3171.0, 30.0], [3171.5, 49830.0], [3171.75, 400.0], [3174.25, 1099.0], [3175.25, 74987.0]]}}}
