{"jsonrpc": "2.0", "id": 1, "result": ["book.ETH-7NOV25.none.20.100ms"], "usIn": 1761665205919088, "usOut": 1761665205919270, "usDiff": 182, "testnet": false}
{"jsonrpc": "2.0", "method": "subscription", "params": {"channel": "book.ETH-7NOV25.none.20.100ms", "data": {"timestamp": 1761665205394, "change_id": 93793970304, "instrument_name": "ETH-7NOV25", "bids": [[4124.0, 1160.0], [4123.75, 6343.0], [4123.5, 3959.0], [4123.25, 14341.0], [4123.0, 37791.0], [4122.75, 13582.0], [4118.75, 349.0], [4118.5, 614.0], [4118.25, 7540.0], [4118.0, 29130.0], [4117.75, 14261.0], [4116.75, 341.0], [4115.75, 350.0], [4115.5, 439.0], [4115.25, 1470.0], [4114.75, 358.0], [4114.5, 4475.0], [4114.25, 37939.0], [4112.25, 343.0], [4112.0, 400.0]], "asks": [[4124.25, 1329.0], [4124.5, 3049.0], [4124.75, 3048.0], [4125.0, 19441.0], [4125.5, 11782.0], [4125.75, 160.0], [4128.5, 350.0], [4128.75, 6006.0], [4129.0, 20949.0], [4129.75, 6827.0], [4130.0, 27776.0], [4130.25, 20363.0], [4133.25, 346.0], [4133.5, 2.0], [4134.75, 36398.0], [4135.75, 358.0], [4136.0, 40000.0], [4136.25, 341.0], [4136.5, 400.0], [4137.0, 37875.0]]}}}
{"jsonrpc": "2.0", "method": "subscription", "params": {"channel": "book.ETH-7NOV25.none.20.100ms", "data": {"timestamp": 1761665206114, "change_id": 93793971186, "instrument_name": "ETH-7NOV25", "bids": [[4124.0, 2816.0], [4123.75, 6343.0], [4123.5, 3959.0], [4123.25, 14341.0], [4123.0, 37791.0], [4122.75, 13582.0], [4118.75, 349.0], [4118.5, 614.0], [4118.25, 7540.0], [4118.0, 29130.0], [4117.75, 14261.0], [4116.75, 341.0], [4115.75, 350.0], [4115.5, 439.0], [4115.25, 1470.0], [4114.75, 358.0], [4114.5, 4475.0], [4114.25, 37939.0], [4112.25, 343.0], [4112.0, 400.0]], "asks": [[4124.5, 1000.0], [4124.75, 3048.0], [4125.0, 19441.0], [4125.25, 2052.0], [4125.5, 11782.0], [4125.75, 160.0], [4128.5, 350.0], [4128.75, 6006.0], [4129.0, 20949.0], [4129.75, 6827.0], [4130.0, 27776.0], [4130.25, 20363.0], [4133.25, 346.0], [4133.5, 2.0], [4134.75, 36398.0], [4135.75, 358.0], [4136.0, 40000.0], [4136.25, 341.0], [4136.5, 400.0], [4137.0, 37875.0]]}}}
{"jsonrpc": "2.0", "method": "subscription", "params": {"channel": "book.ETH-7NOV25.none.20.100ms", "data": {"timestamp": 1761665206675, "change_id": 93793971897, "instrument_name": "ETH-7NOV25", "bids": [[4124.0, 1160.0], [4123.75, 6343.0], [4123.5, 3959.0], [4123.25, 14341.0], [4123.0, 37791.0], [4122.75, 13582.0], [4118.75, 349.0], [4118.5, 614.0], [4118.25, 7540.0], [4118.0, 29130.0], [4117.75, 14261.0], [4116.75, 341.0], [4115.75, 350.0], [4115.5, 439.0], [4115.25, 1470.0], [4114.75, 358.0], [4114.5, 4475.0], [4114.25, 37939.0], [4112.25, 343.0], [4112.0, 400.0]], "asks": [[4124.25, 1329.0], [4124.5, 3053.0], [4124.75, 3048.0], [4125.0, 19441.0], [4125.5, 11782.0], [4125.75, 160.0], [4128.5, 350.0], [4128.75, 6006.0], [4129.0, 20949.0], [4129.75, 6827.0], [4130.0, 27776.0], [4130.25, 20363.0], [4133.25, 346.0], [4133.5, 2.0], [4134.75, 36398.0], [4135.75, 358.0], [4136.0, 40000.0], [4136.25, 341.0], [4136.5, 400.0], [4137.0, 37875.0]]}}}
{"jsonrpc": "2.0", "method": "subscription", "params": {"channel": "book.ETH-7NOV25.none.20.100ms", "data": {"timestamp": 1761665207043, "change_id": 93793972334, "instrument_name": "ETH-7NOV25", "bids": [[4124.0, 1160.0], [4123.75, 6343.0], [4123.5, 3959.0], [4123.25, 4895.0], [4123.0, 5840.0], [4122.75, 13582.0], [4118.75, 349.0], [4118.5, 614.0], [4118.25, 7540.0], [4118.0, 29130.0], [4117.75, 14261.0], [4116.75, 341.0], [4115.75, 350.0], [4115.5, 439.0], [4115.25, 1470.0], [4114.75, 358.0], [4114.5, 4475.0], [4114.25, 37939.0], [4112.25, 343.0], [4112.0, 400.0]], "asks": [[4124.25, 1329.0], [4124.5, 3053.0], [4124.75, 3048.0], [4125.0, 19441.0], [4125.5, 11782.0], [4125.75, 160.0], [4128.5, 350.0], [4128.75, 6006.0], [4129.0, 20949.0], [4129.75, 6827.0], [4130.0, 27776.0], [4130.25, 20363.0], [4133.25, 346.0], [4133.5, 2.0], [4134.75, 36398.0], [4135.75, 358.0], [4136.0, 40000.0], [4136.25, 341.0], [4136.5, 400.0], [4137.0, 37875.0]]}}}
{"jsonrpc": "2.0", "method": "subscription", "params": {"channel": "book.ETH-7NOV25.none.20.100ms", "data": {"timestamp": 1761665207375, "change_id": 93793972586, "instrument_name": "ETH-7NOV25", "bids": [[4124.0, 1160.0], [4123.75, 16266.0], [4123.5, 37154.0], [4123.25, 4895.0], [4123.0, 5840.0], [4122.75, 13582.0], [4118.75, 349.0], [4118.5, 614.0], [4118.25, 7540.0], [4118.0, 29130.0], [4117.75, 14261.0], [4116.75, 341.0], [4115.75, 350.0], [4115.5, 439.0], [4115.25, 1470.0], [4114.75, 358.0], [4114.5, 4475.0], [4114.25, 37939.0], [4112.25, 343.0], [4112.0, 400.0]], "asks": [[4124.25, 1329.0], [4124.5, 3053.0], [4124.75, 3048.0], [4125.0, 19441.0], [4125.5, 11782.0], [4125.75, 160.0], [4128.5, 350.0], [4128.75, 6006.0], [4129.0, 20949.0], [4129.75, 6827.0], [4130.0, 27776.0], [4130.25, 20363.0], [4133.25, 346.0], [4133.5, 2.0], [4134.75, 36398.0], [4135.75, 358.0], [4136.0, 40000.0], [4136.25, 341.0], [4136.5, 400.0], [4137.0, 37875.0]]}}}
{"jsonrpc": "2.0", "method": "subscription", "params": {"channel": "book.ETH-7NOV25.none.20.100ms", "data": {"timestamp": 1761665207698, "change_id": 93793973014, "instrument_name": "ETH-7NOV25", "bids": [[4124.0, 1160.0], [4123.75, 16266.0], [4123.5, 41540.0], [4123.25, 18477.0], [4123.0, 1000.0], [4118.75, 349.0], [4118.5, 614.0], [4118.25, 7540.0], [4118.0, 29130.0], [4117.75, 14261.0], [4116.75, 341.0], [4115.75, 350.0], [4115.5, 439.0], [4115.25, 1470.0], [4114.75, 1694.0], [4114.5, 4475.0], [4114.25, 37939.0], [4112.25, 343.0], [4112.0, 400.0], [4111.75, 368.0]], "asks": [[4124.25, 1329.0], [4124.5, 3053.0], [4124.75, 3048.0], [4125.0, 19441.0], [4125.5, 11782.0], [4125.75, 160.0], [4128.5, 350.0], [4128.75, 6006.0], [4129.0, 20949.0], [4129.75, 6827.0], [4130.0, 27776.0], [4130.25, 20363.0], [4133.25, 346.0], [4133.5, 2.0], [4134.75, 36398.0], [4135.75, 358.0], [4136.0, 40000.0], [4136.25, 341.0], [4136.5, 400.0], [4137.0, 37875.0]]}}}
{"jsonrpc": "2.0", "method": "subscription", "params": {"channel": "book.ETH-7NOV25.none.20.100ms", "data": {"timestamp": 1761665208010, "change_id": 93793973485, "instrument_name": "ETH-7NOV25", "bids": [[4124.0, 1160.0], [4123.75, 16266.0], [4123.5, 41540.0], [4123.25, 18477.0], [4123.0, 1000.0], [4118.75, 349.0], [4118.5, 614.0], [4118.25, 7540.0], [4118.0, 29130.0], [4117.75, 14261.0], [4115.75, 350.0], [4115.5, 439.0], [4115.25, 1470.0], [4114.75, 1694.0], [4114.5, 4475.0], [4114.25, 37939.0], [4112.25, 343.0], [4112.0, 400.0], [4111.75, 368.0], [4111.5, 40000.0]], "asks": [[4124.25, 1329.0], [4124.5, 3053.0], [4124.75, 3048.0], [4125.0, 19441.0], [4125.5, 11782.0], [4125.75, 160.0], [4128.5, 350.0], [4128.75, 6006.0], [4129.0, 20949.0], [4129.75, 6827.0], [4130.0, 27776.0], [4130.25, 20363.0], [4133.25, 346.0], [4133.5, 2.0], [4134.75, 36398.0], [4135.75, 358.0], [4136.0, 40000.0], [4136.25, 341.0], [4136.5, 400.0], [4137.0, 37875.0]]}}}
{"jsonrpc": "2.0", "method": "subscription", "params": {"channel": "book.ETH-7NOV25.none.20.100ms", "data": {"timestamp": 1761665208237, "change_id": 93793973693, "instrument_name": "ETH-7NOV25", "bids": [[4124.0, 1160.0], [4123.75, 16266.0], [4123.5, 41540.0], [4123.25, 17477.0], [4118.75, 349.0], [4118.5, 614.0], [4118.25, 7540.0], [4118.0, 29130.0], [4117.75, 14261.0], [4115.75, 350.0], [4115.5, 439.0], [4115.25, 1470.0], [4114.75, 1694.0], [4114.5, 4475.0], [4114.25, 37939.0], [4112.25, 343.0], [4112.0, 400.0], [4111.75, 368.0], [4111.5, 40000.0], [4109.25, 353.0]], "asks": [[4124.25, 1329.0], [4124.5, 3053.0], [4124.75, 3048.0], [4125.0, 19441.0], [4125.5, 11782.0], [4125.75, 160.0], [4128.5, 350.0], [4128.75, 6006.0], [4129.0, 20949.0], [4129.75, 6827.0], [4130.0, 27776.0], [4130.25, 20363.0], [4133.25, 346.0], [4133.5, 2.0], [4134.75, 36398.0], [4135.75, 358.0], [4136.0, 40000.0], [4136.25, 341.0], [4136.5, 400.0], [4137.0, 37875.0]]}}}
{"jsonrpc": "2.0", "method": "subscription", "params": {"channel": "book.ETH-7NOV25.none.20.100ms", "data": {"timestamp": 1761665208504, "change_id": 93793973925, "instrument_name": "ETH-7NOV25", "bids": [[4124.0, 160.0], [4123.75, 16266.0], [4123.5, 41540.0], [4123.25, 17477.0], [4118.75, 349.0], [4118.5, 614.0], [4118.25, 7540.0], [4118.0, 29130.0], [4117.75, 14261.0], [4115.75, 350.0], [4115.5, 439.0], [4115.25, 1470.0], [4114.75, 1694.0], [4114.5, 4475.0], [4114.25, 37939.0], [4112.25, 343.0], [4112.0, 400.0], [4111.75, 368.0], [4111.5, 40000.0], [4109.25, 353.0]], "asks": [[4124.25, 1329.0], [4124.5, 3053.0], [4124.75, 3048.0], [4125.0, 19441.0], [4125.5, 11782.0], [4125.75, 160.0], [4128.5, 350.0], [4128.75, 6006.0], [4129.0, 20949.0], [4129.75, 6827.0], [4130.0, 27776.0], [4130.25, 20363.0], [4133.25, 346.0], [4133.5, 2.0], [4134.75, 36398.0], [4135.75, 358.0], [4136.0, 40000.0], [4136.25, 341.0], [4136.5, 400.0], [4137.0, 37875.0]]}}}
{"jsonrpc": "2.0", "method": "subscription", "params": {"channel": "book.ETH-7NOV25.none.20.100ms", "data": {"timestamp": 1761665208969, "change_id": 93793975593, "instrument_name": "ETH-7NOV25", "bids": [[4123.25, 2008.0], [4123.0, 2668.0], [4122.75, 6644.0], [4122.5, 15637.0], [4118.75, 349.0], [4118.5, 614.0], [4118.25, 5653.0], [4118.0, 29130.0], [4117.75, 14261.0], [4115.75, 350.0], [4115.5, 439.0], [4115.25, 1470.0], [4114.75, 1694.0], [4114.5, 15800.0], [4114.25, 37939.0], [4112.25, 343.0], [4112.0, 400.0], [4111.75, 368.0], [4111.5, 40000.0], [4109.25, 353.0]], "asks": [[4123.5, 1329.0], [4123.75, 3055.0], [4124.0, 4055.0], [4124.25, 3384.0], [4124.5, 16635.0], [4124.75, 4498.0], [4125.0, 4859.0], [4125.25, 3404.0], [4125.5, 11782.0], [4128.5, 350.0], [4128.75, 6006.0], [4129.0, 20949.0], [4129.75, 5013.0], [4130.0, 27776.0], [4130.25, 20363.0], [4133.25, 346.0], [4133.5, 2.0], [4134.75, 36398.0], [4135.75, 358.0], [4136.0, 40000.0]]}}}
{"jsonrpc": "2.0", "method": "subscription", "params": {"channel": "book.ETH-7NOV25.none.20.100ms", "data": {"timestamp": 1761665209352, "change_id": 93793976381, "instrument_name": "ETH-7NOV25", "bids": [[4123.25, 3008.0], [4123.0, 4635.0], [4122.75, 19542.0], [4122.5, 48824.0], [4118.75, 349.0], [4118.5, 614.0], [4118.25, 5653.0], [4118.0, 29130.0], [4117.75, 14261.0], [4115.75, 350.0], [4115.5, 439.0], [4115.25, 1470.0], [4114.75, 1694.0], [4114.5, 15800.0], [4114.25, 37939.0], [4112.25, 343.0], [4112.0, 400.0], [4111.75, 368.0], [4111.5, 40000.0], [4109.25, 353.0]], "asks": [[4123.5, 1329.0], [4123.75, 3055.0], [4124.0, 4055.0], [4124.25, 3384.0], [4124.5, 17082.0], [4124.75, 1000.0], [4125.25, 3404.0], [4125.5, 11782.0], [4128.5, 350.0], [4128.75, 6006.0], [4129.0, 20949.0], [4129.75, 5013.0], [4130.0, 27776.0], [4130.25, 20363.0], [4133.25, 346.0], [4133.5, 2.0], [4134.75, 36398.0], [4135.75, 358.0], [4136.0, 40000.0], [4136.25, 341.0]]}}}
{"jsonrpc": "2.0", "method": "subscription", "params": {"channel": "book.ETH-7NOV25.none.20.100ms", "data": {"timestamp": 1761665209665, "change_id": 93793976940, "instrument_name": "ETH-7NOV25", "bids": [[4123.25, 5658.0], [4123.0, 6168.0], [4122.75, 3668.0], [4122.5, 2055.0], [4118.75, 349.0], [4118.5, 614.0], [4118.25, 5653.0], [4118.0, 29130.0], [4117.75, 14261.0], [4115.75, 350.0], [4115.5, 439.0], [4115.25, 1470.0], [4114.75, 1694.0], [4114.5, 15800.0], [4114.25, 37939.0], [4112.25, 343.0], [4112.0, 400.0], [4111.75, 368.0], [4111.5, 40000.0], [4109.25, 353.0]], "asks": [[4123.5, 1329.0], [4123.75, 6705.0], [4124.0, 4055.0], [4124.25, 5884.0], [4124.5, 1000.0], [4124.75, 1000.0], [4125.25, 3404.0], [4125.5, 11782.0], [4128.5, 350.0], [4128.75, 6006.0], [4129.0, 20949.0], [4129.75, 5013.0], [4130.0, 27776.0], [4130.25, 20363.0], [4133.25, 346.0], [4133.5, 2.0], [4134.75, 36398.0], [4135.75, 358.0], [4136.0, 40000.0], [4136.25, 341.0]]}}}
{"jsonrpc": "2.0", "method": "subscription", "params": {"channel": "book.ETH-7NOV25.none.20.100ms", "data": {"timestamp": 1761665210000, "change_id": 93793977554, "instrument_name": "ETH-7NOV25", "bids": [[4123.25, 29430.0], [4123.0, 6168.0], [4122.75, 3668.0], [4122.5, 2055.0], [4118.75, 349.0], [4118.5, 614.0], [4118.25, 357.0], [4118.0, 4257.0], [4117.75, 14261.0], [4117.5, 5537.0], [4117.25, 18897.0], [4116.25, 2234.0], [4116.0, 6323.0], [4115.75, 350.0], [4115.5, 439.0], [4115.25, 1470.0], [4114.75, 1694.0], [4114.5, 15800.0], [4114.25, 37939.0], [4112.25, 343.0]], "asks": [[4123.5, 1000.0], [4123.75, 1000.0], [4124.0, 7705.0], [4124.25, 3384.0], [4124.5, 3500.0], [4124.75, 1000.0], [4125.25, 3404.0], [4125.5, 11782.0], [4128.5, 350.0], [4128.75, 6006.0], [4129.0, 20949.0], [4129.75, 5013.0], [4130.0, 27776.0], [4130.25, 20363.0], [4133.25, 346.0], [4133.5, 2.0], [4134.75, 36398.0], [4135.75, 358.0], [4136.0, 40000.0], [4136.25, 341.0]]}}}
{"jsonrpc": "2.0", "method": "subscription", "params": {"channel": "book.ETH-7NOV25.none.20.100ms", "data": {"timestamp": 1761665210217, "change_id": 93793978162, "instrument_name": "ETH-7NOV25", "bids": [[4123.5, 4650.0], [4123.25, 30858.0], [4123.0, 3668.0], [4122.75, 2055.0], [4118.75, 349.0], [4118.5, 614.0], [4118.25, 357.0], [4118.0, 4257.0], [4117.75, 14261.0], [4117.5, 5537.0], [4117.25, 18897.0], [4116.25, 2234.0], [4116.0, 6323.0], [4115.75, 350.0], [4115.5, 439.0], [4115.25, 1470.0], [4114.75, 1694.0], [4114.5, 15800.0], [4114.25, 37939.0], [4112.25, 343.0]], "asks": [[4123.75, 1000.0], [4124.0, 2000.0], [4124.25, 6706.0], [4124.5, 2367.0], [4124.75, 2500.0], [4125.0, 1346.0], [4125.25, 4404.0], [4125.5, 11782.0], [4128.5, 350.0], [4128.75, 6006.0], [4129.0, 20949.0], [4129.75, 5013.0], [4130.0, 27776.0], [4130.25, 20363.0], [4133.25, 346.0], [4133.5, 2.0], [4134.75, 36398.0], [4135.75, 358.0], [4136.0, 40000.0], [4136.25, 341.0]]}}}
{"jsonrpc": "2.0", "method": "subscription", "params": {"channel": "book.ETH-7NOV25.none.20.100ms", "data": {"timestamp": 1761665210577, "change_id": 93793978598, "instrument_name": "ETH-7NOV25", "bids": [[4123.5, 7150.0], [4123.25, 28358.0], [4123.0, 3668.0], [4122.75, 2055.0], [4118.75, 349.0], [4118.5, 614.0], [4118.25, 357.0], [4118.0, 4257.0], [4117.75, 14261.0], [4117.5, 5537.0], [4117.25, 18897.0], [4116.25, 2234.0], [4116.0, 6323.0], [4115.75, 350.0], [4115.5, 439.0], [4115.25, 1470.0], [4114.75, 1694.0], [4114.5, 15800.0], [4114.25, 37939.0], [4112.25, 343.0]], "asks": [[4123.75, 1000.0], [4124.0, 2000.0], [4124.25, 3056.0], [4124.5, 6017.0], [4124.75, 2500.0], [4125.0, 1346.0], [4125.25, 4404.0], [4125.5, 11782.0], [4128.5, 350.0], [4128.75, 6006.0], [4129.0, 20949.0], [4129.75, 5013.0], [4130.0, 27776.0], [4130.25, 20363.0], [4133.25, 346.0], [4133.5, 2.0], [4134.75, 36398.0], [4135.75, 358.0], [4136.0, 40000.0], [4136.25, 341.0]]}}}
{"jsonrpc": "2.0", "method": "subscription", "params": {"channel": "book.ETH-7NOV25.none.20.100ms", "data": {"timestamp": 1761665211009, "change_id": 93793979453, "instrument_name": "ETH-7NOV25", "bids": [[4123.75, 4810.0], [4123.5, 13762.0], [4123.25, 28198.0], [4123.0, 3668.0], [4122.75, 2055.0], [4118.75, 349.0], [4118.5, 614.0], [4118.25, 357.0], [4118.0, 4257.0], [4117.75, 14261.0], [4117.5, 5537.0], [4117.25, 18897.0], [4116.25, 2234.0], [4116.0, 6323.0], [4115.75, 350.0], [4115.5, 439.0], [4115.25, 1470.0], [4114.75, 1694.0], [4114.5, 15800.0], [4114.25, 37939.0]], "asks": [[4124.0, 1000.0], [4124.25, 4650.0], [4124.5, 2367.0], [4124.75, 4556.0], [4125.0, 1000.0], [4125.25, 4244.0], [4125.5, 11782.0], [4125.75, 160.0], [4128.5, 350.0], [4128.75, 6006.0], [4129.0, 20949.0], [4129.75, 5013.0], [4130.0, 27776.0], [4130.25, 20363.0], [4133.25, 346.0], [4133.5, 2.0], [4134.75, 36398.0], [4135.75, 358.0], [4136.0, 40000.0], [4136.25, 341.0]]}}}
{"jsonrpc": "2.0", "method": "subscription", "params": {"channel": "book.ETH-7NOV25.none.20.100ms", "data": {"timestamp": 1761665211346, "change_id": 93793980121, "instrument_name": "ETH-7NOV25", "bids": [[4123.75, 7310.0], [4123.5, 11262.0], [4123.25, 27899.0], [4123.0, 2055.0], [4118.75, 349.0], [4118.5, 614.0], [4118.25, 357.0], [4118.0, 4257.0], [4117.75, 14261.0], [4117.5, 5537.0], [4117.25, 18897.0], [4116.25, 2234.0], [4116.0, 6323.0], [4115.75, 350.0], [4115.5, 439.0], [4115.25, 1470.0], [4114.75, 1694.0], [4114.5, 15800.0], [4114.25, 37939.0], [4112.25, 343.0]], "asks": [[4124.0, 1000.0], [4124.5, 3056.0], [4124.75, 6017.0], [4125.0, 1000.0], [4125.25, 3500.0], [4125.5, 11782.0], [4125.75, 160.0], [4128.5, 350.0], [4128.75, 6006.0], [4129.0, 20949.0], [4129.75, 5013.0], [4130.0, 27776.0], [4130.25, 20363.0], [4133.25, 346.0], [4133.5, 2.0], [4134.75, 36398.0], [4135.75, 358.0], [4136.0, 40000.0], [4136.25, 341.0], [4136.5, 400.0]]}}}
{"jsonrpc": "2.0", "method": "subscription", "params": {"channel": "book.ETH-7NOV25.none.20.100ms", "data": {"timestamp": 1761665211686, "change_id": 93793981030, "instrument_name": "ETH-7NOV25", "bids": [[4124.25, 1160.0], [4124.0, 4714.0], [4123.75, 10521.0], [4123.5, 24839.0], [4123.25, 25274.0], [4118.75, 349.0], [4118.5, 614.0], [4118.25, 2244.0], [4118.0, 10580.0], [4117.75, 14261.0], [4117.5, 5537.0], [4117.25, 18897.0], [4116.25, 347.0], [4115.75, 350.0], [4115.5, 439.0], [4115.25, 1470.0], [4114.75, 358.0], [4114.5, 15800.0], [4114.25, 37939.0], [4112.25, 343.0]], "asks": [[4124.5, 1329.0], [4124.75, 3056.0], [4125.0, 4056.0], [4125.25, 3056.0], [4125.5, 14282.0], [4125.75, 471.0], [4128.5, 350.0], [4128.75, 6006.0], [4129.0, 20949.0], [4129.75, 6827.0], [4130.0, 22250.0], [4130.25, 1850.0], [4130.5, 5526.0], [4130.75, 18513.0], [4133.25, 346.0], [4133.5, 2.0], [4134.5, 10865.0], [4134.75, 36398.0], [4135.75, 358.0], [4136.0, 40000.0]]}}}
{"jsonrpc": "2.0", "method": "subscription", "params": {"channel": "book.ETH-7NOV25.none.20.100ms", "data": {"timestamp": 1761665211782, "change_id": 93793981247, "instrument_name": "ETH-7NOV25", "bids": [[4124.25, 1160.0], [4124.0, 4714.0], [4123.75, 10521.0], [4123.5, 24839.0], [4123.25, 25274.0], [4118.75, 349.0], [4118.5, 614.0], [4118.25, 2244.0], [4118.0, 10580.0], [4117.75, 14261.0], [4117.5, 5537.0], [4117.25, 18897.0], [4116.25, 347.0], [4115.75, 350.0], [4115.5, 439.0], [4115.25, 1470.0], [4114.75, 358.0], [4114.5, 15800.0], [4114.25, 37939.0], [4112.25, 343.0]], "asks": [[4124.5, 1329.0], [4124.75, 3056.0], [4125.0, 4056.0], [4125.25, 5867.0], [4125.5, 25359.0], [4125.75, 160.0], [4128.5, 350.0], [4128.75, 6006.0], [4129.0, 20949.0], [4129.75, 6827.0], [4130.0, 22250.0], [4130.25, 1850.0], [4130.5, 5526.0], [4130.75, 18513.0], [4133.25, 346.0], [4133.5, 2.0], [4134.5, 10865.0], [4134.75, 36398.0], [4135.75, 358.0], [4136.0, 40000.0]]}}}
{"jsonrpc": "2.0", "method": "subscription", "params": {"channel": "book.ETH-7NOV25.none.20.100ms", "data": {"timestamp": 1761665212246, "change_id": 93793981831, "instrument_name": "ETH-7NOV25", "bids": [[4124.25, 1160.0], [4124.0, 4714.0], [4123.75, 10521.0], [4123.5, 17081.0], [4123.25, 1502.0], [4118.75, 349.0], [4118.5, 614.0], [4118.25, 2244.0], [4118.0, 10580.0], [4117.75, 14261.0], [4117.5, 5537.0], [4117.25, 18897.0], [4116.25, 347.0], [4115.75, 350.0], [4115.5, 439.0], [4115.25, 1470.0], [4114.75, 358.0], [4114.5, 15800.0], [4114.25, 37939.0], [4112.25, 343.0]], "asks": [[4124.5, 1329.0], [4124.75, 3056.0], [4125.0, 4056.0], [4125.25, 5867.0], [4125.5, 25359.0], [4125.75, 160.0], [4128.5, 350.0], [4128.75, 6006.0], [4129.0, 20949.0], [4129.75, 6827.0], [4130.0, 22250.0], [4130.25, 1850.0], [4130.5, 5526.0], [4130.75, 18513.0], [4133.25, 346.0], [4133.5, 2.0], [4134.5, 10865.0], [4134.75, 36398.0], [4135.75, 358.0], [4136.0, 40000.0]]}}}
{"jsonrpc": "2.0", "method": "subscription", "params": {"channel": "book.ETH-7NOV25.none.20.100ms", "data": {"timestamp": 1761665212396, "change_id": 93793981975, "instrument_name": "ETH-7NOV25", "bids": [[4124.25, 1160.0], [4124.0, 6468.0], [4123.75, 8021.0], [4123.5, 17081.0], [4123.25, 1502.0], [4118.75, 349.0], [4118.5, 614.0], [4118.25, 2244.0], [4118.0, 10580.0], [4117.75, 14261.0], [4117.5, 5537.0], [4117.25, 18897.0], [4116.25, 347.0], [4115.75, 350.0], [4115.5, 439.0], [4115.25, 1470.0], [4114.75, 358.0], [4114.5, 15800.0], [4114.25, 37939.0], [4112.25, 343.0]], "asks": [[4124.5, 1329.0], [4124.75, 3056.0], [4125.0, 4056.0], [4125.25, 5867.0], [4125.5, 25359.0], [4125.75, 160.0], [4128.5, 350.0], [4128.75, 6006.0], [4129.0, 20949.0], [4129.75, 6827.0], [4130.0, 22250.0], [4130.25, 1850.0], [4130.5, 5526.0], [4130.75, 18513.0], [4133.25, 346.0], [4133.5, 2.0], [4134.5, 10865.0], [4134.75, 36398.0], [4135.75, 358.0], [4136.0, 40000.0]]}}}
{"jsonrpc": "2.0", "method": "subscription", "params": {"channel": "book.ETH-7NOV25.none.20.100ms", "data": {"timestamp": 1761665213238, "change_id": 93793983179, "instrument_name": "ETH-7NOV25", "bids": [[4124.25, 1160.0], [4124.0, 16261.0], [4123.75, 41218.0], [4123.5, 17081.0], [4123.25, 1502.0], [4118.75, 349.0], [4118.5, 614.0], [4118.25, 2244.0], [4118.0, 10580.0], [4117.75, 14261.0], [4117.5, 5537.0], [4117.25, 18897.0], [4116.25, 347.0], [4115.75, 350.0], [4115.5, 439.0], [4115.25, 1470.0], [4114.75, 358.0], [4114.5, 15800.0], [4114.25, 37939.0], [4112.25, 343.0]], "asks": [[4124.5, 1329.0], [4124.75, 3056.0], [4125.0, 4056.0], [4125.25, 5867.0], [4125.5, 25359.0], [4125.75, 160.0], [4128.5, 350.0], [4128.75, 6006.0], [4129.0, 20949.0], [4129.75, 6827.0], [4130.0, 22250.0], [4130.25, 1850.0], [4130.5, 5526.0], [4130.75, 18513.0], [4133.25, 346.0], [4133.5, 2.0], [4134.5, 10865.0], [4134.75, 36398.0], [4135.75, 358.0], [4136.0, 40000.0]]}}}
{"jsonrpc": "2.0", "method": "subscription", "params": {"channel": "book.ETH-7NOV25.none.20.100ms", "data": {"timestamp": 1761665213412, "change_id": 93793983306, "instrument_name": "ETH-7NOV25", "bids": [[4124.25, 1160.0], [4124.0, 16261.0], [4123.75, 41218.0], [4123.5, 17081.0], [4123.25, 1502.0], [4118.75, 349.0], [4118.5, 614.0], [4118.25, 2244.0], [4118.0, 10580.0], [4117.75, 14261.0], [4117.5, 5537.0], [4117.25, 18897.0], [4115.75, 350.0], [4115.5, 439.0], [4115.25, 1470.0], [4114.75, 358.0], [4114.5, 15800.0], [4114.25, 37939.0], [4112.25, 343.0], [4112.0, 400.0]], "asks": [[4124.5, 1329.0], [4124.75, 3056.0], [4125.0, 4056.0], [4125.25, 5867.0], [4125.5, 25359.0], [4125.75, 160.0], [4128.5, 350.0], [4128.75, 6006.0], [4129.0, 20949.0], [4129.75, 6827.0], [4130.0, 22250.0], [4130.25, 1850.0], [4130.5, 5526.0], [4130.75, 18513.0], [4133.25, 346.0], [4133.5, 2.0], [4134.5, 10865.0], [4134.75, 36398.0], [4135.75, 358.0], [4136.0, 40000.0]]}}}
{"jsonrpc": "2.0", "method": "subscription", "params": {"channel": "book.ETH-7NOV25.none.20.100ms", "data": {"timestamp": 1761665213885, "change_id": 93793984254, "instrument_name": "ETH-7NOV25", "bids": [[4124.25, 1160.0], [4124.0, 13761.0], [4123.75, 43718.0], [4123.5, 17081.0], [4123.25, 1502.0], [4118.75, 349.0], [4118.5, 614.0], [4118.25, 2244.0], [4118.0, 10580.0], [4117.75, 14261.0], [4117.5, 5537.0], [4117.25, 18897.0], [4115.75, 350.0], [4115.5, 439.0], [4115.25, 1470.0], [4114.75, 358.0], [4114.5, 15800.0], [4114.25, 37939.0], [4112.25, 343.0], [4112.0, 400.0]], "asks": [[4124.5, 1000.0], [4124.75, 3057.0], [4125.0, 4056.0], [4125.25, 5867.0], [4125.5, 25359.0], [4125.75, 160.0], [4128.5, 350.0], [4128.75, 6006.0], [4129.0, 20949.0], [4129.75, 6827.0], [4130.0, 22250.0], [4130.25, 1850.0], [4130.5, 5526.0], [4130.75, 18513.0], [4133.25, 346.0], [4133.5, 2.0], [4134.5, 10865.0], [4134.75, 36398.0], [4135.75, 358.0], [4136.0, 40000.0]]}}}
{"jsonrpc": "2.0", "method": "subscription", "params": {"channel": "book.ETH-7NOV25.none.20.100ms", "data": {"timestamp": 1761665214209, "change_id": 93793985910, "instrument_name": "ETH-7NOV25", "bids": [[4124.75, 1160.0], [4124.5, 3944.0], [4124.25, 8556.0], [4124.0, 29838.0], [4123.75, 34197.0], [4123.5, 448.0], [4123.25, 1502.0], [4122.0, 347.0], [4120.25, 4356.0], [4120.0, 14594.0], [4118.75, 6069.0], [4118.5, 19164.0], [4118.25, 357.0], [4117.75, 341.0], [4117.25, 347.0], [4115.75, 350.0], [4115.5, 439.0], [4115.25, 1470.0], [4114.75, 358.0], [4114.5, 15800.0]], "asks": [[4125.0, 2000.0], [4125.25, 1000.0], [4125.5, 14839.0], [4125.75, 2368.0], [4126.25, 14577.0], [4126.5, 160.0], [4128.5, 350.0], [4128.75, 6006.0], [4129.0, 20949.0], [4129.75, 6827.0], [4130.0, 22250.0], [4130.25, 1850.0], [4130.5, 5526.0], [4130.75, 18513.0], [4133.25, 346.0], [4133.5, 2.0], [4134.5, 10865.0], [4134.75, 36398.0], [4135.75, 358.0], [4136.0, 40000.0]]}}}
{"jsonrpc": "2.0", "method": "subscription", "params": {"channel": "book.ETH-7NOV25.none.20.100ms", "data": {"timestamp": 1761665214654, "change_id": 93793988040, "instrument_name": "ETH-7NOV25", "bids": [[4125.5, 875.0], [4125.25, 4093.0], [4125.0, 4625.0], [4124.75, 10407.0], [4124.5, 17521.0], [4124.25, 1299.0], [4124.0, 11705.0], [4123.75, 34197.0], [4123.5, 448.0], [4123.25, 1502.0], [4122.0, 347.0], [4120.25, 4356.0], [4120.0, 14594.0], [4118.75, 6069.0], [4118.5, 25487.0], [4118.25, 357.0], [4117.75, 341.0], [4117.25, 347.0], [4115.75, 350.0], [4115.5, 439.0]], "asks": [[4126.25, 27358.0], [4126.5, 2218.0], [4128.5, 350.0], [4128.75, 6006.0], [4129.0, 20949.0], [4129.75, 6827.0], [4130.0, 22250.0], [4130.25, 1850.0], [4131.5, 5526.0], [4131.75, 18513.0], [4133.25, 346.0], [4133.5, 2.0], [4134.5, 10865.0], [4134.75, 36745.0], [4135.75, 12298.0], [4136.0, 40000.0], [4136.25, 341.0], [4136.5, 400.0], [4137.0, 37875.0], [4137.25, 357.0]]}}}
{"jsonrpc": "2.0", "method": "subscription", "params": {"channel": "book.ETH-7NOV25.none.20.100ms", "data": {"timestamp": 1761665214986, "change_id": 93793988746, "instrument_name": "ETH-7NOV25", "bids": [[4125.25, 160.0], [4125.0, 4593.0], [4124.75, 3357.0], [4124.5, 1317.0], [4124.25, 1299.0], [4124.0, 1299.0], [4123.75, 1000.0], [4123.5, 448.0], [4123.25, 1502.0], [4122.0, 347.0], [4120.25, 4356.0], [4120.0, 14594.0], [4118.75, 6069.0], [4118.5, 25487.0], [4118.25, 357.0], [4117.75, 341.0], [4117.25, 347.0], [4115.75, 350.0], [4115.5, 439.0], [4115.25, 1470.0]], "asks": [[4125.5, 329.0], [4125.75, 1000.0], [4126.0, 3058.0], [4126.25, 29416.0], [4126.5, 4718.0], [4128.5, 350.0], [4128.75, 6006.0], [4129.0, 20949.0], [4129.75, 6827.0], [4130.0, 22250.0], [4130.25, 1850.0], [4131.5, 5526.0], [4131.75, 18513.0], [4133.25, 346.0], [4133.5, 2.0], [4134.5, 10865.0], [4134.75, 36745.0], [4135.75, 12298.0], [4136.0, 40000.0], [4136.25, 341.0]]}}}
{"jsonrpc": "2.0", "method": "subscription", "params": {"channel": "book.ETH-7NOV25.none.20.100ms", "data": {"timestamp": 1761665215316, "change_id": 93793989646, "instrument_name": "ETH-7NOV25", "bids": [[4125.25, 1160.0], [4125.0, 12759.0], [4124.75, 41271.0], [4124.5, 7383.0], [4124.25, 14876.0], [4122.0, 347.0], [4120.25, 4356.0], [4120.0, 14594.0], [4118.75, 6069.0], [4118.5, 25487.0], [4118.25, 357.0], [4117.75, 341.0], [4117.25, 347.0], [4115.75, 350.0], [4115.5, 439.0], [4115.25, 1470.0], [4114.75, 358.0], [4114.5, 15800.0], [4114.25, 37939.0], [4112.25, 343.0]], "asks": [[4125.5, 12111.0], [4125.75, 3058.0], [4126.0, 3058.0], [4126.25, 20446.0], [4126.5, 160.0], [4128.5, 350.0], [4128.75, 6006.0], [4129.0, 20949.0], [4129.75, 6827.0], [4130.0, 22250.0], [4130.25, 1850.0], [4131.5, 5526.0], [4131.75, 18513.0], [4133.25, 346.0], [4133.5, 2.0], [4134.5, 10865.0], [4134.75, 36745.0], [4135.75, 12298.0], [4136.0, 40000.0], [4136.25, 341.0]]}}}
{"jsonrpc": "2.0", "method": "subscription", "params": {"channel": "book.ETH-7NOV25.none.20.100ms", "data": {"timestamp": 1761665215781, "change_id": 93793990293, "instrument_name": "ETH-7NOV25", "bids": [[4125.25, 1160.0], [4125.0, 15259.0], [4124.75, 38771.0], [4124.5, 7383.0], [4124.25, 14876.0], [4122.0, 347.0], [4120.25, 4356.0], [4120.0, 14594.0], [4118.75, 6069.0], [4118.5, 25487.0], [4118.25, 357.0], [4117.75, 341.0], [4117.25, 347.0], [4115.75, 350.0], [4115.5, 439.0], [4115.25, 1470.0], [4114.75, 358.0], [4114.5, 15800.0], [4114.25, 37939.0], [4112.25, 343.0]], "asks": [[4125.5, 12111.0], [4125.75, 3058.0], [4126.0, 3058.0], [4126.25, 20446.0], [4126.5, 160.0], [4128.5, 350.0], [4128.75, 6006.0], [4129.0, 20949.0], [4129.75, 6827.0], [4130.0, 22250.0], [4130.25, 1850.0], [4131.5, 5526.0], [4131.75, 18513.0], [4133.25, 346.0], [4133.5, 2.0], [4134.5, 10865.0], [4134.75, 36745.0], [4135.75, 12298.0], [4136.0, 40000.0], [4136.25, 341.0]]}}}
{"jsonrpc": "2.0", "method": "subscription", "params": {"channel": "book.ETH-7NOV25.none.20.100ms", "data": {"timestamp": 1761665216277, "change_id": 93793991020, "instrument_name": "ETH-7NOV25", "bids": [[4125.25, 160.0], [4125.0, 4152.0], [4124.75, 6090.0], [4124.5, 9883.0], [4124.25, 13876.0], [4122.0, 347.0], [4120.25, 4356.0], [4120.0, 14594.0], [4118.75, 6069.0], [4118.5, 25487.0], [4117.75, 341.0], [4117.25, 347.0], [4115.75, 350.0], [4115.5, 439.0], [4115.25, 1470.0], [4114.75, 358.0], [4114.5, 15800.0], [4114.25, 37939.0], [4112.25, 343.0], [4112.0, 400.0]], "asks": [[4125.5, 13111.0], [4125.75, 3058.0], [4126.0, 3058.0], [4126.25, 20446.0], [4126.5, 160.0], [4128.5, 350.0], [4128.75, 6006.0], [4129.0, 20949.0], [4129.75, 6827.0], [4130.0, 22250.0], [4130.25, 1850.0], [4131.5, 5526.0], [4131.75, 18513.0], [4133.25, 346.0], [4133.5, 2.0], [4134.5, 10865.0], [4134.75, 36745.0], [4135.75, 12298.0], [4136.0, 40000.0], [4136.25, 341.0]]}}}
{"jsonrpc": "2.0", "method": "subscription", "params": {"channel": "book.ETH-7NOV25.none.20.100ms", "data": {"timestamp": 1761665216385, "change_id": 93793991067, "instrument_name": "ETH-7NOV25", "bids": [[4125.25, 160.0], [4125.0, 5027.0], [4124.75, 8067.0], [4124.5, 7383.0], [4124.25, 13876.0], [4122.0, 347.0], [4120.25, 4356.0], [4120.0, 14594.0], [4118.75, 6069.0], [4118.5, 25487.0], [4117.75, 341.0], [4117.25, 347.0], [4115.75, 350.0], [4115.5, 439.0], [4115.25, 1470.0], [4114.75, 358.0], [4114.5, 15800.0], [4114.25, 37939.0], [4112.25, 343.0], [4112.0, 400.0]], "asks": [[4125.5, 13111.0], [4125.75, 3058.0], [4126.0, 3058.0], [4126.25, 20446.0], [4126.5, 160.0], [4128.5, 350.0], [4128.75, 6006.0], [4129.0, 20949.0], [4129.75, 6827.0], [4130.0, 22250.0], [4130.25, 1850.0], [4131.5, 5526.0], [4131.75, 18513.0], [4133.25, 346.0], [4133.5, 2.0], [4134.5, 10865.0], [4134.75, 36745.0], [4135.75, 12298.0], [4136.0, 40000.0], [4136.25, 341.0]]}}}
{"jsonrpc": "2.0", "method": "subscription", "params": {"channel": "book.ETH-7NOV25.none.20.100ms", "data": {"timestamp": 1761665216729, "change_id": 93793991693, "instrument_name": "ETH-7NOV25", "bids": [[4125.25, 160.0], [4125.0, 10512.0], [4124.75, 26817.0], [4124.5, 7383.0], [4124.25, 13876.0], [4122.0, 347.0], [4120.25, 4356.0], [4120.0, 14594.0], [4118.75, 6069.0], [4118.5, 25487.0], [4117.75, 341.0], [4117.25, 347.0], [4115.75, 350.0], [4115.5, 439.0], [4115.25, 1470.0], [4114.75, 358.0], [4114.5, 15800.0], [4114.25, 37939.0], [4112.25, 343.0], [4112.0, 400.0]], "asks": [[4125.5, 13111.0], [4125.75, 3058.0], [4126.0, 3058.0], [4126.25, 20446.0], [4126.5, 160.0], [4128.5, 350.0], [4128.75, 6006.0], [4129.0, 20949.0], [4129.75, 6827.0], [4130.0, 22250.0], [4130.25, 1850.0], [4131.5, 5526.0], [4131.75, 18513.0], [4133.25, 346.0], [4133.5, 2.0], [4134.5, 10865.0], [4134.75, 36745.0], [4135.75, 12298.0], [4136.0, 40000.0], [4136.25, 341.0]]}}}
{"jsonrpc": "2.0", "method": "subscription", "params": {"channel": "book.ETH-7NOV25.none.20.100ms", "data": {"timestamp": 1761665217090, "change_id": 93793992211, "instrument_name": "ETH-7NOV25", "bids": [[4125.25, 160.0], [4125.0, 9512.0], [4124.75, 24840.0], [4124.5, 9883.0], [4124.25, 13876.0], [4122.0, 347.0], [4120.25, 4356.0], [4120.0, 14594.0], [4118.75, 6069.0], [4118.5, 25487.0], [4117.75, 341.0], [4117.25, 347.0], [4115.75, 350.0], [4115.5, 439.0], [4115.25, 1470.0], [4114.75, 358.0], [4114.5, 15800.0], [4114.25, 37939.0], [4112.25, 343.0], [4112.0, 400.0]], "asks": [[4125.5, 1329.0], [4125.75, 3058.0], [4126.0, 3058.0], [4126.25, 20446.0], [4126.5, 11945.0], [4128.5, 350.0], [4128.75, 6006.0], [4129.0, 20949.0], [4129.75, 6827.0], [4130.0, 22250.0], [4130.25, 1850.0], [4131.5, 5526.0], [4131.75, 18513.0], [4133.25, 346.0], [4133.5, 2.0], [4134.5, 10865.0], [4134.75, 36745.0], [4135.75, 12298.0], [4136.0, 40000.0], [4136.25, 341.0]]}}}
{"jsonrpc": "2.0", "method": "subscription", "params": {"channel": "book.ETH-7NOV25.none.20.100ms", "data": {"timestamp": 1761665217639, "change_id": 93793992722, "instrument_name": "ETH-7NOV25", "bids": [[4125.25, 160.0], [4125.0, 9512.0], [4124.75, 24840.0], [4124.5, 9883.0], [4124.25, 13876.0], [4122.0, 347.0], [4120.25, 4356.0], [4120.0, 14594.0], [4118.75, 6069.0], [4118.5, 25487.0], [4117.75, 341.0], [4117.25, 347.0], [4115.75, 350.0], [4115.5, 439.0], [4115.25, 1470.0], [4114.75, 358.0], [4114.5, 15800.0], [4114.25, 37939.0], [4112.25, 343.0], [4112.0, 400.0]], "asks": [[4125.5, 1329.0], [4125.75, 3058.0], [4126.0, 5558.0], [4126.25, 17946.0], [4126.5, 11945.0], [4128.5, 350.0], [4128.75, 6006.0], [4129.0, 20949.0], [4129.75, 6827.0], [4130.0, 22250.0], [4130.25, 1850.0], [4131.5, 5526.0], [4131.75, 18513.0], [4133.25, 346.0], [4133.5, 2.0], [4134.5, 10865.0], [4134.75, 36745.0], [4135.75, 12298.0], [4136.0, 40000.0], [4136.25, 341.0]]}}}
{"jsonrpc": "2.0", "method": "subscription", "params": {"channel": "book.ETH-7NOV25.none.20.100ms", "data": {"timestamp": 1761665218231, "change_id": 93793995115, "instrument_name": "ETH-7NOV25", "bids": [[4125.75, 1810.0], [4125.5, 3948.0], [4125.25, 8107.0], [4125.0, 24089.0], [4124.75, 24051.0], [4122.0, 347.0], [4120.25, 4356.0], [4120.0, 14594.0], [4119.0, 1992.0], [4118.75, 12392.0], [4118.5, 19164.0], [4117.75, 341.0], [4117.25, 347.0], [4116.5, 11222.0], [4116.25, 37593.0], [4115.75, 350.0], [4115.5, 439.0], [4115.25, 1470.0], [4114.75, 358.0], [4114.5, 4475.0]], "asks": [[4126.25, 2000.0], [4126.5, 14845.0], [4126.75, 2060.0], [4127.0, 2372.0], [4128.25, 451.0], [4128.5, 1510.0], [4129.0, 343.0], [4129.75, 6827.0], [4130.0, 22250.0], [4130.25, 1850.0], [4131.0, 1937.0], [4131.25, 6489.0], [4131.5, 5526.0], [4131.75, 14695.0], [4132.0, 5526.0], [4132.25, 18513.0], [4133.25, 346.0], [4133.5, 2.0], [4134.5, 10865.0], [4134.75, 36745.0]]}}}
{"jsonrpc": "2.0", "method": "subscription", "params": {"channel": "book.ETH-7NOV25.none.20.100ms", "data": {"timestamp": 1761665218623, "change_id": 93793996284, "instrument_name": "ETH-7NOV25", "bids": [[4125.5, 479.0], [4125.25, 3133.0], [4125.0, 4516.0], [4124.75, 9055.0], [4124.5, 13577.0], [4122.0, 347.0], [4120.25, 4356.0], [4120.0, 14594.0], [4119.0, 1992.0], [4118.75, 12392.0], [4118.5, 19164.0], [4117.75, 341.0], [4117.25, 347.0], [4116.5, 11222.0], [4116.25, 37593.0], [4115.75, 350.0], [4115.25, 1470.0], [4114.75, 358.0], [4114.5, 4475.0], [4114.25, 346.0]], "asks": [[4126.25, 15577.0], [4126.5, 15249.0], [4126.75, 2768.0], [4127.0, 2532.0], [4128.25, 451.0], [4128.5, 1350.0], [4129.0, 343.0], [4129.5, 4022.0], [4129.75, 20812.0], [4130.0, 22250.0], [4130.25, 1850.0], [4131.0, 1937.0], [4131.25, 6489.0], [4131.75, 344.0], [4132.0, 5526.0], [4132.25, 18513.0], [4133.25, 346.0], [4133.5, 2.0], [4134.5, 10865.0], [4134.75, 36745.0]]}}}
{"jsonrpc": "2.0", "method": "subscription", "params": {"channel": "book.ETH-7NOV25.none.20.100ms", "data": {"timestamp": 1761665218817, "change_id": 93793996911, "instrument_name": "ETH-7NOV25", "bids": [[4125.25, 1073.0], [4125.0, 4516.0], [4124.75, 9055.0], [4124.5, 13577.0], [4122.0, 347.0], [4120.25, 4356.0], [4120.0, 14594.0], [4119.0, 1992.0], [4118.75, 12392.0], [4118.5, 19164.0], [4117.25, 347.0], [4116.5, 11222.0], [4116.25, 37593.0], [4115.75, 350.0], [4115.25, 1470.0], [4114.75, 358.0], [4114.5, 4475.0], [4114.25, 346.0], [4113.25, 36772.0], [4112.25, 343.0]], "asks": [[4126.25, 18077.0], [4126.5, 15249.0], [4126.75, 2768.0], [4127.0, 2532.0], [4128.25, 451.0], [4128.5, 1350.0], [4129.0, 343.0], [4129.5, 4022.0], [4129.75, 20812.0], [4130.0, 22250.0], [4130.25, 1850.0], [4131.0, 1937.0], [4131.25, 6489.0], [4131.75, 344.0], [4132.0, 5526.0], [4132.25, 18513.0], [4133.25, 346.0], [4133.5, 2.0], [4134.5, 10865.0], [4134.75, 36745.0]]}}}
{"jsonrpc": "2.0", "method": "subscription", "params": {"channel": "book.ETH-7NOV25.none.20.100ms", "data": {"timestamp": 1761665219132, "change_id": 93793997236, "instrument_name": "ETH-7NOV25", "bids": [[4125.25, 1073.0], [4125.0, 4516.0], [4124.75, 11116.0], [4124.5, 15638.0], [4122.0, 347.0], [4120.25, 4356.0], [4120.0, 14594.0], [4119.0, 1992.0], [4118.75, 12392.0], [4118.5, 19164.0], [4117.25, 347.0], [4116.5, 11222.0], [4116.25, 37593.0], [4115.75, 350.0], [4115.25, 1470.0], [4114.75, 358.0], [4114.5, 4475.0], [4114.25, 346.0], [4113.25, 36772.0], [4112.25, 343.0]], "asks": [[4126.25, 18077.0], [4126.5, 15249.0], [4126.75, 2768.0], [4127.0, 2532.0], [4128.5, 350.0], [4129.0, 343.0], [4129.5, 4022.0], [4129.75, 20812.0], [4130.0, 22250.0], [4130.25, 1850.0], [4131.0, 1937.0], [4131.25, 6489.0], [4131.75, 344.0], [4132.0, 5526.0], [4132.25, 18513.0], [4133.25, 346.0], [4133.5, 2.0], [4134.5, 10865.0], [4134.75, 36745.0], [4136.25, 341.0]]}}}
{"jsonrpc": "2.0", "method": "subscription", "params": {"channel": "book.ETH-7NOV25.none.20.100ms", "data": {"timestamp": 1761665219596, "change_id": 93793998215, "instrument_name": "ETH-7NOV25", "bids": [[4125.25, 160.0], [4125.0, 30534.0], [4124.75, 11116.0], [4124.5, 15638.0], [4122.0, 347.0], [4120.25, 4356.0], [4120.0, 14594.0], [4119.0, 1992.0], [4118.75, 12392.0], [4118.5, 19164.0], [4117.25, 347.0], [4116.5, 11222.0], [4116.25, 37593.0], [4115.75, 350.0], [4115.25, 1470.0], [4114.75, 358.0], [4114.5, 4475.0], [4114.25, 346.0], [4113.25, 36772.0], [4112.25, 343.0]], "asks": [[4125.5, 1329.0], [4125.75, 2061.0], [4126.0, 2061.0], [4126.25, 20450.0], [4126.5, 12785.0], [4126.75, 4340.0], [4127.0, 19425.0], [4128.5, 350.0], [4129.0, 343.0], [4129.5, 4022.0], [4129.75, 20812.0], [4130.0, 22250.0], [4130.25, 1850.0], [4131.0, 1937.0], [4131.25, 6489.0], [4131.75, 344.0], [4132.0, 5526.0], [4132.25, 18513.0], [4133.25, 346.0], [4133.5, 2.0]]}}}
{"jsonrpc": "2.0", "method": "subscription", "params": {"channel": "book.ETH-7NOV25.none.20.100ms", "data": {"timestamp": 1761665220102, "change_id": 93793999004, "instrument_name": "ETH-7NOV25", "bids": [[4125.25, 160.0], [4125.0, 30534.0], [4124.75, 11116.0], [4124.5, 15638.0], [4122.0, 347.0], [4120.25, 4356.0], [4120.0, 14594.0], [4119.0, 1992.0], [4118.75, 12392.0], [4118.5, 19164.0], [4117.25, 347.0], [4116.5, 11222.0], [4116.25, 37593.0], [4115.75, 350.0], [4115.25, 1470.0], [4114.75, 358.0], [4114.5, 4475.0], [4114.25, 346.0], [4113.25, 36772.0], [4112.25, 343.0]], "asks": [[4125.5, 1329.0], [4125.75, 3061.0], [4126.0, 3061.0], [4126.25, 20450.0], [4126.5, 12785.0], [4126.75, 4340.0], [4127.0, 19425.0], [4128.5, 350.0], [4129.0, 343.0], [4129.5, 4022.0], [4129.75, 20812.0], [4130.0, 22250.0], [4130.25, 1850.0], [4131.0, 1937.0], [4131.25, 6489.0], [4131.75, 344.0], [4132.0, 5526.0], [4132.25, 18513.0], [4133.25, 346.0], [4133.5, 2.0]]}}}
{"jsonrpc": "2.0", "method": "subscription", "params": {"channel": "book.ETH-7NOV25.none.20.100ms", "data": {"timestamp": 1761665220598, "change_id": 93794000311, "instrument_name": "ETH-7NOV25", "bids": [[4124.75, 1000.0], [4124.5, 3385.0], [4124.25, 9973.0], [4124.0, 15638.0], [4122.0, 347.0], [4120.0, 347.0], [4118.75, 6069.0], [4118.5, 19164.0], [4118.25, 344.0], [4117.75, 6092.0], [4117.5, 20065.0], [4117.25, 347.0], [4116.5, 11222.0], [4116.25, 37593.0], [4115.75, 350.0], [4115.5, 439.0], [4115.25, 1470.0], [4114.75, 358.0], [4114.5, 4475.0], [4114.25, 346.0]], "asks": [[4125.0, 329.0], [4125.25, 3061.0], [4125.5, 3061.0], [4125.75, 3373.0], [4126.0, 1000.0], [4126.25, 20213.0], [4126.5, 12945.0], [4126.75, 4340.0], [4127.0, 19265.0], [4128.5, 350.0], [4129.0, 343.0], [4129.5, 4328.0], [4129.75, 20812.0], [4130.0, 22250.0], [4130.25, 1850.0], [4131.0, 1937.0], [4131.25, 6489.0], [4131.75, 344.0], [4132.0, 5526.0], [4132.25, 18513.0]]}}}
{"jsonrpc": "2.0", "method": "subscription", "params": {"channel": "book.ETH-7NOV25.none.20.100ms", "data": {"timestamp": 1761665220808, "change_id": 93794000961, "instrument_name": "ETH-7NOV25", "bids": [[4124.5, 2826.0], [4124.25, 9973.0], [4124.0, 15638.0], [4122.0, 347.0], [4120.5, 4496.0], [4120.25, 13909.0], [4120.0, 347.0], [4118.75, 6069.0], [4118.5, 19164.0], [4118.25, 344.0], [4117.75, 2231.0], [4117.5, 6323.0], [4117.25, 347.0], [4116.5, 11222.0], [4116.25, 37593.0], [4115.75, 350.0], [4115.5, 439.0], [4115.25, 1470.0], [4114.75, 358.0], [4114.5, 4475.0]], "asks": [[4125.0, 329.0], [4125.25, 3061.0], [4125.5, 3061.0], [4125.75, 3373.0], [4126.0, 3500.0], [4126.25, 17713.0], [4126.5, 12945.0], [4126.75, 4340.0], [4127.0, 19265.0], [4128.5, 350.0], [4129.0, 343.0], [4129.5, 4328.0], [4129.75, 20812.0], [4130.0, 22250.0], [4130.25, 1850.0], [4131.0, 1937.0], [4131.25, 6489.0], [4131.75, 344.0], [4132.0, 5526.0], [4132.25, 18513.0]]}}}
{"jsonrpc": "2.0", "method": "subscription", "params": {"channel": "book.ETH-7NOV25.none.20.100ms", "data": {"timestamp": 1761665221278, "change_id": 93794002244, "instrument_name": "ETH-7NOV25", "bids": [[4124.5, 2165.0], [4124.25, 2221.0], [4124.0, 2061.0], [4123.75, 13577.0], [4122.0, 347.0], [4120.5, 344.0], [4120.0, 347.0], [4118.75, 14709.0], [4118.5, 19164.0], [4118.25, 344.0], [4117.75, 344.0], [4117.25, 347.0], [4116.5, 11222.0], [4116.25, 37593.0], [4115.75, 350.0], [4115.25, 1470.0], [4114.75, 358.0], [4114.5, 4475.0], [4114.25, 346.0], [4113.25, 36772.0]], "asks": [[4125.0, 1329.0], [4125.25, 4061.0], [4125.5, 3061.0], [4125.75, 19659.0], [4126.0, 1000.0], [4126.25, 3136.0], [4126.5, 11945.0], [4128.5, 350.0], [4129.0, 343.0], [4129.5, 4328.0], [4129.75, 20812.0], [4130.0, 22250.0], [4130.25, 1850.0], [4131.25, 6489.0], [4131.75, 344.0], [4133.25, 346.0], [4133.5, 2.0], [4134.5, 10865.0], [4134.75, 36745.0], [4136.25, 341.0]]}}}
{"jsonrpc": "2.0", "method": "subscription", "params": {"channel": "book.ETH-7NOV25.none.20.100ms", "data": {"timestamp": 1761665221558, "change_id": 93794004540, "instrument_name": "ETH-7NOV25", "bids": [[4123.5, 160.0], [4123.0, 2063.0], [4122.75, 2063.0], [4120.0, 347.0], [4118.75, 14709.0], [4118.5, 614.0], [4118.25, 344.0], [4117.75, 344.0], [4117.25, 347.0], [4116.75, 344.0], [4115.75, 350.0], [4115.25, 1470.0], [4114.75, 358.0], [4114.5, 4475.0], [4114.25, 37939.0], [4113.25, 36772.0], [4112.25, 343.0], [4112.0, 400.0], [4111.75, 368.0], [4111.5, 40000.0]], "asks": [[4123.75, 1329.0], [4124.0, 2063.0], [4124.25, 2063.0], [4124.5, 2375.0], [4124.75, 1329.0], [4125.0, 3063.0], [4125.25, 1000.0], [4125.5, 12945.0], [4125.75, 3812.0], [4129.0, 343.0], [4129.75, 14500.0], [4130.0, 21698.0], [4130.25, 1850.0], [4130.75, 344.0], [4131.0, 18513.0], [4131.25, 6489.0], [4131.75, 344.0], [4133.25, 346.0], [4133.5, 2.0], [4134.75, 36745.0]]}}}
{"jsonrpc": "2.0", "method": "subscription", "params": {"channel": "book.ETH-7NOV25.none.20.100ms", "data": {"timestamp": 1761665221861, "change_id": 93794005752, "instrument_name": "ETH-7NOV25", "bids": [[4123.5, 160.0], [4123.25, 16693.0], [4123.0, 2679.0], [4122.75, 2063.0], [4120.0, 347.0], [4119.0, 4391.0], [4118.75, 14709.0], [4118.5, 614.0], [4118.25, 344.0], [4117.75, 344.0], [4117.25, 347.0], [4116.75, 344.0], [4115.75, 350.0], [4115.5, 439.0], [4115.25, 1470.0], [4114.75, 1694.0], [4114.5, 15800.0], [4114.25, 37939.0], [4113.25, 36772.0], [4112.25, 343.0]], "asks": [[4123.75, 329.0], [4124.25, 2063.0], [4124.5, 2375.0], [4124.75, 1000.0], [4125.0, 3500.0], [4125.25, 14577.0], [4125.5, 12945.0], [4125.75, 1000.0], [4126.0, 26851.0], [4129.0, 343.0], [4129.75, 14500.0], [4130.0, 21698.0], [4130.25, 1850.0], [4130.75, 344.0], [4131.0, 18513.0], [4131.25, 6489.0], [4131.75, 344.0], [4133.25, 346.0], [4133.5, 2.0], [4134.75, 36745.0]]}}}
{"jsonrpc": "2.0", "method": "subscription", "params": {"channel": "book.ETH-7NOV25.none.20.100ms", "data": {"timestamp": 1761665222250, "change_id": 93794006431, "instrument_name": "ETH-7NOV25", "bids": [[4123.5, 5162.0], [4123.25, 15193.0], [4123.0, 2679.0], [4122.75, 2063.0], [4120.0, 347.0], [4119.0, 4391.0], [4118.75, 14709.0], [4118.5, 614.0], [4118.25, 344.0], [4117.75, 344.0], [4117.25, 347.0], [4116.75, 344.0], [4115.75, 350.0], [4115.5, 439.0], [4115.25, 1470.0], [4114.75, 1694.0], [4114.5, 15800.0], [4114.25, 37939.0], [4113.25, 36772.0], [4112.25, 343.0]], "asks": [[4123.75, 329.0], [4124.5, 2375.0], [4124.75, 1000.0], [4125.0, 3500.0], [4125.25, 14577.0], [4125.5, 13244.0], [4125.75, 4881.0], [4126.0, 26851.0], [4129.0, 343.0], [4129.5, 4328.0], [4129.75, 20977.0], [4130.0, 22250.0], [4130.25, 1850.0], [4130.75, 5870.0], [4131.0, 20450.0], [4131.25, 6489.0], [4131.75, 344.0], [4133.25, 346.0], [4133.5, 2.0], [4134.75, 36745.0]]}}}
{"jsonrpc": "2.0", "method": "subscription", "params": {"channel": "book.ETH-7NOV25.none.20.100ms", "data": {"timestamp": 1761665222487, "change_id": 93794007104, "instrument_name": "ETH-7NOV25", "bids": [[4124.0, 160.0], [4123.75, 6823.0], [4123.5, 8915.0], [4123.25, 26468.0], [4123.0, 33191.0], [4120.0, 347.0], [4119.0, 4391.0], [4118.75, 14709.0], [4118.5, 614.0], [4118.25, 344.0], [4117.75, 344.0], [4117.25, 347.0], [4116.75, 344.0], [4115.75, 350.0], [4115.5, 439.0], [4115.25, 1470.0], [4114.75, 1694.0], [4114.5, 15800.0], [4114.25, 37939.0], [4113.25, 36772.0]], "asks": [[4124.25, 1329.0], [4124.5, 2062.0], [4124.75, 4062.0], [4125.0, 5874.0], [4125.25, 14577.0], [4125.5, 13244.0], [4125.75, 4881.0], [4126.0, 26851.0], [4129.0, 343.0], [4129.5, 4328.0], [4129.75, 20977.0], [4130.0, 22250.0], [4130.25, 1850.0], [4130.75, 5870.0], [4131.0, 20450.0], [4131.25, 6489.0], [4131.75, 344.0], [4133.25, 346.0], [4133.5, 2.0], [4134.75, 36745.0]]}}}
{"jsonrpc": "2.0", "method": "subscription", "params": {"channel": "book.ETH-7NOV25.none.20.100ms", "data": {"timestamp": 1761665223242, "change_id": 93794008471, "instrument_name": "ETH-7NOV25", "bids": [[4124.0, 1160.0], [4123.75, 6823.0], [4123.5, 8915.0], [4123.25, 26468.0], [4123.0, 33191.0], [4120.0, 347.0], [4119.0, 4391.0], [4118.75, 14709.0], [4118.5, 614.0], [4118.25, 344.0], [4117.75, 344.0], [4117.25, 347.0], [4116.75, 344.0], [4115.75, 350.0], [4115.5, 439.0], [4115.25, 1470.0], [4114.75, 1694.0], [4114.5, 15800.0], [4114.25, 37939.0], [4113.25, 36772.0]], "asks": [[4124.25, 1329.0], [4124.5, 2062.0], [4124.75, 4062.0], [4125.0, 5874.0], [4125.25, 14577.0], [4125.5, 1459.0], [4125.75, 4881.0], [4126.0, 26851.0], [4126.75, 3518.0], [4127.0, 11786.0], [4129.0, 343.0], [4129.5, 4328.0], [4129.75, 20977.0], [4130.0, 22250.0], [4130.25, 1850.0], [4130.75, 5870.0], [4131.0, 20450.0], [4131.25, 6489.0], [4131.75, 344.0], [4133.25, 346.0]]}}}
{"jsonrpc": "2.0", "method": "subscription", "params": {"channel": "book.ETH-7NOV25.none.20.100ms", "data": {"timestamp": 1761665223457, "change_id": 93794008686, "instrument_name": "ETH-7NOV25", "bids": [[4124.0, 160.0], [4123.75, 6823.0], [4123.5, 8915.0], [4123.25, 17255.0], [4120.0, 347.0], [4119.0, 4391.0], [4118.75, 14709.0], [4118.5, 614.0], [4118.25, 344.0], [4117.75, 344.0], [4117.25, 347.0], [4116.75, 344.0], [4115.75, 350.0], [4115.5, 439.0], [4115.25, 1470.0], [4114.75, 1694.0], [4114.5, 15800.0], [4114.25, 37939.0], [4113.25, 36772.0], [4112.25, 343.0]], "asks": [[4124.25, 1329.0], [4124.5, 2062.0], [4124.75, 4062.0], [4125.0, 5874.0], [4125.25, 14577.0], [4125.5, 1459.0], [4125.75, 4881.0], [4126.0, 26851.0], [4126.75, 3518.0], [4127.0, 11786.0], [4129.0, 343.0], [4129.5, 4328.0], [4129.75, 20977.0], [4130.0, 22250.0], [4130.25, 1850.0], [4130.75, 5870.0], [4131.0, 20450.0], [4131.25, 6489.0], [4131.75, 344.0], [4133.25, 346.0]]}}}
{"jsonrpc": "2.0", "method": "subscription", "params": {"channel": "book.ETH-7NOV25.none.20.100ms", "data": {"timestamp": 1761665223764, "change_id": 93794009426, "instrument_name": "ETH-7NOV25", "bids": [[4124.0, 160.0], [4123.75, 16283.0], [4123.5, 40607.0], [4123.25, 17255.0], [4120.0, 347.0], [4119.0, 4391.0], [4118.75, 14709.0], [4118.5, 614.0], [4118.25, 344.0], [4117.75, 344.0], [4117.25, 347.0], [4116.75, 344.0], [4115.75, 350.0], [4115.5, 439.0], [4115.25, 1470.0], [4114.75, 1694.0], [4114.5, 15800.0], [4114.25, 37939.0], [4113.25, 36772.0], [4112.25, 343.0]], "asks": [[4124.25, 1329.0], [4124.5, 2062.0], [4124.75, 4062.0], [4125.0, 5874.0], [4125.25, 14577.0], [4125.5, 1459.0], [4125.75, 4881.0], [4126.0, 26851.0], [4126.75, 3518.0], [4127.0, 11786.0], [4129.0, 343.0], [4129.5, 4328.0], [4129.75, 20977.0], [4130.0, 22250.0], [4130.25, 1850.0], [4130.75, 5870.0], [4131.0, 20450.0], [4131.25, 6489.0], [4131.75, 344.0], [4133.25, 346.0]]}}}
{"jsonrpc": "2.0", "method": "subscription", "params": {"channel": "book.ETH-7NOV25.none.20.100ms", "data": {"timestamp": 1761665224144, "change_id": 93794009782, "instrument_name": "ETH-7NOV25", "bids": [[4124.0, 1160.0], [4123.75, 16283.0], [4123.5, 40607.0], [4123.25, 16255.0], [4120.0, 347.0], [4119.0, 4391.0], [4118.75, 14709.0], [4118.5, 614.0], [4117.75, 344.0], [4117.25, 347.0], [4116.75, 344.0], [4115.75, 350.0], [4115.5, 439.0], [4115.25, 1470.0], [4114.75, 1694.0], [4114.5, 15800.0], [4114.25, 37939.0], [4113.25, 36772.0], [4112.25, 343.0], [4112.0, 400.0]], "asks": [[4124.25, 1329.0], [4124.5, 2062.0], [4124.75, 4062.0], [4125.0, 3374.0], [4125.25, 17077.0], [4125.5, 1459.0], [4125.75, 4881.0], [4126.0, 26851.0], [4126.75, 3518.0], [4127.0, 11786.0], [4129.0, 343.0], [4129.5, 4328.0], [4129.75, 20977.0], [4130.0, 22250.0], [4130.25, 1850.0], [4130.75, 5870.0], [4131.0, 20450.0], [4131.25, 6489.0], [4133.25, 346.0], [4133.5, 2.0]]}}}
{"jsonrpc": "2.0", "method": "subscription", "params": {"channel": "book.ETH-7NOV25.none.20.100ms", "data": {"timestamp": 1761665224585, "change_id": 93794010835, "instrument_name": "ETH-7NOV25", "bids": [[4124.25, 1918.0], [4124.0, 4883.0], [4123.75, 29860.0], [4123.5, 36872.0], [4120.0, 347.0], [4119.0, 4391.0], [4118.75, 14709.0], [4118.5, 614.0], [4117.75, 344.0], [4117.25, 347.0], [4117.0, 6323.0], [4116.75, 344.0], [4116.25, 5881.0], [4116.0, 18550.0], [4115.75, 350.0], [4115.5, 439.0], [4115.25, 1470.0], [4114.75, 1694.0], [4114.5, 15800.0], [4114.25, 37939.0]], "asks": [[4124.75, 1000.0], [4125.25, 3063.0], [4125.5, 3375.0], [4125.75, 1000.0], [4126.25, 2500.0], [4126.5, 160.0], [4126.75, 3518.0], [4127.0, 11786.0], [4129.0, 343.0], [4129.5, 4328.0], [4129.75, 20977.0], [4130.0, 22250.0], [4130.25, 1850.0], [4130.75, 344.0], [4131.0, 1937.0], [4131.25, 6489.0], [4132.0, 5526.0], [4132.25, 18513.0], [4133.25, 346.0], [4133.5, 2.0]]}}}
{"jsonrpc": "2.0", "method": "subscription", "params": {"channel": "book.ETH-7NOV25.none.20.100ms", "data": {"timestamp": 1761665224900, "change_id": 93794012558, "instrument_name": "ETH-7NOV25", "bids": [[4124.0, 10663.0], [4123.75, 27360.0], [4123.5, 36256.0], [4123.25, 2064.0], [4120.0, 347.0], [4119.0, 4391.0], [4118.75, 14709.0], [4118.5, 614.0], [4117.75, 344.0], [4117.25, 347.0], [4117.0, 6323.0], [4116.75, 344.0], [4116.25, 5881.0], [4116.0, 18550.0], [4115.75, 350.0], [4115.5, 439.0], [4115.25, 1470.0], [4114.75, 1694.0], [4114.5, 15800.0], [4114.25, 37939.0]], "asks": [[4124.5, 1329.0], [4124.75, 4064.0], [4125.0, 2064.0], [4125.25, 3375.0], [4125.5, 1312.0], [4125.75, 6026.0], [4126.0, 13737.0], [4126.75, 3518.0], [4127.0, 11786.0], [4129.0, 343.0], [4129.5, 4328.0], [4129.75, 20977.0], [4130.0, 22250.0], [4130.25, 1850.0], [4130.75, 344.0], [4131.0, 1937.0], [4131.25, 6489.0], [4132.0, 5526.0], [4132.25, 18513.0], [4133.25, 346.0]]}}}
{"jsonrpc": "2.0", "method": "subscription", "params": {"channel": "book.ETH-7NOV25.none.20.100ms", "data": {"timestamp": 1761665225154, "change_id": 93794012855, "instrument_name": "ETH-7NOV25", "bids": [[4124.0, 10663.0], [4123.75, 27360.0], [4123.5, 36872.0], [4123.25, 2064.0], [4120.0, 347.0], [4119.0, 4391.0], [4118.75, 14709.0], [4118.5, 614.0], [4117.75, 344.0], [4117.25, 347.0], [4117.0, 6323.0], [4116.75, 344.0], [4116.25, 5881.0], [4116.0, 18550.0], [4115.75, 350.0], [4115.5, 439.0], [4115.25, 1470.0], [4114.75, 1694.0], [4114.5, 15800.0], [4114.25, 37939.0]], "asks": [[4124.5, 1329.0], [4124.75, 4064.0], [4125.0, 3064.0], [4125.25, 3375.0], [4125.5, 2500.0], [4125.75, 14577.0], [4126.0, 160.0], [4126.75, 3518.0], [4127.0, 11786.0], [4129.0, 343.0], [4129.5, 4328.0], [4129.75, 20977.0], [4130.0, 22250.0], [4130.25, 1850.0], [4130.75, 344.0], [4131.0, 1937.0], [4131.25, 6489.0], [4132.0, 5526.0], [4132.25, 18513.0], [4133.25, 346.0]]}}}
{"jsonrpc": "2.0", "method": "subscription", "params": {"channel": "book.ETH-7NOV25.none.20.100ms", "data": {"timestamp": 1761665225554, "change_id": 93794014135, "instrument_name": "ETH-7NOV25", "bids": [[4124.0, 160.0], [4123.75, 10721.0], [4123.5, 36872.0], [4123.25, 6117.0], [4123.0, 13577.0], [4120.0, 347.0], [4118.75, 14709.0], [4118.5, 614.0], [4117.75, 344.0], [4117.25, 347.0], [4117.0, 6323.0], [4116.75, 344.0], [4116.25, 344.0], [4116.0, 18550.0], [4115.75, 350.0], [4115.25, 1470.0], [4114.75, 358.0], [4114.5, 4475.0], [4114.25, 37939.0], [4113.25, 36772.0]], "asks": [[4124.25, 1329.0], [4124.5, 1000.0], [4124.75, 4064.0], [4125.0, 3064.0], [4125.25, 31234.0], [4125.5, 160.0], [4129.0, 343.0], [4129.75, 14500.0], [4130.0, 21698.0], [4130.25, 1850.0], [4130.75, 344.0], [4131.25, 6489.0], [4132.0, 5526.0], [4132.25, 18513.0], [4133.25, 346.0], [4133.5, 2.0], [4134.75, 36745.0], [4136.25, 341.0], [4136.5, 400.0], [4136.75, 40344.0]]}}}
{"jsonrpc": "2.0", "method": "subscription", "params": {"channel": "book.ETH-7NOV25.none.20.100ms", "data": {"timestamp": 1761665225790, "change_id": 93794015176, "instrument_name": "ETH-7NOV25", "bids": [[4123.5, 1000.0], [4123.25, 4724.0], [4123.0, 2064.0], [4122.75, 15641.0], [4120.0, 347.0], [4118.75, 14709.0], [4118.5, 614.0], [4117.75, 344.0], [4117.25, 347.0], [4117.0, 6323.0], [4116.75, 344.0], [4116.25, 344.0], [4116.0, 18550.0], [4115.75, 350.0], [4115.25, 1470.0], [4114.75, 358.0], [4114.5, 4475.0], [4114.25, 37939.0], [4113.25, 36772.0], [4112.25, 343.0]], "asks": [[4123.75, 1329.0], [4124.0, 2064.0], [4124.25, 3393.0], [4124.5, 3064.0], [4124.75, 15577.0], [4125.0, 1000.0], [4125.25, 15282.0], [4125.5, 160.0], [4129.0, 343.0], [4129.75, 14500.0], [4130.0, 21698.0], [4130.25, 1850.0], [4130.75, 344.0], [4131.25, 6489.0], [4132.25, 18513.0], [4133.25, 346.0], [4133.5, 2.0], [4134.75, 36745.0], [4136.25, 341.0], [4136.5, 400.0]]}}}
{"jsonrpc": "2.0", "method": "subscription", "params": {"channel": "book.ETH-7NOV25.none.20.100ms", "data": {"timestamp": 1761665226214, "change_id": 93794015896, "instrument_name": "ETH-7NOV25", "bids": [[4123.5, 3500.0], [4123.25, 3840.0], [4123.0, 7733.0], [4122.75, 15641.0], [4120.0, 347.0], [4118.75, 14709.0], [4118.5, 614.0], [4117.75, 344.0], [4117.25, 347.0], [4117.0, 6323.0], [4116.75, 344.0], [4116.25, 344.0], [4116.0, 18550.0], [4115.75, 350.0], [4115.25, 1470.0], [4114.75, 358.0], [4114.5, 4475.0], [4114.25, 37939.0], [4113.25, 36772.0], [4112.25, 343.0]], "asks": [[4123.75, 329.0], [4124.25, 1000.0], [4124.5, 3064.0], [4124.75, 2000.0], [4125.0, 3500.0], [4125.25, 26359.0], [4125.5, 160.0], [4129.0, 343.0], [4129.75, 14500.0], [4130.0, 21698.0], [4130.25, 1850.0], [4130.75, 344.0], [4131.25, 6489.0], [4132.25, 18513.0], [4133.25, 346.0], [4133.5, 2.0], [4134.75, 36745.0], [4136.25, 341.0], [4136.5, 400.0], [4136.75, 40344.0]]}}}
{"jsonrpc": "2.0", "method": "subscription", "params": {"channel": "book.ETH-7NOV25.none.20.100ms", "data": {"timestamp": 1761665226557, "change_id": 93794016478, "instrument_name": "ETH-7NOV25", "bids": [[4123.5, 3500.0], [4123.25, 17417.0], [4123.0, 3680.0], [4122.75, 2064.0], [4120.0, 347.0], [4119.0, 4391.0], [4118.75, 14709.0], [4118.5, 614.0], [4117.25, 347.0], [4116.75, 344.0], [4116.5, 6323.0], [4116.25, 5881.0], [4116.0, 18550.0], [4115.75, 350.0], [4115.25, 1470.0], [4114.75, 358.0], [4114.5, 15800.0], [4114.25, 37939.0], [4113.25, 36772.0], [4112.25, 343.0]], "asks": [[4123.75, 329.0], [4124.25, 3064.0], [4124.5, 3376.0], [4124.75, 2000.0], [4125.0, 3500.0], [4125.25, 26359.0], [4125.5, 160.0], [4129.0, 343.0], [4129.75, 20977.0], [4130.0, 21698.0], [4130.25, 1850.0], [4130.75, 344.0], [4131.25, 6489.0], [4132.25, 18513.0], [4133.25, 346.0], [4133.5, 2.0], [4134.75, 36745.0], [4136.25, 341.0], [4136.5, 400.0], [4136.75, 40344.0]]}}}
{"jsonrpc": "2.0", "method": "subscription", "params": {"channel": "book.ETH-7NOV25.none.20.100ms", "data": {"timestamp": 1761665226895, "change_id": 93794018550, "instrument_name": "ETH-7NOV25", "bids": [[4122.5, 616.0], [4122.25, 3064.0], [4121.5, 160.0], [4120.5, 299.0], [4120.25, 1000.0], [4120.0, 347.0], [4119.0, 4391.0], [4118.75, 14709.0], [4118.5, 614.0], [4117.25, 347.0], [4116.75, 344.0], [4116.25, 344.0], [4115.75, 350.0], [4115.5, 439.0], [4115.25, 3357.0], [4115.0, 6323.0], [4114.75, 1694.0], [4114.5, 4475.0], [4114.25, 346.0], [4113.5, 10976.0]], "asks": [[4123.25, 1329.0], [4123.5, 1329.0], [4123.75, 4064.0], [4124.0, 2064.0], [4124.25, 3589.0], [4124.5, 1611.0], [4124.75, 2025.0], [4125.0, 7255.0], [4125.25, 12782.0], [4126.0, 344.0], [4127.25, 4135.0], [4127.5, 13853.0], [4129.0, 343.0], [4129.75, 6827.0], [4130.0, 22250.0], [4130.25, 1850.0], [4130.75, 344.0], [4131.25, 6489.0], [4132.25, 18513.0], [4133.25, 346.0]]}}}
{"jsonrpc": "2.0", "method": "subscription", "params": {"channel": "book.ETH-7NOV25.none.20.100ms", "data": {"timestamp": 1761665227223, "change_id": 93794019918, "instrument_name": "ETH-7NOV25", "bids": [[4122.5, 616.0], [4122.25, 2560.0], [4122.0, 5715.0], [4121.75, 13577.0], [4120.5, 299.0], [4120.25, 1000.0], [4120.0, 347.0], [4119.0, 4391.0], [4118.75, 14709.0], [4118.5, 614.0], [4117.25, 347.0], [4116.75, 344.0], [4116.25, 344.0], [4115.75, 350.0], [4115.5, 439.0], [4115.25, 1470.0], [4114.75, 1694.0], [4114.5, 4475.0], [4114.25, 346.0], [4112.25, 343.0]], "asks": [[4123.25, 1329.0], [4123.5, 1000.0], [4123.75, 8607.0], [4124.0, 15398.0], [4124.25, 1213.0], [4124.5, 1299.0], [4124.75, 2324.0], [4125.0, 1000.0], [4126.0, 344.0], [4127.25, 4135.0], [4127.5, 13853.0], [4129.0, 343.0], [4129.75, 6827.0], [4130.0, 22250.0], [4130.25, 1850.0], [4130.75, 344.0], [4131.25, 6489.0], [4132.25, 18513.0], [4133.25, 346.0], [4133.5, 2.0]]}}}
{"jsonrpc": "2.0", "method": "subscription", "params": {"channel": "book.ETH-7NOV25.none.20.100ms", "data": {"timestamp": 1761665227554, "change_id": 93794021244, "instrument_name": "ETH-7NOV25", "bids": [[4122.0, 4959.0], [4121.75, 16077.0], [4120.5, 299.0], [4120.25, 1000.0], [4120.0, 347.0], [4118.75, 349.0], [4118.5, 614.0], [4117.25, 347.0], [4116.75, 4540.0], [4116.5, 14057.0], [4116.25, 344.0], [4115.75, 350.0], [4115.25, 1470.0], [4114.75, 358.0], [4114.5, 4475.0], [4114.25, 346.0], [4112.75, 2230.0], [4112.5, 6323.0], [4112.25, 343.0], [4112.0, 400.0]], "asks": [[4123.25, 1329.0], [4123.5, 5217.0], [4123.75, 16641.0], [4124.0, 3523.0], [4124.25, 1000.0], [4124.5, 1000.0], [4124.75, 1000.0], [4125.0, 1000.0], [4125.25, 11783.0], [4126.0, 344.0], [4127.5, 13853.0], [4129.0, 343.0], [4129.75, 350.0], [4130.0, 21698.0], [4130.25, 1850.0], [4130.75, 344.0], [4131.25, 6489.0], [4132.25, 18513.0], [4133.25, 346.0], [4133.5, 2.0]]}}}
{"jsonrpc": "2.0", "method": "subscription", "params": {"channel": "book.ETH-7NOV25.none.20.100ms", "data": {"timestamp": 1761665227895, "change_id": 93794022583, "instrument_name": "ETH-7NOV25", "bids": [[4122.25, 1309.0], [4122.0, 5341.0], [4121.75, 2681.0], [4121.5, 6734.0], [4121.25, 13577.0], [4120.5, 299.0], [4120.25, 1000.0], [4120.0, 347.0], [4118.75, 349.0], [4118.5, 614.0], [4117.25, 347.0], [4116.75, 4540.0], [4116.5, 14057.0], [4116.25, 344.0], [4115.75, 350.0], [4115.25, 352.0], [4114.75, 358.0], [4114.5, 2.0], [4114.25, 346.0], [4112.75, 2230.0]], "asks": [[4122.75, 1329.0], [4123.0, 3065.0], [4123.25, 5565.0], [4123.5, 5617.0], [4123.75, 16955.0], [4124.0, 160.0], [4124.75, 299.0], [4125.0, 4517.0], [4125.25, 11783.0], [4126.0, 344.0], [4127.25, 4135.0], [4127.5, 13853.0], [4129.0, 343.0], [4129.75, 6827.0], [4130.0, 22250.0], [4130.25, 1850.0], [4130.75, 344.0], [4131.25, 6489.0], [4132.25, 18513.0], [4133.25, 346.0]]}}}
{"jsonrpc": "2.0", "method": "subscription", "params": {"channel": "book.ETH-7NOV25.none.20.100ms", "data": {"timestamp": 1761665228138, "change_id": 93794022986, "instrument_name": "ETH-7NOV25", "bids": [[4122.0, 2660.0], [4121.75, 4183.0], [4121.5, 14566.0], [4121.25, 43880.0], [4120.5, 299.0], [4120.25, 1000.0], [4120.0, 347.0], [4118.75, 349.0], [4118.5, 614.0], [4117.25, 347.0], [4116.75, 4540.0], [4116.5, 14057.0], [4116.25, 344.0], [4115.75, 350.0], [4115.25, 352.0], [4114.75, 358.0], [4114.5, 2.0], [4114.25, 346.0], [4112.75, 2230.0], [4112.5, 6323.0]], "asks": [[4122.25, 1493.0], [4122.5, 1000.0], [4122.75, 3065.0], [4123.0, 3378.0], [4123.25, 3500.0], [4123.5, 3511.0], [4123.75, 14577.0], [4124.0, 160.0], [4124.75, 299.0], [4125.0, 4517.0], [4125.25, 11783.0], [4126.0, 344.0], [4127.25, 4135.0], [4127.5, 13853.0], [4129.0, 343.0], [4129.75, 6827.0], [4130.0, 22250.0], [4130.25, 1850.0], [4130.75, 344.0], [4131.25, 6489.0]]}}}
{"jsonrpc": "2.0", "method": "subscription", "params": {"channel": "book.ETH-7NOV25.none.20.100ms", "data": {"timestamp": 1761665228555, "change_id": 93794023465, "instrument_name": "ETH-7NOV25", "bids": [[4122.0, 2660.0], [4121.75, 2681.0], [4121.5, 14566.0], [4121.25, 43880.0], [4120.5, 299.0], [4120.25, 1000.0], [4120.0, 347.0], [4118.75, 349.0], [4118.5, 614.0], [4117.25, 347.0], [4116.75, 4540.0], [4116.5, 14057.0], [4116.25, 344.0], [4115.75, 350.0], [4115.25, 352.0], [4114.75, 358.0], [4114.25, 346.0], [4112.75, 2230.0], [4112.5, 6323.0], [4112.25, 343.0]], "asks": [[4122.25, 1000.0], [4122.5, 1000.0], [4122.75, 3065.0], [4123.0, 3378.0], [4123.25, 3500.0], [4123.5, 3511.0], [4123.75, 14577.0], [4124.0, 160.0], [4124.75, 299.0], [4125.0, 4517.0], [4125.25, 11783.0], [4126.0, 344.0], [4127.25, 4135.0], [4127.5, 13853.0], [4129.0, 343.0], [4129.75, 6827.0], [4130.0, 22250.0], [4130.25, 1850.0], [4130.75, 344.0], [4131.25, 6489.0]]}}}
{"jsonrpc": "2.0", "method": "subscription", "params": {"channel": "book.ETH-7NOV25.none.20.100ms", "data": {"timestamp": 1761665228838, "change_id": 93794024146, "instrument_name": "ETH-7NOV25", "bids": [[4122.0, 2660.0], [4121.75, 2681.0], [4121.5, 14566.0], [4121.25, 43880.0], [4120.5, 299.0], [4120.25, 1000.0], [4120.0, 347.0], [4118.75, 349.0], [4118.5, 614.0], [4117.25, 347.0], [4116.75, 4540.0], [4116.5, 14057.0], [4116.25, 344.0], [4115.75, 350.0], [4115.25, 352.0], [4114.75, 358.0], [4114.25, 346.0], [4112.75, 2230.0], [4112.5, 6323.0], [4112.25, 343.0]], "asks": [[4122.25, 1000.0], [4122.5, 1000.0], [4122.75, 3065.0], [4123.0, 4378.0], [4123.25, 3500.0], [4123.5, 3511.0], [4123.75, 14577.0], [4124.0, 160.0], [4124.75, 299.0], [4125.0, 4517.0], [4125.25, 11783.0], [4126.0, 344.0], [4127.25, 4135.0], [4127.5, 13853.0], [4129.0, 343.0], [4129.75, 6827.0], [4130.0, 22250.0], [4130.25, 1850.0], [4130.75, 344.0], [4131.25, 6489.0]]}}}
{"jsonrpc": "2.0", "method": "subscription", "params": {"channel": "book.ETH-7NOV25.none.20.100ms", "data": {"timestamp": 1761665229139, "change_id": 93794025359, "instrument_name": "ETH-7NOV25", "bids": [[4122.0, 160.0], [4121.75, 4851.0], [4121.5, 13014.0], [4121.25, 30303.0], [4121.0, 4053.0], [4120.75, 13577.0], [4118.75, 349.0], [4118.5, 614.0], [4117.25, 347.0], [4116.75, 4540.0], [4116.5, 14057.0], [4116.25, 344.0], [4115.75, 350.0], [4115.25, 352.0], [4114.75, 358.0], [4114.25, 346.0], [4112.75, 2230.0], [4112.5, 6323.0], [4112.25, 343.0], [4112.0, 400.0]], "asks": [[4122.25, 1000.0], [4122.5, 3065.0], [4122.75, 3065.0], [4123.0, 4378.0], [4123.25, 17077.0], [4123.5, 459.0], [4123.75, 1000.0], [4124.75, 642.0], [4125.0, 4517.0], [4125.25, 11783.0], [4126.0, 344.0], [4127.25, 4135.0], [4127.5, 13853.0], [4129.0, 343.0], [4129.75, 6827.0], [4130.0, 22250.0], [4130.25, 1850.0], [4130.75, 344.0], [4131.25, 6489.0], [4132.25, 18513.0]]}}}
{"jsonrpc": "2.0", "method": "subscription", "params": {"channel": "book.ETH-7NOV25.none.20.100ms", "data": {"timestamp": 1761665229547, "change_id": 93794027135, "instrument_name": "ETH-7NOV25", "bids": [[4121.75, 1333.0], [4121.5, 5229.0], [4121.25, 2225.0], [4121.0, 4053.0], [4120.75, 13577.0], [4118.75, 349.0], [4118.5, 614.0], [4117.25, 347.0], [4116.75, 4540.0], [4116.5, 14057.0], [4116.25, 344.0], [4115.75, 350.0], [4115.25, 352.0], [4114.75, 358.0], [4114.25, 346.0], [4112.75, 343.0], [4112.25, 1798.0], [4112.0, 4873.0], [4111.75, 357.0], [4111.5, 40000.0]], "asks": [[4122.25, 1000.0], [4122.5, 3065.0], [4122.75, 18319.0], [4123.0, 7177.0], [4123.25, 1000.0], [4123.5, 3937.0], [4123.75, 12780.0], [4124.75, 642.0], [4125.0, 1000.0], [4126.0, 344.0], [4127.25, 4135.0], [4127.5, 13853.0], [4129.0, 343.0], [4129.75, 6827.0], [4130.0, 22250.0], [4130.25, 1850.0], [4130.75, 344.0], [4131.25, 6489.0], [4132.25, 18513.0], [4133.25, 346.0]]}}}
{"jsonrpc": "2.0", "method": "subscription", "params": {"channel": "book.ETH-7NOV25.none.20.100ms", "data": {"timestamp": 1761665229880, "change_id": 93794028322, "instrument_name": "ETH-7NOV25", "bids": [[4121.75, 716.0], [4121.5, 3528.0], [4121.25, 4343.0], [4121.0, 6118.0], [4120.75, 13577.0], [4118.75, 349.0], [4118.5, 614.0], [4117.25, 347.0], [4116.75, 4540.0], [4116.5, 14057.0], [4116.25, 344.0], [4115.75, 350.0], [4115.25, 352.0], [4114.75, 358.0], [4114.25, 346.0], [4112.75, 343.0], [4112.25, 1798.0], [4112.0, 4873.0], [4111.75, 357.0], [4111.5, 40000.0]], "asks": [[4122.25, 1000.0], [4122.5, 3065.0], [4122.75, 19142.0], [4123.0, 4837.0], [4123.25, 1000.0], [4123.5, 3777.0], [4123.75, 12780.0], [4124.75, 642.0], [4125.0, 1000.0], [4126.0, 344.0], [4127.25, 4135.0], [4127.5, 13853.0], [4129.0, 343.0], [4129.75, 6827.0], [4130.0, 22250.0], [4130.25, 1850.0], [4130.75, 344.0], [4131.25, 6489.0], [4132.25, 18513.0], [4133.25, 346.0]]}}}
{"jsonrpc": "2.0", "method": "subscription", "params": {"channel": "book.ETH-7NOV25.none.20.100ms", "data": {"timestamp": 1761665230184, "change_id": 93794028918, "instrument_name": "ETH-7NOV25", "bids": [[4121.75, 1394.0], [4121.5, 5593.0], [4121.25, 9845.0], [4121.0, 25350.0], [4120.75, 13577.0], [4118.75, 349.0], [4118.5, 614.0], [4117.25, 347.0], [4116.75, 4540.0], [4116.5, 14057.0], [4116.25, 344.0], [4115.75, 350.0], [4115.25, 352.0], [4114.75, 692.0], [4114.5, 1118.0], [4114.25, 346.0], [4112.75, 343.0], [4112.25, 1798.0], [4112.0, 4873.0], [4111.75, 357.0]], "asks": [[4122.0, 1329.0], [4122.25, 1000.0], [4122.5, 3065.0], [4122.75, 5565.0], [4123.0, 4378.0], [4123.25, 14577.0], [4123.5, 3777.0], [4123.75, 11940.0], [4124.75, 343.0], [4126.0, 344.0], [4127.25, 4135.0], [4127.5, 13853.0], [4129.0, 343.0], [4129.75, 6827.0], [4130.0, 22250.0], [4130.25, 1850.0], [4130.75, 344.0], [4131.25, 6489.0], [4132.25, 18513.0], [4133.25, 346.0]]}}}
{"jsonrpc": "2.0", "method": "subscription", "params": {"channel": "book.ETH-7NOV25.none.20.100ms", "data": {"timestamp": 1761665230385, "change_id": 93794029391, "instrument_name": "ETH-7NOV25", "bids": [[4121.75, 1394.0], [4121.5, 5593.0], [4121.25, 9845.0], [4121.0, 25350.0], [4120.75, 13577.0], [4118.75, 349.0], [4118.5, 614.0], [4117.25, 347.0], [4116.75, 4540.0], [4116.5, 14057.0], [4116.25, 344.0], [4115.75, 350.0], [4115.25, 352.0], [4114.75, 692.0], [4114.5, 1118.0], [4114.25, 346.0], [4112.75, 343.0], [4112.25, 1798.0], [4112.0, 4873.0], [4111.75, 357.0]], "asks": [[4122.0, 1329.0], [4122.25, 3065.0], [4122.5, 3065.0], [4122.75, 3378.0], [4123.0, 2000.0], [4123.25, 17077.0], [4123.5, 3777.0], [4123.75, 11940.0], [4124.75, 343.0], [4126.0, 344.0], [4127.25, 4135.0], [4127.5, 13853.0], [4129.0, 343.0], [4129.75, 6827.0], [4130.0, 22250.0], [4130.25, 1850.0], [4130.75, 344.0], [4131.25, 6489.0], [4132.25, 18513.0], [4133.25, 346.0]]}}}
{"jsonrpc": "2.0", "method": "subscription", "params": {"channel": "book.ETH-7NOV25.none.20.100ms", "data": {"timestamp": 1761665230857, "change_id": 93794031085, "instrument_name": "ETH-7NOV25", "bids": [[4122.25, 459.0], [4122.0, 2093.0], [4121.75, 4077.0], [4121.5, 6023.0], [4121.25, 20741.0], [4121.0, 25350.0], [4118.75, 349.0], [4118.5, 614.0], [4117.25, 347.0], [4116.75, 4540.0], [4116.5, 14057.0], [4116.25, 344.0], [4115.75, 350.0], [4115.25, 352.0], [4114.75, 692.0], [4114.5, 1118.0], [4114.25, 346.0], [4112.75, 343.0], [4112.25, 343.0], [4112.0, 4873.0]], "asks": [[4122.75, 3065.0], [4123.0, 2000.0], [4123.25, 1000.0], [4123.75, 25357.0], [4124.5, 160.0], [4124.75, 343.0], [4126.0, 344.0], [4127.25, 4135.0], [4127.5, 13853.0], [4129.0, 343.0], [4129.75, 6827.0], [4130.0, 22250.0], [4130.25, 1850.0], [4130.75, 344.0], [4131.0, 1937.0], [4131.25, 6489.0], [4132.25, 18513.0], [4133.25, 346.0], [4133.5, 2.0], [4134.25, 40343.0]]}}}
{"jsonrpc": "2.0", "method": "subscription", "params": {"channel": "book.ETH-7NOV25.none.20.100ms", "data": {"timestamp": 1761665231194, "change_id": 93794032962, "instrument_name": "ETH-7NOV25", "bids": [[4122.75, 1160.0], [4122.5, 3065.0], [4122.25, 14577.0], [4122.0, 1000.0], [4121.75, 2500.0], [4121.5, 1000.0], [4121.0, 19232.0], [4118.75, 349.0], [4118.5, 614.0], [4117.25, 347.0], [4116.75, 344.0], [4116.5, 14057.0], [4116.25, 344.0], [4115.75, 350.0], [4115.25, 352.0], [4114.75, 358.0], [4114.5, 1118.0], [4114.25, 346.0], [4112.75, 343.0], [4112.25, 343.0]], "asks": [[4123.0, 493.0], [4123.25, 1000.0], [4123.5, 1000.0], [4123.75, 11780.0], [4124.0, 1000.0], [4124.25, 14577.0], [4124.5, 160.0], [4126.0, 344.0], [4127.5, 13853.0], [4129.0, 343.0], [4129.75, 350.0], [4130.0, 21698.0], [4130.25, 1850.0], [4130.75, 344.0], [4131.25, 6489.0], [4133.25, 346.0], [4133.5, 2.0], [4134.25, 40343.0], [4134.75, 36745.0], [4136.25, 341.0]]}}}
{"jsonrpc": "2.0", "method": "subscription", "params": {"channel": "book.ETH-7NOV25.none.20.100ms", "data": {"timestamp": 1761665231504, "change_id": 93794034170, "instrument_name": "ETH-7NOV25", "bids": [[4123.25, 160.0], [4123.0, 4911.0], [4122.75, 4428.0], [4122.5, 8918.0], [4122.25, 14876.0], [4122.0, 1000.0], [4118.75, 349.0], [4118.5, 614.0], [4118.25, 343.0], [4116.75, 4540.0], [4116.5, 14057.0], [4116.25, 344.0], [4115.75, 350.0], [4115.25, 352.0], [4114.75, 692.0], [4114.5, 1118.0], [4114.25, 346.0], [4112.75, 343.0], [4112.25, 343.0], [4112.0, 4873.0]], "asks": [[4123.5, 1000.0], [4123.75, 13845.0], [4124.0, 3065.0], [4124.25, 14890.0], [4124.5, 2500.0], [4125.25, 160.0], [4126.0, 344.0], [4127.25, 4135.0], [4127.5, 14196.0], [4129.75, 6827.0], [4130.0, 22250.0], [4130.25, 1850.0], [4130.75, 344.0], [4131.25, 6489.0], [4133.25, 346.0], [4133.5, 2.0], [4134.25, 40343.0], [4134.75, 36745.0], [4136.25, 341.0], [4136.5, 400.0]]}}}
{"jsonrpc": "2.0", "method": "subscription", "params": {"channel": "book.ETH-7NOV25.none.20.100ms", "data": {"timestamp": 1761665231818, "change_id": 93794035151, "instrument_name": "ETH-7NOV25", "bids": [[4123.25, 160.0], [4123.0, 5436.0], [4122.75, 4428.0], [4122.5, 18267.0], [4122.25, 48060.0], [4122.0, 1000.0], [4118.75, 349.0], [4118.5, 614.0], [4118.25, 343.0], [4116.75, 4540.0], [4116.5, 14057.0], [4116.25, 344.0], [4115.75, 350.0], [4115.25, 352.0], [4114.75, 692.0], [4114.5, 1118.0], [4114.25, 346.0], [4112.75, 343.0], [4112.25, 343.0], [4112.0, 4873.0]], "asks": [[4123.5, 1000.0], [4123.75, 13845.0], [4124.0, 3065.0], [4124.25, 19455.0], [4125.25, 160.0], [4126.0, 344.0], [4127.25, 4135.0], [4127.5, 14196.0], [4129.75, 6827.0], [4130.0, 22250.0], [4130.25, 1850.0], [4130.75, 344.0], [4131.25, 6489.0], [4133.25, 346.0], [4133.5, 2.0], [4134.25, 40343.0], [4134.75, 36745.0], [4136.25, 341.0], [4136.5, 400.0], [4136.75, 344.0]]}}}
{"jsonrpc": "2.0", "method": "subscription", "params": {"channel": "book.ETH-7NOV25.none.20.100ms", "data": {"timestamp": 1761665232114, "change_id": 93794036164, "instrument_name": "ETH-7NOV25", "bids": [[4122.75, 1363.0], [4122.5, 18427.0], [4122.25, 51325.0], [4118.75, 349.0], [4118.5, 614.0], [4118.25, 343.0], [4116.75, 4540.0], [4116.5, 14057.0], [4116.25, 344.0], [4115.75, 350.0], [4115.25, 352.0], [4114.75, 692.0], [4114.5, 1118.0], [4114.25, 346.0], [4112.75, 343.0], [4112.25, 343.0], [4112.0, 4873.0], [4111.75, 357.0], [4111.5, 46323.0], [4111.25, 343.0]], "asks": [[4123.5, 1000.0], [4123.75, 14845.0], [4124.0, 3065.0], [4124.25, 19455.0], [4124.75, 160.0], [4126.0, 344.0], [4127.25, 4135.0], [4127.5, 14196.0], [4129.75, 6827.0], [4130.0, 22250.0], [4130.25, 1850.0], [4130.75, 344.0], [4131.25, 6489.0], [4133.25, 346.0], [4133.5, 2.0], [4134.25, 40343.0], [4134.75, 36745.0], [4136.25, 341.0], [4136.5, 400.0], [4136.75, 344.0]]}}}
{"jsonrpc": "2.0", "method": "subscription", "params": {"channel": "book.ETH-7NOV25.none.20.100ms", "data": {"timestamp": 1761665232533, "change_id": 93794037211, "instrument_name": "ETH-7NOV25", "bids": [[4123.0, 1906.0], [4122.75, 3863.0], [4122.5, 8918.0], [4122.25, 15641.0], [4118.75, 349.0], [4118.5, 614.0], [4118.25, 343.0], [4116.75, 4540.0], [4116.5, 14057.0], [4116.25, 344.0], [4115.75, 350.0], [4115.25, 352.0], [4114.75, 692.0], [4114.5, 1118.0], [4114.25, 346.0], [4112.75, 343.0], [4112.25, 343.0], [4112.0, 4873.0], [4111.75, 357.0], [4111.5, 46323.0]], "asks": [[4123.5, 1000.0], [4123.75, 14845.0], [4124.0, 3065.0], [4124.25, 19455.0], [4124.75, 160.0], [4126.0, 344.0], [4127.25, 4135.0], [4127.5, 14196.0], [4129.75, 6827.0], [4130.0, 22250.0], [4130.25, 1850.0], [4130.75, 344.0], [4131.25, 6489.0], [4133.25, 346.0], [4133.5, 2.0], [4134.25, 40343.0], [4134.75, 36745.0], [4136.25, 341.0], [4136.5, 400.0], [4136.75, 344.0]]}}}
{"jsonrpc": "2.0", "method": "subscription", "params": {"channel": "book.ETH-7NOV25.none.20.100ms", "data": {"timestamp": 1761665232788, "change_id": 93794038316, "instrument_name": "ETH-7NOV25", "bids": [[4123.0, 160.0], [4122.75, 1363.0], [4122.5, 8918.0], [4122.25, 15641.0], [4118.75, 349.0], [4118.5, 614.0], [4118.25, 343.0], [4116.75, 4540.0], [4116.5, 14057.0], [4116.25, 344.0], [4115.75, 350.0], [4115.25, 352.0], [4114.75, 692.0], [4114.5, 1118.0], [4114.25, 346.0], [4112.75, 343.0], [4112.25, 343.0], [4112.0, 4873.0], [4111.75, 357.0], [4111.5, 46323.0]], "asks": [[4123.25, 1329.0], [4123.5, 1000.0], [4123.75, 14845.0], [4124.0, 3065.0], [4124.25, 17390.0], [4124.75, 160.0], [4126.0, 344.0], [4127.25, 4135.0], [4127.5, 14196.0], [4129.75, 6827.0], [4130.0, 22250.0], [4130.25, 1850.0], [4130.75, 344.0], [4131.25, 6489.0], [4133.25, 346.0], [4133.5, 2.0], [4134.25, 40343.0], [4134.75, 36745.0], [4136.25, 341.0], [4136.5, 400.0]]}}}
{"jsonrpc": "2.0", "method": "subscription", "params": {"channel": "book.ETH-7NOV25.none.20.100ms", "data": {"timestamp": 1761665233177, "change_id": 93794039317, "instrument_name": "ETH-7NOV25", "bids": [[4123.0, 160.0], [4122.75, 5927.0], [4122.5, 8918.0], [4122.25, 25546.0], [4122.0, 33183.0], [4118.75, 349.0], [4118.5, 614.0], [4118.25, 343.0], [4116.75, 4540.0], [4116.5, 14057.0], [4116.25, 344.0], [4115.75, 350.0], [4115.25, 352.0], [4114.75, 692.0], [4114.5, 1118.0], [4114.25, 346.0], [4112.75, 343.0], [4112.25, 343.0], [4112.0, 4873.0], [4111.75, 357.0]], "asks": [[4123.25, 1329.0], [4123.5, 3064.0], [4123.75, 14845.0], [4124.0, 3377.0], [4124.25, 17077.0], [4124.75, 160.0], [4126.0, 344.0], [4127.25, 4135.0], [4127.5, 14196.0], [4129.75, 6827.0], [4130.0, 22250.0], [4130.25, 1850.0], [4130.75, 344.0], [4131.25, 6489.0], [4133.25, 346.0], [4133.5, 2.0], [4134.25, 40343.0], [4134.75, 36745.0], [4136.25, 341.0], [4136.5, 400.0]]}}}
{"jsonrpc": "2.0", "method": "subscription", "params": {"channel": "book.ETH-7NOV25.none.20.100ms", "data": {"timestamp": 1761665233521, "change_id": 93794039829, "instrument_name": "ETH-7NOV25", "bids": [[4123.0, 3276.0], [4122.75, 3427.0], [4122.5, 8918.0], [4122.25, 25546.0], [4122.0, 33183.0], [4118.75, 349.0], [4118.5, 614.0], [4118.25, 343.0], [4116.75, 4540.0], [4116.5, 14057.0], [4116.25, 344.0], [4115.75, 350.0], [4115.25, 352.0], [4114.75, 692.0], [4114.5, 1118.0], [4114.25, 346.0], [4112.75, 343.0], [4112.25, 343.0], [4112.0, 4873.0], [4111.75, 357.0]], "asks": [[4123.5, 1000.0], [4123.75, 3065.0], [4124.0, 3377.0], [4124.25, 17077.0], [4124.75, 160.0], [4126.0, 344.0], [4127.25, 4135.0], [4127.5, 14196.0], [4129.75, 6827.0], [4130.0, 22250.0], [4130.25, 1850.0], [4130.75, 344.0], [4131.25, 6489.0], [4133.25, 346.0], [4133.5, 2.0], [4134.25, 40343.0], [4134.75, 36745.0], [4136.25, 341.0], [4136.5, 400.0], [4136.75, 344.0]]}}}
{"jsonrpc": "2.0", "method": "subscription", "params": {"channel": "book.ETH-7NOV25.none.20.100ms", "data": {"timestamp": 1761665233788, "change_id": 93794040671, "instrument_name": "ETH-7NOV25", "bids": [[4123.0, 160.0], [4122.75, 5927.0], [4122.5, 8918.0], [4122.25, 25546.0], [4122.0, 33183.0], [4118.75, 349.0], [4118.5, 614.0], [4118.25, 343.0], [4116.75, 4540.0], [4116.5, 14057.0], [4116.25, 344.0], [4115.75, 350.0], [4115.25, 352.0], [4114.75, 692.0], [4114.5, 1118.0], [4114.25, 346.0], [4112.75, 343.0], [4112.25, 343.0], [4112.0, 4873.0], [4111.75, 357.0]], "asks": [[4123.25, 1329.0], [4123.5, 3064.0], [4123.75, 3065.0], [4124.0, 3377.0], [4124.25, 17077.0], [4124.5, 2614.0], [4124.75, 11941.0], [4126.0, 344.0], [4127.25, 4135.0], [4127.5, 14196.0], [4129.75, 6827.0], [4130.0, 22250.0], [4130.25, 1850.0], [4130.75, 344.0], [4131.25, 6489.0], [4133.25, 346.0], [4133.5, 2.0], [4134.25, 40343.0], [4134.75, 36745.0], [4136.25, 341.0]]}}}
{"jsonrpc": "2.0", "method": "subscription", "params": {"channel": "book.ETH-7NOV25.none.20.100ms", "data": {"timestamp": 1761665233986, "change_id": 93794041037, "instrument_name": "ETH-7NOV25", "bids": [[4123.0, 3660.0], [4122.75, 4427.0], [4122.5, 8918.0], [4122.25, 25546.0], [4122.0, 33183.0], [4118.75, 349.0], [4118.5, 614.0], [4118.25, 343.0], [4116.75, 4540.0], [4116.5, 14057.0], [4115.75, 350.0], [4115.25, 352.0], [4114.75, 692.0], [4114.5, 1118.0], [4114.25, 346.0], [4112.75, 343.0], [4112.25, 343.0], [4112.0, 4873.0], [4111.75, 357.0], [4111.5, 46323.0]], "asks": [[4123.25, 1329.0], [4123.5, 3064.0], [4123.75, 3065.0], [4124.0, 3377.0], [4124.25, 17077.0], [4124.5, 2614.0], [4124.75, 11941.0], [4126.0, 344.0], [4127.25, 4135.0], [4127.5, 14196.0], [4129.75, 6827.0], [4130.0, 22250.0], [4130.25, 1850.0], [4130.75, 344.0], [4131.25, 6489.0], [4133.25, 346.0], [4133.5, 2.0], [4134.25, 40343.0], [4134.75, 36745.0], [4136.25, 341.0]]}}}
{"jsonrpc": "2.0", "method": "subscription", "params": {"channel": "book.ETH-7NOV25.none.20.100ms", "data": {"timestamp": 1761665234399, "change_id": 93794041464, "instrument_name": "ETH-7NOV25", "bids": [[4123.0, 3660.0], [4122.75, 4427.0], [4122.5, 8918.0], [4122.25, 25546.0], [4122.0, 33183.0], [4118.75, 349.0], [4118.5, 614.0], [4118.25, 343.0], [4116.75, 4540.0], [4116.5, 14057.0], [4115.75, 350.0], [4115.25, 352.0], [4114.75, 692.0], [4114.5, 1118.0], [4114.25, 346.0], [4112.75, 343.0], [4112.25, 343.0], [4112.0, 4884.0], [4111.75, 357.0], [4111.5, 46323.0]], "asks": [[4123.25, 1000.0], [4123.5, 1000.0], [4123.75, 3065.0], [4124.0, 3377.0], [4124.25, 17077.0], [4124.5, 2614.0], [4124.75, 11941.0], [4126.0, 344.0], [4127.25, 4135.0], [4127.5, 14196.0], [4129.75, 6827.0], [4130.0, 22250.0], [4130.25, 1850.0], [4130.75, 344.0], [4131.25, 6489.0], [4133.25, 346.0], [4133.5, 2.0], [4134.25, 40343.0], [4134.75, 36745.0], [4136.25, 341.0]]}}}
{"jsonrpc": "2.0", "method": "subscription", "params": {"channel": "book.ETH-7NOV25.none.20.100ms", "data": {"timestamp": 1761665234550, "change_id": 93794041662, "instrument_name": "ETH-7NOV25", "bids": [[4123.0, 2660.0], [4122.75, 4427.0], [4122.5, 8918.0], [4122.25, 25546.0], [4122.0, 33183.0], [4118.75, 349.0], [4118.5, 614.0], [4118.25, 343.0], [4116.75, 4540.0], [4116.5, 14057.0], [4115.75, 350.0], [4115.25, 352.0], [4114.75, 692.0], [4114.5, 1118.0], [4114.25, 346.0], [4112.75, 343.0], [4112.25, 343.0], [4112.0, 4884.0], [4111.75, 357.0], [4111.5, 46323.0]], "asks": [[4123.25, 1000.0], [4123.5, 3064.0], [4123.75, 3065.0], [4124.0, 3377.0], [4124.25, 17077.0], [4124.5, 2614.0], [4124.75, 11941.0], [4126.0, 344.0], [4127.25, 4135.0], [4127.5, 14196.0], [4129.75, 6827.0], [4130.0, 22250.0], [4130.25, 1850.0], [4130.75, 344.0], [4131.25, 6489.0], [4133.25, 346.0], [4133.5, 2.0], [4134.25, 40343.0], [4134.75, 36745.0], [4136.25, 341.0]]}}}
{"jsonrpc": "2.0", "method": "subscription", "params": {"channel": "book.ETH-7NOV25.none.20.100ms", "data": {"timestamp": 1761665234999, "change_id": 93794042407, "instrument_name": "ETH-7NOV25", "bids": [[4123.0, 2660.0], [4122.75, 4427.0], [4122.5, 8918.0], [4122.25, 25546.0], [4122.0, 33183.0], [4118.75, 349.0], [4118.5, 614.0], [4118.25, 343.0], [4116.75, 4540.0], [4116.5, 14057.0], [4115.75, 350.0], [4115.25, 352.0], [4114.75, 692.0], [4114.5, 1118.0], [4114.25, 346.0], [4112.75, 343.0], [4112.25, 343.0], [4112.0, 4884.0], [4111.75, 357.0], [4111.5, 46323.0]], "asks": [[4123.25, 1000.0], [4123.5, 3064.0], [4123.75, 3065.0], [4124.0, 3377.0], [4124.25, 17077.0], [4124.5, 2614.0], [4124.75, 11941.0], [4126.0, 344.0], [4127.25, 4135.0], [4127.5, 14196.0], [4129.75, 6827.0], [4130.0, 22250.0], [4130.25, 1850.0], [4130.75, 344.0], [4131.25, 6489.0], [4133.25, 346.0], [4133.5, 2.0], [4134.25, 40343.0], [4134.75, 36745.0], [4136.25, 341.0]]}}}
{"jsonrpc": "2.0", "method": "subscription", "params": {"channel": "book.ETH-7NOV25.none.20.100ms", "data": {"timestamp": 1761665235480, "change_id": 93794043002, "instrument_name": "ETH-7NOV25", "bids": [[4123.0, 3575.0], [4122.75, 4427.0], [4122.5, 8918.0], [4122.25, 25546.0], [4122.0, 33183.0], [4118.75, 349.0], [4118.5, 614.0], [4118.25, 343.0], [4116.75, 4540.0], [4116.5, 14057.0], [4115.75, 350.0], [4115.25, 352.0], [4114.75, 692.0], [4114.5, 1118.0], [4114.25, 346.0], [4112.75, 343.0], [4112.25, 343.0], [4112.0, 4884.0], [4111.75, 357.0], [4111.5, 46323.0]], "asks": [[4123.5, 1000.0], [4123.75, 1000.0], [4124.0, 3377.0], [4124.25, 16641.0], [4124.75, 14441.0], [4126.0, 344.0], [4127.25, 4135.0], [4127.5, 14196.0], [4129.75, 6827.0], [4130.0, 22250.0], [4130.25, 1850.0], [4130.75, 344.0], [4131.25, 6489.0], [4133.25, 346.0], [4133.5, 2.0], [4134.25, 40343.0], [4134.75, 36745.0], [4136.25, 341.0], [4136.5, 400.0], [4136.75, 344.0]]}}}
{"jsonrpc": "2.0", "method": "subscription", "params": {"channel": "book.ETH-7NOV25.none.20.100ms", "data": {"timestamp": 1761665235733, "change_id": 93794044094, "instrument_name": "ETH-7NOV25", "bids": [[4123.5, 1160.0], [4123.25, 6358.0], [4123.0, 3979.0], [4122.75, 3811.0], [4122.5, 7259.0], [4122.25, 25841.0], [4122.0, 33183.0], [4118.75, 349.0], [4118.5, 614.0], [4118.25, 343.0], [4117.25, 20780.0], [4117.0, 6323.0], [4116.75, 4540.0], [4116.5, 14057.0], [4115.75, 350.0], [4115.25, 352.0], [4114.75, 692.0], [4114.5, 1118.0], [4114.25, 11568.0], [4114.0, 37593.0]], "asks": [[4123.75, 1000.0], [4124.0, 3065.0], [4124.25, 3064.0], [4124.5, 2376.0], [4124.75, 14441.0], [4125.0, 15936.0], [4126.0, 344.0], [4127.25, 4135.0], [4127.5, 14196.0], [4129.5, 11776.0], [4129.75, 25340.0], [4130.0, 22250.0], [4130.25, 1850.0], [4130.75, 344.0], [4131.25, 344.0], [4133.25, 346.0], [4133.5, 2.0], [4134.25, 40343.0], [4134.75, 36745.0], [4136.25, 341.0]]}}}
{"jsonrpc": "2.0", "method": "subscription", "params": {"channel": "book.ETH-7NOV25.none.20.100ms", "data": {"timestamp": 1761665235923, "change_id": 93794044433, "instrument_name": "ETH-7NOV25", "bids": [[4123.5, 1160.0], [4123.25, 6358.0], [4123.0, 3979.0], [4122.75, 3811.0], [4122.5, 7259.0], [4122.25, 25841.0], [4122.0, 33183.0], [4118.75, 349.0], [4118.5, 614.0], [4118.25, 343.0], [4117.25, 20780.0], [4117.0, 6323.0], [4116.75, 4540.0], [4116.5, 14057.0], [4115.75, 350.0], [4115.25, 352.0], [4114.75, 692.0], [4114.5, 1118.0], [4114.25, 11568.0], [4114.0, 37593.0]], "asks": [[4123.75, 1000.0], [4124.0, 3065.0], [4124.25, 4064.0], [4124.5, 3376.0], [4124.75, 14441.0], [4125.0, 15936.0], [4126.0, 344.0], [4127.25, 4135.0], [4127.5, 14196.0], [4129.5, 11776.0], [4129.75, 25340.0], [4130.0, 22250.0], [4130.25, 1850.0], [4130.75, 344.0], [4131.25, 344.0], [4133.25, 346.0], [4133.5, 2.0], [4134.25, 40343.0], [4134.75, 36745.0], [4136.25, 341.0]]}}}
{"jsonrpc": "2.0", "method": "subscription", "params": {"channel": "book.ETH-7NOV25.none.20.100ms", "data": {"timestamp": 1761665236480, "change_id": 93794045027, "instrument_name": "ETH-7NOV25", "bids": [[4123.5, 160.0], [4123.25, 3376.0], [4123.0, 3979.0], [4122.75, 3811.0], [4122.5, 7259.0], [4122.25, 25841.0], [4122.0, 33183.0], [4118.75, 349.0], [4118.5, 614.0], [4118.25, 343.0], [4117.25, 20780.0], [4117.0, 6323.0], [4116.75, 4540.0], [4116.5, 14057.0], [4115.75, 350.0], [4115.25, 352.0], [4114.75, 692.0], [4114.5, 1118.0], [4114.25, 11568.0], [4114.0, 37593.0]], "asks": [[4123.75, 1000.0], [4124.0, 3065.0], [4124.25, 4064.0], [4124.5, 5876.0], [4124.75, 13772.0], [4125.0, 15936.0], [4126.0, 344.0], [4127.25, 4135.0], [4127.5, 14196.0], [4129.5, 11776.0], [4129.75, 25340.0], [4130.0, 22250.0], [4130.25, 1850.0], [4130.75, 344.0], [4131.25, 344.0], [4133.25, 346.0], [4133.5, 2.0], [4134.25, 40343.0], [4134.75, 36745.0], [4136.25, 341.0]]}}}
{"jsonrpc": "2.0", "method": "subscription", "params": {"channel": "book.ETH-7NOV25.none.20.100ms", "data": {"timestamp": 1761665236688, "change_id": 93794045945, "instrument_name": "ETH-7NOV25", "bids": [[4122.75, 3660.0], [4122.5, 9323.0], [4122.25, 27905.0], [4122.0, 35247.0], [4118.75, 349.0], [4118.5, 614.0], [4118.25, 343.0], [4117.25, 20780.0], [4117.0, 6323.0], [4116.75, 4540.0], [4116.5, 14057.0], [4115.25, 352.0], [4114.75, 692.0], [4114.5, 1118.0], [4114.25, 11568.0], [4114.0, 37593.0], [4112.75, 343.0], [4112.25, 343.0], [4112.0, 4884.0], [4111.75, 357.0]], "asks": [[4123.0, 1329.0], [4123.25, 2064.0], [4123.5, 2064.0], [4123.75, 3376.0], [4124.0, 1000.0], [4124.25, 4500.0], [4124.5, 3241.0], [4124.75, 13772.0], [4125.0, 15936.0], [4126.0, 344.0], [4127.25, 4135.0], [4127.5, 14196.0], [4129.5, 11776.0], [4129.75, 25340.0], [4130.0, 22250.0], [4130.25, 1850.0], [4131.25, 344.0], [4133.25, 346.0], [4133.5, 2.0], [4134.25, 40343.0]]}}}
{"jsonrpc": "2.0", "method": "subscription", "params": {"channel": "book.ETH-7NOV25.none.20.100ms", "data": {"timestamp": 1761665237161, "change_id": 93794046711, "instrument_name": "ETH-7NOV25", "bids": [[4122.75, 1160.0], [4122.5, 5182.0], [4122.25, 14469.0], [4122.0, 40004.0], [4121.75, 15936.0], [4118.75, 349.0], [4118.5, 614.0], [4118.25, 343.0], [4117.25, 20780.0], [4117.0, 6323.0], [4116.75, 4540.0], [4116.5, 14057.0], [4115.25, 352.0], [4114.75, 692.0], [4114.5, 1118.0], [4114.25, 11568.0], [4114.0, 37593.0], [4112.75, 343.0], [4112.25, 343.0], [4112.0, 4884.0]], "asks": [[4123.0, 1329.0], [4123.5, 2064.0], [4123.75, 2376.0], [4124.0, 1000.0], [4124.25, 4799.0], [4124.5, 19177.0], [4124.75, 11941.0], [4126.0, 344.0], [4127.25, 4135.0], [4127.5, 14196.0], [4129.5, 11776.0], [4129.75, 25340.0], [4130.0, 22250.0], [4130.25, 1850.0], [4131.25, 344.0], [4133.25, 346.0], [4133.5, 2.0], [4134.25, 40343.0], [4134.75, 36745.0], [4136.25, 341.0]]}}}
{"jsonrpc": "2.0", "method": "subscription", "params": {"channel": "book.ETH-7NOV25.none.20.100ms", "data": {"timestamp": 1761665237486, "change_id": 93794048507, "instrument_name": "ETH-7NOV25", "bids": [[4122.0, 160.0], [4118.75, 349.0], [4118.5, 614.0], [4118.25, 343.0], [4117.25, 343.0], [4116.75, 344.0], [4116.5, 14057.0], [4116.25, 346.0], [4115.5, 6323.0], [4115.25, 352.0], [4114.75, 358.0], [4114.5, 1118.0], [4114.25, 346.0], [4114.0, 37593.0], [4112.75, 343.0], [4112.25, 343.0], [4112.0, 4884.0], [4111.75, 357.0], [4111.5, 40000.0], [4111.25, 343.0]], "asks": [[4122.25, 329.0], [4123.0, 1329.0], [4123.25, 1000.0], [4123.5, 2064.0], [4123.75, 14156.0], [4124.0, 1000.0], [4124.25, 3660.0], [4124.5, 1000.0], [4126.0, 344.0], [4127.25, 6145.0], [4127.5, 14196.0], [4129.75, 18863.0], [4130.0, 21698.0], [4130.25, 1850.0], [4131.25, 344.0], [4133.25, 346.0], [4133.5, 2.0], [4134.25, 40343.0], [4134.75, 36745.0], [4136.25, 341.0]]}}}
{"jsonrpc": "2.0", "method": "subscription", "params": {"channel": "book.ETH-7NOV25.none.20.100ms", "data": {"timestamp": 1761665237807, "change_id": 93794049894, "instrument_name": "ETH-7NOV25", "bids": [[4122.0, 160.0], [4121.75, 4565.0], [4121.5, 3567.0], [4121.25, 2065.0], [4120.75, 15936.0], [4118.75, 349.0], [4118.5, 614.0], [4118.25, 343.0], [4117.25, 343.0], [4116.75, 344.0], [4116.5, 14057.0], [4116.25, 346.0], [4116.0, 18550.0], [4115.5, 6323.0], [4115.25, 352.0], [4114.75, 358.0], [4114.5, 1118.0], [4114.25, 346.0], [4114.0, 37593.0], [4112.75, 343.0]], "asks": [[4122.25, 1329.0], [4122.5, 2065.0], [4122.75, 2065.0], [4123.0, 3394.0], [4123.25, 2000.0], [4123.5, 18436.0], [4123.75, 160.0], [4124.0, 1000.0], [4125.0, 11780.0], [4126.0, 344.0], [4127.25, 6145.0], [4127.5, 14196.0], [4129.75, 18863.0], [4130.0, 21698.0], [4130.25, 1850.0], [4131.25, 344.0], [4133.25, 346.0], [4133.5, 2.0], [4134.25, 40343.0], [4134.75, 36745.0]]}}}
{"jsonrpc": "2.0", "method": "subscription", "params": {"channel": "book.ETH-7NOV25.none.20.100ms", "data": {"timestamp": 1761665238154, "change_id": 93794050586, "instrument_name": "ETH-7NOV25", "bids": [[4122.25, 1000.0], [4122.0, 4276.0], [4121.75, 4130.0], [4121.5, 8360.0], [4121.25, 15936.0], [4118.75, 349.0], [4118.5, 614.0], [4118.25, 343.0], [4117.25, 343.0], [4116.75, 4540.0], [4116.5, 14057.0], [4116.25, 5883.0], [4116.0, 18550.0], [4115.75, 1887.0], [4115.5, 6323.0], [4115.25, 352.0], [4114.75, 692.0], [4114.5, 1118.0], [4114.25, 11568.0], [4114.0, 37593.0]], "asks": [[4122.5, 1000.0], [4122.75, 1000.0], [4123.0, 3394.0], [4123.25, 4500.0], [4123.75, 2522.0], [4124.0, 15936.0], [4124.75, 3516.0], [4125.0, 11780.0], [4126.0, 344.0], [4127.0, 2180.0], [4127.25, 10383.0], [4127.5, 14196.0], [4129.5, 5631.0], [4129.75, 25340.0], [4130.0, 22250.0], [4130.25, 1850.0], [4131.25, 344.0], [4133.25, 346.0], [4133.5, 2.0], [4134.25, 40343.0]]}}}
{"jsonrpc": "2.0", "method": "subscription", "params": {"channel": "book.ETH-7NOV25.none.20.100ms", "data": {"timestamp": 1761665238313, "change_id": 93794050909, "instrument_name": "ETH-7NOV25", "bids": [[4122.0, 3660.0], [4121.75, 4130.0], [4121.5, 8360.0], [4121.25, 18001.0], [4118.75, 349.0], [4118.5, 614.0], [4118.25, 343.0], [4117.25, 343.0], [4116.75, 4540.0], [4116.5, 14057.0], [4116.25, 5883.0], [4116.0, 18550.0], [4115.75, 1887.0], [4115.5, 6323.0], [4115.25, 352.0], [4114.75, 692.0], [4114.5, 1118.0], [4114.25, 11568.0], [4114.0, 37593.0], [4112.75, 343.0]], "asks": [[4122.25, 1329.0], [4122.5, 3065.0], [4122.75, 3065.0], [4123.0, 3394.0], [4123.25, 3500.0], [4123.75, 2522.0], [4124.0, 15936.0], [4124.75, 3516.0], [4125.0, 11780.0], [4126.0, 344.0], [4127.0, 2180.0], [4127.25, 10383.0], [4127.5, 14196.0], [4129.5, 5631.0], [4129.75, 25340.0], [4130.0, 22250.0], [4130.25, 1850.0], [4131.25, 344.0], [4133.25, 346.0], [4133.5, 2.0]]}}}
{"jsonrpc": "2.0", "method": "subscription", "params": {"channel": "book.ETH-7NOV25.none.20.100ms", "data": {"timestamp": 1761665238774, "change_id": 93794052163, "instrument_name": "ETH-7NOV25", "bids": [[4122.0, 3660.0], [4121.75, 4130.0], [4121.5, 17609.0], [4121.25, 50993.0], [4118.75, 349.0], [4118.5, 614.0], [4118.25, 343.0], [4117.25, 343.0], [4116.75, 4540.0], [4116.5, 14057.0], [4116.25, 5883.0], [4116.0, 18550.0], [4115.75, 1887.0], [4115.5, 6323.0], [4115.25, 352.0], [4114.75, 692.0], [4114.5, 1118.0], [4114.25, 11568.0], [4114.0, 37593.0], [4112.75, 343.0]], "asks": [[4122.25, 1329.0], [4122.5, 3065.0], [4122.75, 3065.0], [4123.0, 3394.0], [4123.25, 3500.0], [4123.75, 2522.0], [4124.0, 15936.0], [4124.75, 3516.0], [4125.0, 11780.0], [4126.0, 344.0], [4127.0, 2180.0], [4127.25, 10383.0], [4127.5, 14196.0], [4129.5, 5631.0], [4129.75, 25340.0], [4130.0, 22250.0], [4130.25, 1850.0], [4131.25, 344.0], [4133.25, 346.0], [4133.5, 2.0]]}}}
{"jsonrpc": "2.0", "method": "subscription", "params": {"channel": "book.ETH-7NOV25.none.20.100ms", "data": {"timestamp": 1761665239087, "change_id": 93794052599, "instrument_name": "ETH-7NOV25", "bids": [[4122.0, 1160.0], [4121.75, 4590.0], [4121.5, 20109.0], [4121.25, 50993.0], [4118.75, 349.0], [4118.5, 614.0], [4118.25, 343.0], [4117.25, 343.0], [4116.75, 4540.0], [4116.5, 14057.0], [4116.25, 5883.0], [4116.0, 18550.0], [4115.75, 1887.0], [4115.5, 6323.0], [4115.25, 352.0], [4114.75, 692.0], [4114.5, 1118.0], [4114.25, 11568.0], [4114.0, 37593.0], [4112.75, 343.0]], "asks": [[4122.25, 1329.0], [4122.5, 3065.0], [4122.75, 3065.0], [4123.0, 3394.0], [4123.25, 3500.0], [4123.5, 1000.0], [4123.75, 3522.0], [4124.0, 15936.0], [4124.75, 3516.0], [4125.0, 11780.0], [4126.0, 344.0], [4127.0, 2180.0], [4127.25, 10383.0], [4127.5, 14196.0], [4129.5, 5631.0], [4129.75, 25340.0], [4130.0, 22250.0], [4130.25, 1850.0], [4131.25, 344.0], [4133.25, 346.0]]}}}
{"jsonrpc": "2.0", "method": "subscription", "params": {"channel": "book.ETH-7NOV25.none.20.100ms", "data": {"timestamp": 1761665239425, "change_id": 93794053035, "instrument_name": "ETH-7NOV25", "bids": [[4122.0, 2821.0], [4121.75, 6630.0], [4121.5, 17609.0], [4121.25, 50993.0], [4118.75, 349.0], [4118.5, 614.0], [4117.25, 343.0], [4116.75, 4540.0], [4116.5, 14057.0], [4116.25, 5883.0], [4116.0, 18550.0], [4115.75, 2233.0], [4115.5, 6323.0], [4115.25, 352.0], [4114.75, 692.0], [4114.5, 1118.0], [4114.25, 11568.0], [4114.0, 37593.0], [4112.75, 343.0], [4112.25, 343.0]], "asks": [[4122.5, 1000.0], [4122.75, 3065.0], [4123.0, 3394.0], [4123.25, 5565.0], [4123.5, 1346.0], [4123.75, 3522.0], [4124.0, 15936.0], [4124.75, 3516.0], [4125.0, 11780.0], [4126.0, 344.0], [4127.0, 2180.0], [4127.25, 10383.0], [4127.5, 14196.0], [4129.5, 5631.0], [4129.75, 25340.0], [4130.0, 22250.0], [4130.25, 1850.0], [4133.25, 346.0], [4133.5, 2.0], [4134.25, 40343.0]]}}}
{"jsonrpc": "2.0", "method": "subscription", "params": {"channel": "book.ETH-7NOV25.none.20.100ms", "data": {"timestamp": 1761665239725, "change_id": 93794053767, "instrument_name": "ETH-7NOV25", "bids": [[4122.0, 4575.0], [4121.75, 4130.0], [4121.5, 17609.0], [4121.25, 50993.0], [4118.75, 349.0], [4118.5, 614.0], [4117.25, 343.0], [4116.75, 4540.0], [4116.5, 14057.0], [4116.25, 5883.0], [4116.0, 18550.0], [4115.75, 2233.0], [4115.5, 6323.0], [4115.25, 352.0], [4114.75, 692.0], [4114.5, 1118.0], [4114.25, 11568.0], [4114.0, 37593.0], [4112.75, 343.0], [4112.25, 343.0]], "asks": [[4122.5, 1000.0], [4122.75, 3065.0], [4123.0, 3394.0], [4123.25, 5565.0], [4123.5, 1000.0], [4123.75, 15299.0], [4124.0, 15936.0], [4126.0, 344.0], [4127.0, 2180.0], [4127.25, 10383.0], [4127.5, 14196.0], [4129.5, 5631.0], [4129.75, 25340.0], [4130.0, 22250.0], [4130.25, 1850.0], [4133.25, 346.0], [4133.5, 2.0], [4134.25, 40343.0], [4134.75, 36745.0], [4136.25, 341.0]]}}}
{"jsonrpc": "2.0", "method": "subscription", "params": {"channel": "book.ETH-7NOV25.none.20.100ms", "data": {"timestamp": 1761665240134, "change_id": 93794054636, "instrument_name": "ETH-7NOV25", "bids": [[4122.75, 1346.0], [4122.5, 2688.0], [4122.25, 6659.0], [4122.0, 3981.0], [4121.75, 3364.0], [4121.5, 15544.0], [4121.25, 48928.0], [4118.75, 349.0], [4118.5, 614.0], [4117.25, 343.0], [4116.75, 4540.0], [4116.5, 14057.0], [4116.25, 5883.0], [4116.0, 24873.0], [4115.75, 346.0], [4115.25, 352.0], [4114.75, 692.0], [4114.5, 1118.0], [4114.25, 11568.0], [4114.0, 37593.0]], "asks": [[4123.25, 1000.0], [4123.5, 3066.0], [4123.75, 14843.0], [4124.0, 18436.0], [4124.5, 160.0], [4126.0, 344.0], [4127.0, 2180.0], [4127.25, 10383.0], [4127.5, 14196.0], [4128.25, 5526.0], [4128.5, 18859.0], [4129.75, 6827.0], [4130.0, 22250.0], [4130.25, 1850.0], [4131.75, 36398.0], [4133.25, 346.0], [4133.5, 2.0], [4134.25, 40343.0], [4134.75, 347.0], [4136.25, 341.0]]}}}
{"jsonrpc": "2.0", "method": "subscription", "params": {"channel": "book.ETH-7NOV25.none.20.100ms", "data": {"timestamp": 1761665240422, "change_id": 93794055820, "instrument_name": "ETH-7NOV25", "bids": [[4122.75, 1346.0], [4122.5, 4111.0], [4122.25, 4319.0], [4122.0, 9638.0], [4121.75, 17235.0], [4121.5, 10353.0], [4121.25, 32992.0], [4118.75, 349.0], [4118.5, 614.0], [4117.25, 343.0], [4116.75, 4540.0], [4116.5, 14057.0], [4116.25, 5883.0], [4116.0, 24873.0], [4115.75, 346.0], [4115.25, 352.0], [4114.75, 692.0], [4114.5, 1118.0], [4114.25, 11568.0], [4114.0, 37593.0]], "asks": [[4123.0, 1329.0], [4123.5, 3066.0], [4123.75, 15156.0], [4124.0, 6921.0], [4124.25, 15936.0], [4124.5, 1160.0], [4126.0, 344.0], [4127.0, 2108.0], [4127.25, 10383.0], [4127.5, 14196.0], [4128.25, 5526.0], [4128.5, 18859.0], [4129.75, 6827.0], [4130.0, 22250.0], [4130.25, 1850.0], [4131.75, 36398.0], [4133.25, 346.0], [4133.5, 2.0], [4134.25, 40343.0], [4134.75, 347.0]]}}}
{"jsonrpc": "2.0", "method": "subscription", "params": {"channel": "book.ETH-7NOV25.none.20.100ms", "data": {"timestamp": 1761665240658, "change_id": 93794056896, "instrument_name": "ETH-7NOV25", "bids": [[4122.0, 1000.0], [4121.75, 1000.0], [4121.5, 1160.0], [4121.25, 32992.0], [4121.0, 15936.0], [4118.75, 349.0], [4118.5, 614.0], [4117.25, 343.0], [4116.75, 344.0], [4116.5, 14057.0], [4116.25, 346.0], [4116.0, 24873.0], [4115.75, 346.0], [4115.25, 352.0], [4114.75, 358.0], [4114.5, 1118.0], [4114.25, 346.0], [4114.0, 37593.0], [4112.75, 343.0], [4112.25, 343.0]], "asks": [[4123.0, 1329.0], [4123.5, 3066.0], [4123.75, 31092.0], [4124.0, 2660.0], [4126.0, 344.0], [4127.0, 346.0], [4127.25, 6145.0], [4127.5, 14196.0], [4128.5, 18859.0], [4129.75, 350.0], [4130.0, 21698.0], [4130.25, 1850.0], [4131.75, 36398.0], [4133.25, 346.0], [4133.5, 2.0], [4134.25, 40343.0], [4134.75, 347.0], [4136.25, 341.0], [4136.5, 400.0], [4136.75, 344.0]]}}}
{"jsonrpc": "2.0", "method": "subscription", "params": {"channel": "book.ETH-7NOV25.none.20.100ms", "data": {"timestamp": 1761665241108, "change_id": 93794058023, "instrument_name": "ETH-7NOV25", "bids": [[4122.5, 877.0], [4122.25, 3730.0], [4122.0, 3233.0], [4121.75, 3846.0], [4121.5, 10848.0], [4121.25, 37749.0], [4121.0, 15936.0], [4118.75, 349.0], [4118.5, 614.0], [4117.25, 343.0], [4116.75, 4540.0], [4116.5, 14057.0], [4116.25, 7771.0], [4116.0, 24873.0], [4115.75, 346.0], [4115.25, 352.0], [4114.75, 692.0], [4114.5, 1118.0], [4114.25, 11568.0], [4114.0, 37593.0]], "asks": [[4123.0, 1329.0], [4123.25, 4566.0], [4123.5, 3066.0], [4123.75, 31092.0], [4124.0, 160.0], [4126.0, 344.0], [4127.0, 2180.0], [4127.25, 10383.0], [4127.5, 14196.0], [4128.25, 5629.0], [4128.5, 18859.0], [4129.75, 6827.0], [4130.0, 22250.0], [4130.25, 1850.0], [4131.75, 36398.0], [4133.25, 346.0], [4133.5, 2.0], [4134.25, 40343.0], [4134.75, 347.0], [4136.25, 341.0]]}}}
{"jsonrpc": "2.0", "method": "subscription", "params": {"channel": "book.ETH-7NOV25.none.20.100ms", "data": {"timestamp": 1761665241458, "change_id": 93794058591, "instrument_name": "ETH-7NOV25", "bids": [[4122.0, 160.0], [4121.75, 6437.0], [4121.5, 12914.0], [4121.25, 39815.0], [4121.0, 15936.0], [4118.75, 349.0], [4118.5, 614.0], [4117.25, 343.0], [4116.75, 4540.0], [4116.5, 14057.0], [4116.25, 7771.0], [4116.0, 24873.0], [4115.75, 346.0], [4115.25, 352.0], [4114.75, 692.0], [4114.5, 1118.0], [4114.25, 11568.0], [4114.0, 37593.0], [4112.75, 343.0], [4112.25, 343.0]], "asks": [[4122.25, 1329.0], [4122.5, 3066.0], [4122.75, 3066.0], [4123.0, 3379.0], [4123.25, 3500.0], [4123.5, 4420.0], [4123.75, 28713.0], [4124.0, 160.0], [4126.0, 344.0], [4127.0, 2180.0], [4127.25, 10383.0], [4127.5, 14196.0], [4128.25, 5629.0], [4128.5, 18859.0], [4129.75, 6827.0], [4130.0, 22250.0], [4130.25, 1850.0], [4131.75, 36398.0], [4133.25, 346.0], [4133.5, 2.0]]}}}
{"jsonrpc": "2.0", "method": "subscription", "params": {"channel": "book.ETH-7NOV25.none.20.100ms", "data": {"timestamp": 1761665241784, "change_id": 93794059300, "instrument_name": "ETH-7NOV25", "bids": [[4122.0, 160.0], [4121.75, 6437.0], [4121.5, 12914.0], [4121.25, 39815.0], [4121.0, 15936.0], [4118.75, 349.0], [4118.5, 614.0], [4117.25, 343.0], [4116.75, 4540.0], [4116.5, 14057.0], [4116.25, 7771.0], [4116.0, 24873.0], [4115.75, 346.0], [4115.25, 352.0], [4114.75, 692.0], [4114.5, 1118.0], [4114.25, 11568.0], [4114.0, 37593.0], [4112.75, 343.0], [4112.25, 343.0]], "asks": [[4122.25, 329.0], [4122.5, 3066.0], [4122.75, 3066.0], [4123.0, 3379.0], [4123.25, 3500.0], [4123.5, 4420.0], [4123.75, 28713.0], [4124.0, 160.0], [4126.0, 344.0], [4127.0, 2180.0], [4127.25, 10383.0], [4127.5, 14196.0], [4128.25, 5629.0], [4128.5, 18859.0], [4129.75, 6827.0], [4130.0, 22250.0], [4130.25, 1850.0], [4131.75, 36398.0], [4133.25, 346.0], [4133.5, 2.0]]}}}
