{"jsonrpc": "2.0", "id": 1, "result": ["book.ETH-6MAR26.none.20.100ms"], "usIn": 1771619872940773, "usOut": 1771619872941006, "usDiff": 233, "testnet": false}
{"jsonrpc": "2.0", "method": "subscription", "params": {"channel": "book.ETH-6MAR26.none.20.100ms", "data": {"timestamp": 1771619872648, "change_id": 110206600965, "instrument_name": "ETH-6MAR26", "bids": [[1965.0, 2472.0], [1964.75, 6778.0], [1963.5, 1889.0], [1963.25, 7171.0], [1962.75, 100.0], [1962.0, 625.0], [1961.5, 1530.0], [1961.25, 5124.0], [1960.25, 3432.0], [1960.0, 14650.0], [1957.0, 5021.0], [1956.5, 29679.0], [1956.0, 40000.0], [1955.0, 58675.0], [1954.75, 53.0], [1951.75, 40012.0], [1951.5, 21341.0], [1951.0, 29307.0], [1949.0, 40000.0], [1947.0, 20556.0]], "asks": [[1965.5, 725.0], [1965.75, 738.0], [1966.0, 2742.0], [1966.25, 1000.0], [1967.75, 1061.0], [1968.0, 4890.0], [1968.75, 1978.0], [1969.0, 6900.0], [1969.5, 3609.0], [1969.75, 14626.0], [1971.75, 61145.0], [1972.0, 70457.0], [1974.0, 12.0], [1976.25, 3.0], [1976.5, 50.0], [1977.25, 69740.0], [1979.5, 19467.0], [1979.75, 1255.0], [1980.75, 40000.0], [1981.5, 5.0]]}}}
{"jsonrpc": "2.0", "method": "subscription", "params": {"channel": "book.ETH-6MAR26.none.20.100ms", "data": {"timestamp": 1771619872648, "change_id": 110206600965, "instrument_name": "ETH-6MAR26", "bids": [[1965.0, 2472.0], [1964.75, 6778.0], [1963.5, 1889.0], [1963.25, 7171.0], [1962.75, 100.0], [1962.0, 625.0], [1961.5, 1530.0], [1961.25, 5124.0], [1960.25, 3432.0], [1960.0, 14650.0], [1957.0, 5021.0], [1956.5, 29679.0], [1956.0, 40000.0], [1955.0, 58675.0], [1954.75, 53.0], [1951.75, 40012.0], [1951.5, 21341.0], [1951.0, 29307.0], [1949.0, 40000.0], [1947.0, 20556.0]], "asks": [[1965.5, 725.0], [1965.75, 738.0], [1966.0, 2742.0], [1966.25, 1000.0], [1967.75, 1061.0], [1968.0, 4890.0], [1968.75, 1978.0], [1969.0, 6900.0], [1969.5, 3609.0], [1969.75, 14626.0], [1971.75, 61145.0], [1972.0, 70457.0], [1974.0, 12.0], [1976.25, 3.0], [1976.5, 50.0], [1977.25, 69740.0], [1979.5, 19467.0], [1979.75, 1255.0], [1980.75, 40000.0], [1981.5, 5.0]]}}}
{"jsonrpc": "2.0", "method": "subscription", "params": {"channel": "book.ETH-6MAR26.none.20.100ms", "data": {"timestamp": 1771619872963, "change_id": 110206601361, "instrument_name": "ETH-6MAR26", "bids": [[1965.0, 2472.0], [1964.75, 6778.0], [1963.5, 1889.0], [1963.25, 7171.0], [1962.75, 100.0], [1962.25, 625.0], [1961.5, 1530.0], [1961.25, 5124.0], [1960.25, 3432.0], [1960.0, 14650.0], [1957.0, 5021.0], [1956.5, 29679.0], [1956.0, 40000.0], [1955.0, 58675.0], [1954.75, 53.0], [1951.75, 40012.0], [1951.5, 21341.0], [1951.0, 29307.0], [1949.0, 40000.0], [1947.0, 20556.0]], "asks": [[1965.5, 725.0], [1965.75, 738.0], [1966.0, 2742.0], [1966.25, 1000.0], [1967.75, 1061.0], [1968.0, 4890.0], [1968.75, 1978.0], [1969.0, 6900.0], [1969.5, 3609.0], [1969.75, 14626.0], [1971.75, 61145.0], [1972.0, 70457.0], [1974.0, 12.0], [1976.25, 3.0], [1976.5, 50.0], [1977.25, 69740.0], [1979.5, 19467.0], [1979.75, 1255.0], [1980.75, 40000.0], [1981.5, 5.0]]}}}
{"jsonrpc": "2.0", "method": "subscription", "params": {"channel": "book.ETH-6MAR26.none.20.100ms", "data": {"timestamp": 1771619873583, "change_id": 110206601897, "instrument_name": "ETH-6MAR26", "bids": [[1965.0, 2472.0], [1964.75, 6778.0], [1963.5, 1889.0], [1963.25, 7171.0], [1962.75, 725.0], [1961.5, 1530.0], [1961.25, 5124.0], [1960.25, 3432.0], [1960.0, 14650.0], [1957.0, 5021.0], [1956.5, 29679.0], [1956.0, 40000.0], [1955.0, 58675.0], [1954.75, 53.0], [1951.75, 40012.0], [1951.5, 21341.0], [1951.0, 29307.0], [1949.0, 40000.0], [1947.0, 20556.0], [1943.75, 201.0]], "asks": [[1965.5, 725.0], [1965.75, 738.0], [1966.0, 2742.0], [1966.25, 1000.0], [1967.75, 1061.0], [1968.0, 4890.0], [1968.75, 1978.0], [1969.0, 6900.0], [1969.5, 3609.0], [1969.75, 14626.0], [1971.75, 61145.0], [1972.0, 70457.0], [1974.0, 12.0], [1976.25, 3.0], [1976.5, 50.0], [1977.25, 69740.0], [1979.5, 19467.0], [1979.75, 1255.0], [1980.75, 40000.0], [1981.5, 5.0]]}}}
{"jsonrpc": "2.0", "method": "subscription", "params": {"channel": "book.ETH-6MAR26.none.20.100ms", "data": {"timestamp": 1771619874148, "change_id": 110206602579, "instrument_name": "ETH-6MAR26", "bids": [[1964.75, 2472.0], [1963.5, 1889.0], [1963.25, 7171.0], [1963.0, 625.0], [1962.75, 100.0], [1961.5, 1530.0], [1961.25, 5124.0], [1960.25, 3432.0], [1960.0, 14650.0], [1957.0, 5021.0], [1956.5, 29679.0], [1956.0, 40000.0], [1955.0, 58675.0], [1954.75, 53.0], [1951.75, 40012.0], [1951.5, 21341.0], [1951.0, 29307.0], [1949.0, 40000.0], [1947.0, 20556.0], [1943.75, 201.0]], "asks": [[1965.25, 216.0], [1965.5, 725.0], [1965.75, 738.0], [1966.0, 3742.0], [1967.75, 1061.0], [1968.0, 4890.0], [1968.75, 1978.0], [1969.0, 6900.0], [1969.5, 3609.0], [1969.75, 14626.0], [1971.75, 61145.0], [1972.0, 70457.0], [1974.0, 12.0], [1976.25, 3.0], [1976.5, 50.0], [1977.25, 69740.0], [1979.5, 19467.0], [1979.75, 1255.0], [1980.75, 40000.0], [1981.5, 5.0]]}}}
{"jsonrpc": "2.0", "method": "subscription", "params": {"channel": "book.ETH-6MAR26.none.20.100ms", "data": {"timestamp": 1771619874693, "change_id": 110206603215, "instrument_name": "ETH-6MAR26", "bids": [[1965.0, 2472.0], [1964.75, 4087.0], [1963.5, 1889.0], [1963.25, 7796.0], [1962.75, 100.0], [1961.5, 1530.0], [1961.25, 5124.0], [1960.25, 3432.0], [1960.0, 14650.0], [1957.0, 5021.0], [1956.5, 29679.0], [1956.0, 40000.0], [1955.0, 58675.0], [1954.75, 53.0], [1951.75, 40012.0], [1951.5, 21341.0], [1951.0, 29307.0], [1949.0, 40000.0], [1947.0, 20556.0], [1943.75, 201.0]], "asks": [[1965.5, 725.0], [1965.75, 738.0], [1966.0, 3742.0], [1967.75, 1061.0], [1968.0, 4890.0], [1968.75, 1978.0], [1969.0, 6900.0], [1969.5, 3609.0], [1969.75, 14626.0], [1971.75, 61145.0], [1972.0, 70457.0], [1974.0, 12.0], [1976.25, 3.0], [1976.5, 50.0], [1977.25, 69740.0], [1979.5, 19467.0], [1979.75, 1255.0], [1980.75, 40000.0], [1981.5, 5.0], [1982.75, 201.0]]}}}
{"jsonrpc": "2.0", "method": "subscription", "params": {"channel": "book.ETH-6MAR26.none.20.100ms", "data": {"timestamp": 1771619875246, "change_id": 110206603733, "instrument_name": "ETH-6MAR26", "bids": [[1965.0, 2472.0], [1964.75, 4087.0], [1963.5, 2514.0], [1963.25, 7171.0], [1962.75, 100.0], [1961.75, 5124.0], [1960.25, 3432.0], [1960.0, 14650.0], [1957.0, 5021.0], [1956.5, 29679.0], [1956.0, 40000.0], [1955.0, 58675.0], [1954.75, 53.0], [1951.75, 40012.0], [1951.5, 21341.0], [1951.0, 29307.0], [1949.0, 40000.0], [1947.0, 20556.0], [1943.75, 201.0], [1943.5, 80345.0]], "asks": [[1965.5, 725.0], [1965.75, 738.0], [1966.0, 3742.0], [1967.75, 1061.0], [1968.0, 4890.0], [1968.75, 1978.0], [1969.0, 6900.0], [1969.5, 3609.0], [1969.75, 14626.0], [1971.75, 61145.0], [1972.0, 70457.0], [1974.0, 12.0], [1976.25, 3.0], [1976.5, 50.0], [1977.25, 69740.0], [1979.5, 19467.0], [1979.75, 1255.0], [1980.75, 40000.0], [1981.5, 5.0], [1982.75, 201.0]]}}}
{"jsonrpc": "2.0", "method": "subscription", "params": {"channel": "book.ETH-6MAR26.none.20.100ms", "data": {"timestamp": 1771619875783, "change_id": 110206604304, "instrument_name": "ETH-6MAR26", "bids": [[1965.0, 2472.0], [1964.75, 4087.0], [1963.75, 625.0], [1963.5, 1889.0], [1963.25, 7171.0], [1962.75, 100.0], [1961.75, 5124.0], [1960.25, 3432.0], [1960.0, 14650.0], [1957.0, 5021.0], [1956.5, 29679.0], [1956.0, 40000.0], [1955.0, 58675.0], [1954.75, 53.0], [1951.75, 40012.0], [1951.5, 21341.0], [1951.0, 29307.0], [1949.0, 40000.0], [1947.0, 20556.0], [1943.75, 201.0]], "asks": [[1965.5, 725.0], [1965.75, 738.0], [1966.0, 3742.0], [1967.75, 1061.0], [1968.0, 4890.0], [1968.75, 1978.0], [1969.0, 6900.0], [1969.5, 3609.0], [1969.75, 14626.0], [1971.75, 61145.0], [1972.0, 70457.0], [1974.0, 12.0], [1976.25, 3.0], [1976.5, 50.0], [1977.25, 69740.0], [1979.5, 19467.0], [1979.75, 1255.0], [1980.75, 40000.0], [1981.5, 5.0], [1982.75, 201.0]]}}}
{"jsonrpc": "2.0", "method": "subscription", "params": {"channel": "book.ETH-6MAR26.none.20.100ms", "data": {"timestamp": 1771619876663, "change_id": 110206605259, "instrument_name": "ETH-6MAR26", "bids": [[1965.0, 2472.0], [1964.75, 4087.0], [1964.0, 625.0], [1963.5, 1889.0], [1963.25, 7171.0], [1962.75, 100.0], [1961.75, 5124.0], [1960.25, 3432.0], [1960.0, 14650.0], [1957.0, 5021.0], [1956.5, 29679.0], [1956.0, 40000.0], [1955.0, 58675.0], [1954.75, 53.0], [1951.75, 40012.0], [1951.5, 21341.0], [1951.0, 29307.0], [1949.0, 40000.0], [1947.0, 20556.0], [1943.75, 201.0]], "asks": [[1965.5, 725.0], [1965.75, 738.0], [1966.0, 3742.0], [1967.75, 1061.0], [1968.0, 4890.0], [1968.75, 1978.0], [1969.0, 6900.0], [1969.5, 3609.0], [1969.75, 14626.0], [1971.75, 61145.0], [1972.0, 70457.0], [1974.0, 12.0], [1976.25, 3.0], [1976.5, 50.0], [1977.25, 69740.0], [1979.5, 19467.0], [1979.75, 1255.0], [1980.75, 40000.0], [1981.5, 5.0], [1982.75, 201.0]]}}}
{"jsonrpc": "2.0", "method": "subscription", "params": {"channel": "book.ETH-6MAR26.none.20.100ms", "data": {"timestamp": 1771619877787, "change_id": 110206606265, "instrument_name": "ETH-6MAR26", "bids": [[1965.0, 2472.0], [1964.75, 4087.0], [1964.5, 625.0], [1963.5, 1889.0], [1963.25, 7171.0], [1962.75, 100.0], [1961.75, 5124.0], [1960.25, 3432.0], [1960.0, 14650.0], [1957.0, 5021.0], [1956.5, 29679.0], [1956.0, 40000.0], [1955.0, 58675.0], [1954.75, 53.0], [1951.75, 40012.0], [1951.5, 21341.0], [1951.0, 29307.0], [1949.0, 40000.0], [1947.0, 20556.0], [1943.75, 201.0]], "asks": [[1965.5, 725.0], [1965.75, 738.0], [1966.0, 3742.0], [1967.75, 1061.0], [1968.0, 4890.0], [1968.75, 1978.0], [1969.0, 6900.0], [1969.5, 3609.0], [1969.75, 14626.0], [1971.75, 61145.0], [1972.0, 70457.0], [1974.0, 12.0], [1976.25, 3.0], [1976.5, 50.0], [1977.25, 69740.0], [1979.5, 19467.0], [1979.75, 1255.0], [1980.75, 40000.0], [1981.5, 5.0], [1982.75, 201.0]]}}}
{"jsonrpc": "2.0", "method": "subscription", "params": {"channel": "book.ETH-6MAR26.none.20.100ms", "data": {"timestamp": 1771619879506, "change_id": 110206608144, "instrument_name": "ETH-6MAR26", "bids": [[1965.25, 2472.0], [1964.75, 4712.0], [1963.5, 1889.0], [1963.25, 7171.0], [1962.75, 100.0], [1961.75, 5124.0], [1960.25, 3432.0], [1960.0, 14650.0], [1957.0, 5021.0], [1956.5, 29679.0], [1956.0, 40000.0], [1955.0, 58675.0], [1954.75, 53.0], [1951.75, 40012.0], [1951.5, 21341.0], [1951.0, 29307.0], [1949.0, 40000.0], [1947.0, 20556.0], [1943.75, 201.0], [1943.5, 80345.0]], "asks": [[1965.5, 100.0], [1965.75, 299.0], [1966.0, 1912.0], [1966.25, 2472.0], [1967.75, 1061.0], [1968.0, 4890.0], [1968.75, 1978.0], [1969.0, 6900.0], [1969.5, 3609.0], [1969.75, 14626.0], [1971.75, 61145.0], [1972.0, 70457.0], [1974.0, 12.0], [1976.25, 3.0], [1976.5, 50.0], [1977.25, 69740.0], [1979.5, 19467.0], [1979.75, 1255.0], [1980.75, 40000.0], [1981.5, 5.0]]}}}
{"jsonrpc": "2.0", "method": "subscription", "params": {"channel": "book.ETH-6MAR26.none.20.100ms", "data": {"timestamp": 1771619879658, "change_id": 110206608570, "instrument_name": "ETH-6MAR26", "bids": [[1965.25, 2472.0], [1965.0, 625.0], [1964.75, 4087.0], [1963.5, 1889.0], [1963.25, 7171.0], [1962.75, 100.0], [1961.75, 5124.0], [1960.25, 3432.0], [1960.0, 14650.0], [1957.0, 5021.0], [1956.5, 29679.0], [1956.0, 40000.0], [1955.0, 58675.0], [1954.75, 53.0], [1951.75, 40012.0], [1951.5, 21341.0], [1951.0, 29307.0], [1949.0, 40000.0], [1947.0, 20556.0], [1943.75, 201.0]], "asks": [[1965.5, 100.0], [1965.75, 299.0], [1966.0, 1625.0], [1966.25, 322.0], [1966.5, 2472.0], [1967.75, 1061.0], [1968.0, 4890.0], [1968.75, 1978.0], [1969.0, 6900.0], [1969.5, 3609.0], [1969.75, 14626.0], [1971.75, 61145.0], [1972.0, 70457.0], [1974.0, 12.0], [1976.25, 3.0], [1976.5, 50.0], [1977.25, 69740.0], [1979.5, 19467.0], [1979.75, 1255.0], [1980.75, 40000.0]]}}}
{"jsonrpc": "2.0", "method": "subscription", "params": {"channel": "book.ETH-6MAR26.none.20.100ms", "data": {"timestamp": 1771619879972, "change_id": 110206609062, "instrument_name": "ETH-6MAR26", "bids": [[1965.25, 2472.0], [1965.0, 625.0], [1963.5, 1889.0], [1963.25, 7171.0], [1962.75, 100.0], [1961.75, 5124.0], [1960.25, 3432.0], [1960.0, 14650.0], [1957.0, 5021.0], [1956.5, 29679.0], [1956.0, 40000.0], [1955.0, 58675.0], [1954.75, 53.0], [1951.75, 40012.0], [1951.5, 21341.0], [1951.0, 29307.0], [1949.0, 40000.0], [1947.0, 20556.0], [1943.75, 201.0], [1943.5, 80345.0]], "asks": [[1965.5, 100.0], [1965.75, 299.0], [1966.0, 1625.0], [1966.25, 322.0], [1966.5, 2472.0], [1967.75, 1061.0], [1968.0, 4890.0], [1968.75, 1978.0], [1969.0, 6900.0], [1969.5, 3609.0], [1969.75, 14626.0], [1971.75, 61145.0], [1972.0, 70457.0], [1974.0, 12.0], [1976.25, 3.0], [1976.5, 50.0], [1977.25, 69740.0], [1979.5, 19467.0], [1979.75, 1255.0], [1980.75, 40000.0]]}}}
{"jsonrpc": "2.0", "method": "subscription", "params": {"channel": "book.ETH-6MAR26.none.20.100ms", "data": {"timestamp": 1771619880870, "change_id": 110206610609, "instrument_name": "ETH-6MAR26", "bids": [[1965.25, 3097.0], [1963.5, 1889.0], [1963.25, 7171.0], [1963.0, 5124.0], [1962.75, 100.0], [1960.25, 3432.0], [1960.0, 14650.0], [1957.0, 5021.0], [1956.5, 29679.0], [1956.0, 40000.0], [1955.0, 58675.0], [1954.75, 53.0], [1951.75, 40012.0], [1951.5, 21341.0], [1951.0, 29307.0], [1949.0, 40000.0], [1947.0, 20556.0], [1943.75, 201.0], [1943.5, 80345.0], [1943.25, 20299.0]], "asks": [[1965.5, 100.0], [1966.0, 625.0], [1966.25, 299.0], [1966.5, 1657.0], [1966.75, 2472.0], [1967.75, 1061.0], [1968.0, 4890.0], [1969.5, 10641.0], [1969.75, 14626.0], [1971.75, 61145.0], [1972.0, 70457.0], [1974.0, 12.0], [1976.25, 3.0], [1976.5, 50.0], [1977.25, 69740.0], [1979.5, 19467.0], [1979.75, 1255.0], [1980.75, 40000.0], [1981.5, 5.0], [1982.75, 201.0]]}}}
{"jsonrpc": "2.0", "method": "subscription", "params": {"channel": "book.ETH-6MAR26.none.20.100ms", "data": {"timestamp": 1771619881159, "change_id": 110206611120, "instrument_name": "ETH-6MAR26", "bids": [[1965.25, 3097.0], [1965.0, 6780.0], [1963.5, 1889.0], [1963.25, 7171.0], [1963.0, 5124.0], [1962.75, 100.0], [1960.25, 3432.0], [1960.0, 14650.0], [1957.0, 5021.0], [1956.5, 29679.0], [1956.0, 40000.0], [1955.0, 58675.0], [1954.75, 53.0], [1951.75, 40012.0], [1951.5, 21341.0], [1951.0, 29307.0], [1949.0, 40000.0], [1947.0, 20556.0], [1943.75, 201.0], [1943.5, 80345.0]], "asks": [[1965.5, 100.0], [1966.0, 625.0], [1966.25, 299.0], [1966.5, 1657.0], [1966.75, 2472.0], [1967.75, 1061.0], [1968.0, 4890.0], [1969.0, 7049.0], [1969.5, 3609.0], [1969.75, 14626.0], [1971.75, 61145.0], [1972.0, 30457.0], [1973.75, 40000.0], [1974.0, 12.0], [1976.25, 3.0], [1976.5, 50.0], [1977.25, 69740.0], [1979.5, 19467.0], [1979.75, 1255.0], [1980.75, 40000.0]]}}}
{"jsonrpc": "2.0", "method": "subscription", "params": {"channel": "book.ETH-6MAR26.none.20.100ms", "data": {"timestamp": 1771619881291, "change_id": 110206611462, "instrument_name": "ETH-6MAR26", "bids": [[1965.25, 3097.0], [1964.5, 751.0], [1964.25, 7051.0], [1963.25, 1530.0], [1963.0, 5124.0], [1962.75, 100.0], [1960.25, 3432.0], [1960.0, 14650.0], [1957.0, 5021.0], [1956.5, 29679.0], [1956.0, 40000.0], [1955.0, 58675.0], [1954.75, 53.0], [1951.75, 40012.0], [1951.5, 21341.0], [1951.0, 29307.0], [1949.0, 40000.0], [1947.0, 20556.0], [1943.75, 201.0], [1943.5, 80345.0]], "asks": [[1965.5, 100.0], [1966.25, 299.0], [1966.5, 2282.0], [1966.75, 2472.0], [1967.75, 1061.0], [1968.0, 4890.0], [1969.5, 3609.0], [1969.75, 14626.0], [1970.25, 7098.0], [1971.75, 61145.0], [1972.0, 30457.0], [1973.75, 40000.0], [1974.0, 12.0], [1976.25, 3.0], [1976.5, 50.0], [1977.25, 69740.0], [1979.5, 19467.0], [1979.75, 1255.0], [1980.75, 40000.0], [1981.5, 5.0]]}}}
{"jsonrpc": "2.0", "method": "subscription", "params": {"channel": "book.ETH-6MAR26.none.20.100ms", "data": {"timestamp": 1771619881840, "change_id": 110206612127, "instrument_name": "ETH-6MAR26", "bids": [[1965.25, 9877.0], [1964.5, 751.0], [1964.25, 7051.0], [1963.25, 1530.0], [1963.0, 5124.0], [1962.75, 100.0], [1960.25, 3432.0], [1960.0, 14650.0], [1957.0, 5021.0], [1956.5, 29679.0], [1956.0, 40000.0], [1955.0, 58675.0], [1954.75, 53.0], [1951.75, 40012.0], [1951.5, 21341.0], [1951.0, 29307.0], [1949.0, 40000.0], [1947.0, 20556.0], [1943.75, 201.0], [1943.5, 80345.0]], "asks": [[1965.5, 100.0], [1966.25, 924.0], [1966.5, 1657.0], [1966.75, 2472.0], [1967.75, 1061.0], [1968.0, 4890.0], [1969.0, 7271.0], [1969.5, 3609.0], [1969.75, 14626.0], [1971.75, 61145.0], [1972.0, 30457.0], [1973.75, 40000.0], [1974.0, 12.0], [1976.25, 3.0], [1976.5, 50.0], [1977.25, 69740.0], [1979.5, 19467.0], [1979.75, 1255.0], [1980.75, 40000.0], [1981.5, 5.0]]}}}
{"jsonrpc": "2.0", "method": "subscription", "params": {"channel": "book.ETH-6MAR26.none.20.100ms", "data": {"timestamp": 1771619882218, "change_id": 110206613030, "instrument_name": "ETH-6MAR26", "bids": [[1965.25, 3097.0], [1965.0, 6779.0], [1963.5, 7002.0], [1963.25, 1530.0], [1963.0, 5124.0], [1962.75, 100.0], [1960.25, 3432.0], [1960.0, 14650.0], [1957.0, 5021.0], [1956.5, 29679.0], [1956.0, 40000.0], [1955.0, 58675.0], [1954.75, 53.0], [1951.75, 40012.0], [1951.5, 21341.0], [1951.0, 29307.0], [1949.0, 40000.0], [1947.0, 20556.0], [1943.75, 201.0], [1943.5, 80345.0]], "asks": [[1965.5, 100.0], [1966.0, 625.0], [1966.25, 998.0], [1966.5, 3472.0], [1967.75, 1061.0], [1968.0, 4890.0], [1968.75, 2170.0], [1969.0, 7271.0], [1969.5, 3609.0], [1969.75, 14626.0], [1971.75, 61145.0], [1972.0, 30457.0], [1973.75, 40000.0], [1974.0, 12.0], [1976.25, 3.0], [1976.5, 50.0], [1977.25, 69740.0], [1979.5, 19467.0], [1979.75, 1255.0], [1980.75, 40000.0]]}}}
{"jsonrpc": "2.0", "method": "subscription", "params": {"channel": "book.ETH-6MAR26.none.20.100ms", "data": {"timestamp": 1771619882764, "change_id": 110206613716, "instrument_name": "ETH-6MAR26", "bids": [[1965.25, 2472.0], [1963.75, 1639.0], [1963.5, 7002.0], [1963.25, 1530.0], [1963.0, 5124.0], [1962.75, 100.0], [1960.25, 3432.0], [1960.0, 14650.0], [1957.0, 5021.0], [1956.5, 29679.0], [1956.0, 40000.0], [1955.0, 58675.0], [1954.75, 53.0], [1951.75, 40012.0], [1951.5, 21341.0], [1951.0, 29307.0], [1949.0, 40000.0], [1947.0, 20556.0], [1943.75, 201.0], [1943.5, 80345.0]], "asks": [[1965.5, 100.0], [1966.0, 1363.0], [1966.25, 2771.0], [1966.5, 1000.0], [1967.75, 1061.0], [1968.0, 4890.0], [1968.75, 2170.0], [1969.0, 7271.0], [1969.5, 3609.0], [1969.75, 14626.0], [1971.75, 61145.0], [1972.0, 30457.0], [1973.75, 40000.0], [1974.0, 12.0], [1976.25, 3.0], [1976.5, 50.0], [1977.25, 69740.0], [1979.5, 19467.0], [1979.75, 1255.0], [1980.75, 40000.0]]}}}
{"jsonrpc": "2.0", "method": "subscription", "params": {"channel": "book.ETH-6MAR26.none.20.100ms", "data": {"timestamp": 1771619882974, "change_id": 110206614221, "instrument_name": "ETH-6MAR26", "bids": [[1965.25, 2472.0], [1963.75, 1639.0], [1963.5, 7002.0], [1963.25, 2155.0], [1963.0, 5124.0], [1962.75, 100.0], [1960.25, 3432.0], [1960.0, 14650.0], [1957.0, 5021.0], [1956.5, 29679.0], [1956.0, 40000.0], [1955.0, 58675.0], [1954.75, 53.0], [1951.75, 40012.0], [1951.5, 21341.0], [1951.0, 29307.0], [1949.0, 40000.0], [1947.0, 20556.0], [1943.75, 201.0], [1943.5, 80345.0]], "asks": [[1965.5, 100.0], [1965.75, 625.0], [1966.0, 738.0], [1966.25, 2771.0], [1966.5, 1000.0], [1967.75, 1061.0], [1968.0, 4890.0], [1968.75, 2170.0], [1969.0, 7271.0], [1969.5, 3609.0], [1969.75, 14626.0], [1971.75, 61145.0], [1972.0, 30457.0], [1973.75, 40000.0], [1974.0, 12.0], [1976.25, 3.0], [1976.5, 50.0], [1977.25, 69740.0], [1979.5, 19467.0], [1979.75, 1255.0]]}}}
{"jsonrpc": "2.0", "method": "subscription", "params": {"channel": "book.ETH-6MAR26.none.20.100ms", "data": {"timestamp": 1771619883478, "change_id": 110206614560, "instrument_name": "ETH-6MAR26", "bids": [[1965.25, 2472.0], [1963.75, 1639.0], [1963.5, 7627.0], [1963.25, 1530.0], [1963.0, 5124.0], [1962.75, 100.0], [1960.25, 3432.0], [1960.0, 14650.0], [1957.0, 5021.0], [1956.5, 29679.0], [1956.0, 40000.0], [1955.0, 58675.0], [1954.75, 53.0], [1951.75, 40012.0], [1951.5, 21341.0], [1951.0, 29307.0], [1949.0, 40000.0], [1947.0, 20556.0], [1943.75, 201.0], [1943.5, 80345.0]], "asks": [[1965.5, 100.0], [1965.75, 625.0], [1966.0, 738.0], [1966.25, 2771.0], [1966.5, 1000.0], [1967.75, 1061.0], [1968.0, 4890.0], [1968.75, 2170.0], [1969.0, 7271.0], [1969.5, 3609.0], [1969.75, 14626.0], [1971.75, 61145.0], [1972.0, 30457.0], [1973.75, 40000.0], [1974.0, 12.0], [1976.25, 3.0], [1976.5, 50.0], [1977.25, 69740.0], [1979.5, 19467.0], [1979.75, 1255.0]]}}}
{"jsonrpc": "2.0", "method": "subscription", "params": {"channel": "book.ETH-6MAR26.none.20.100ms", "data": {"timestamp": 1771619884086, "change_id": 110206615314, "instrument_name": "ETH-6MAR26", "bids": [[1965.25, 2472.0], [1963.75, 2264.0], [1963.5, 7002.0], [1963.25, 1530.0], [1963.0, 5124.0], [1962.75, 100.0], [1960.25, 3432.0], [1960.0, 14650.0], [1957.0, 5021.0], [1956.5, 29679.0], [1956.0, 40000.0], [1955.0, 58675.0], [1954.75, 53.0], [1951.75, 40012.0], [1951.5, 21341.0], [1951.0, 29307.0], [1949.0, 40000.0], [1947.0, 20556.0], [1943.75, 201.0], [1943.5, 80345.0]], "asks": [[1965.5, 100.0], [1965.75, 625.0], [1966.0, 738.0], [1966.25, 2771.0], [1966.5, 1000.0], [1967.75, 1061.0], [1968.0, 4890.0], [1968.75, 2170.0], [1969.0, 7271.0], [1969.5, 3609.0], [1969.75, 14626.0], [1971.75, 61145.0], [1972.0, 30457.0], [1973.75, 40000.0], [1974.0, 12.0], [1976.25, 3.0], [1976.5, 50.0], [1977.25, 69740.0], [1979.5, 19467.0], [1979.75, 1255.0]]}}}
{"jsonrpc": "2.0", "method": "subscription", "params": {"channel": "book.ETH-6MAR26.none.20.100ms", "data": {"timestamp": 1771619884508, "change_id": 110206616057, "instrument_name": "ETH-6MAR26", "bids": [[1965.25, 2472.0], [1963.75, 2264.0], [1963.5, 7002.0], [1962.75, 100.0], [1960.25, 3432.0], [1960.0, 14650.0], [1957.0, 5021.0], [1956.5, 29679.0], [1956.0, 40000.0], [1955.0, 58675.0], [1954.75, 53.0], [1951.75, 40012.0], [1951.5, 21341.0], [1951.0, 29307.0], [1949.0, 40000.0], [1947.0, 20556.0], [1943.75, 201.0], [1943.5, 80345.0], [1943.25, 20299.0], [1934.5, 20179.0]], "asks": [[1965.5, 100.0], [1965.75, 625.0], [1966.0, 998.0], [1966.25, 3472.0], [1967.75, 1061.0], [1968.0, 4890.0], [1968.75, 2170.0], [1969.0, 7271.0], [1969.5, 3609.0], [1969.75, 14626.0], [1971.75, 61145.0], [1972.0, 30457.0], [1973.75, 40000.0], [1974.0, 12.0], [1976.25, 3.0], [1976.5, 50.0], [1977.25, 69740.0], [1979.5, 19467.0], [1979.75, 1255.0], [1980.75, 40000.0]]}}}
{"jsonrpc": "2.0", "method": "subscription", "params": {"channel": "book.ETH-6MAR26.none.20.100ms", "data": {"timestamp": 1771619884879, "change_id": 110206616443, "instrument_name": "ETH-6MAR26", "bids": [[1965.25, 2472.0], [1964.0, 625.0], [1963.75, 1639.0], [1963.5, 7002.0], [1962.75, 100.0], [1960.25, 3432.0], [1960.0, 14650.0], [1957.0, 5021.0], [1956.5, 29679.0], [1956.0, 40000.0], [1955.0, 58675.0], [1954.75, 53.0], [1951.75, 40012.0], [1951.5, 21341.0], [1951.0, 29307.0], [1949.0, 40000.0], [1947.0, 20556.0], [1943.75, 201.0], [1943.5, 80345.0], [1943.25, 20299.0]], "asks": [[1965.5, 100.0], [1965.75, 625.0], [1966.0, 998.0], [1966.25, 3472.0], [1967.75, 1061.0], [1968.0, 4890.0], [1968.75, 2170.0], [1969.0, 7271.0], [1969.5, 3609.0], [1969.75, 14626.0], [1971.75, 61145.0], [1972.0, 30457.0], [1973.75, 40000.0], [1974.0, 12.0], [1976.25, 3.0], [1976.5, 50.0], [1977.25, 69740.0], [1979.5, 19467.0], [1979.75, 1255.0], [1980.75, 40000.0]]}}}
{"jsonrpc": "2.0", "method": "subscription", "params": {"channel": "book.ETH-6MAR26.none.20.100ms", "data": {"timestamp": 1771619885761, "change_id": 110206617249, "instrument_name": "ETH-6MAR26", "bids": [[1965.25, 2472.0], [1964.25, 625.0], [1963.75, 1639.0], [1963.5, 7002.0], [1962.75, 100.0], [1960.25, 3432.0], [1960.0, 14650.0], [1957.0, 5021.0], [1956.5, 29679.0], [1956.0, 40000.0], [1955.0, 58675.0], [1954.75, 53.0], [1951.75, 40012.0], [1951.5, 21341.0], [1951.0, 29307.0], [1949.0, 40000.0], [1947.0, 20556.0], [1943.75, 201.0], [1943.5, 80345.0], [1943.25, 20299.0]], "asks": [[1965.5, 100.0], [1965.75, 625.0], [1966.0, 998.0], [1966.25, 3472.0], [1967.75, 1061.0], [1968.0, 4890.0], [1968.75, 2170.0], [1969.0, 7271.0], [1969.5, 3609.0], [1969.75, 14626.0], [1971.75, 61145.0], [1972.0, 30457.0], [1973.75, 40000.0], [1974.0, 12.0], [1976.25, 3.0], [1976.5, 50.0], [1977.25, 69740.0], [1979.5, 19467.0], [1979.75, 1255.0], [1980.75, 40000.0]]}}}
{"jsonrpc": "2.0", "method": "subscription", "params": {"channel": "book.ETH-6MAR26.none.20.100ms", "data": {"timestamp": 1771619886757, "change_id": 110206618538, "instrument_name": "ETH-6MAR26", "bids": [[1965.25, 2472.0], [1965.0, 625.0], [1963.75, 1639.0], [1963.5, 7002.0], [1962.75, 100.0], [1960.25, 3432.0], [1960.0, 14650.0], [1957.0, 5021.0], [1956.5, 29679.0], [1956.0, 40000.0], [1955.0, 58675.0], [1954.75, 53.0], [1951.75, 40012.0], [1951.5, 21341.0], [1951.0, 29307.0], [1949.0, 40000.0], [1947.0, 20556.0], [1943.75, 201.0], [1943.5, 80345.0], [1943.25, 20299.0]], "asks": [[1965.5, 100.0], [1965.75, 625.0], [1966.0, 299.0], [1966.25, 1297.0], [1966.5, 2472.0], [1967.75, 1061.0], [1968.0, 4890.0], [1968.75, 2170.0], [1969.0, 7271.0], [1969.5, 3609.0], [1969.75, 14626.0], [1971.75, 61145.0], [1972.0, 30457.0], [1973.75, 40000.0], [1974.0, 12.0], [1976.25, 3.0], [1976.5, 50.0], [1977.25, 69740.0], [1979.5, 19467.0], [1979.75, 1255.0]]}}}
{"jsonrpc": "2.0", "method": "subscription", "params": {"channel": "book.ETH-6MAR26.none.20.100ms", "data": {"timestamp": 1771619886894, "change_id": 110206618744, "instrument_name": "ETH-6MAR26", "bids": [[1965.25, 2472.0], [1965.0, 625.0], [1963.75, 1639.0], [1963.5, 7002.0], [1962.75, 100.0], [1960.25, 3432.0], [1960.0, 14650.0], [1957.0, 5021.0], [1956.5, 29679.0], [1956.0, 40000.0], [1955.0, 58675.0], [1954.75, 53.0], [1951.75, 40012.0], [1951.5, 21341.0], [1951.0, 29307.0], [1949.0, 40000.0], [1947.0, 20556.0], [1943.75, 201.0], [1943.5, 80345.0], [1943.25, 20299.0]], "asks": [[1965.5, 100.0], [1965.75, 625.0], [1966.0, 299.0], [1966.25, 3472.0], [1967.75, 1061.0], [1968.0, 4890.0], [1968.75, 2170.0], [1969.0, 7271.0], [1969.5, 3609.0], [1969.75, 14626.0], [1971.75, 61145.0], [1972.0, 30457.0], [1973.75, 40000.0], [1974.0, 12.0], [1976.25, 3.0], [1976.5, 50.0], [1977.25, 69740.0], [1979.5, 19467.0], [1979.75, 1255.0], [1980.75, 40000.0]]}}}
{"jsonrpc": "2.0", "method": "subscription", "params": {"channel": "book.ETH-6MAR26.none.20.100ms", "data": {"timestamp": 1771619888965, "change_id": 110206620844, "instrument_name": "ETH-6MAR26", "bids": [[1965.0, 3097.0], [1963.75, 1639.0], [1963.5, 7002.0], [1962.75, 100.0], [1960.25, 3432.0], [1960.0, 14650.0], [1957.0, 5021.0], [1956.5, 29679.0], [1956.0, 40000.0], [1955.0, 58675.0], [1954.75, 53.0], [1951.75, 40012.0], [1951.5, 21341.0], [1951.0, 29307.0], [1949.0, 40000.0], [1947.0, 20556.0], [1943.75, 201.0], [1943.5, 80345.0], [1943.25, 20299.0], [1934.5, 20179.0]], "asks": [[1965.5, 100.0], [1965.75, 625.0], [1966.0, 564.0], [1966.25, 3472.0], [1967.75, 1061.0], [1968.0, 4890.0], [1968.75, 2170.0], [1969.0, 7271.0], [1969.5, 3609.0], [1969.75, 14626.0], [1971.75, 61145.0], [1972.0, 30457.0], [1973.75, 40000.0], [1974.0, 12.0], [1976.25, 3.0], [1976.5, 50.0], [1977.25, 69740.0], [1979.5, 19467.0], [1979.75, 1255.0], [1980.75, 40000.0]]}}}
{"jsonrpc": "2.0", "method": "subscription", "params": {"channel": "book.ETH-6MAR26.none.20.100ms", "data": {"timestamp": 1771619889295, "change_id": 110206621082, "instrument_name": "ETH-6MAR26", "bids": [[1965.0, 3097.0], [1964.75, 6622.0], [1963.75, 1639.0], [1963.5, 7002.0], [1962.75, 100.0], [1960.25, 3432.0], [1960.0, 14650.0], [1957.0, 5021.0], [1956.5, 29679.0], [1956.0, 40000.0], [1955.0, 58675.0], [1954.75, 53.0], [1951.75, 40012.0], [1951.5, 21341.0], [1951.0, 29307.0], [1949.0, 40000.0], [1947.0, 20556.0], [1943.75, 201.0], [1943.5, 80345.0], [1943.25, 20299.0]], "asks": [[1965.5, 100.0], [1965.75, 1048.0], [1966.0, 2771.0], [1966.25, 1000.0], [1967.75, 1061.0], [1968.0, 4890.0], [1968.75, 2170.0], [1969.0, 7271.0], [1969.5, 3609.0], [1969.75, 14626.0], [1971.75, 61145.0], [1972.0, 30457.0], [1973.75, 40000.0], [1974.0, 12.0], [1976.25, 3.0], [1976.5, 50.0], [1977.25, 69740.0], [1979.5, 19467.0], [1979.75, 1255.0], [1980.75, 40000.0]]}}}
{"jsonrpc": "2.0", "method": "subscription", "params": {"channel": "book.ETH-6MAR26.none.20.100ms", "data": {"timestamp": 1771619891309, "change_id": 110206623004, "instrument_name": "ETH-6MAR26", "bids": [[1965.0, 3097.0], [1964.75, 6622.0], [1963.75, 1639.0], [1963.5, 7002.0], [1962.75, 100.0], [1960.25, 3432.0], [1960.0, 14650.0], [1957.0, 5021.0], [1956.5, 29679.0], [1956.0, 40000.0], [1955.0, 58675.0], [1954.75, 53.0], [1951.75, 40012.0], [1951.5, 21341.0], [1951.0, 29307.0], [1949.0, 40000.0], [1947.0, 20556.0], [1943.75, 201.0], [1943.5, 80345.0], [1943.25, 20299.0]], "asks": [[1965.5, 100.0], [1965.75, 625.0], [1966.0, 530.0], [1966.25, 3472.0], [1967.75, 1061.0], [1968.0, 4890.0], [1968.75, 2170.0], [1969.0, 7271.0], [1969.5, 3609.0], [1969.75, 14626.0], [1971.75, 61145.0], [1972.0, 30457.0], [1973.75, 40000.0], [1974.0, 12.0], [1976.25, 3.0], [1976.5, 50.0], [1977.25, 69740.0], [1979.5, 19467.0], [1979.75, 1255.0], [1980.75, 40000.0]]}}}
{"jsonrpc": "2.0", "method": "subscription", "params": {"channel": "book.ETH-6MAR26.none.20.100ms", "data": {"timestamp": 1771619892976, "change_id": 110206624673, "instrument_name": "ETH-6MAR26", "bids": [[1965.0, 3097.0], [1964.75, 6622.0], [1963.75, 1639.0], [1963.5, 7002.0], [1963.0, 5124.0], [1962.75, 100.0], [1960.25, 3432.0], [1960.0, 14650.0], [1957.0, 5021.0], [1956.5, 29679.0], [1956.0, 40000.0], [1955.0, 58675.0], [1954.75, 53.0], [1951.75, 40012.0], [1951.5, 21341.0], [1951.0, 29307.0], [1949.0, 40000.0], [1947.0, 20556.0], [1943.75, 201.0], [1943.5, 80345.0]], "asks": [[1965.5, 100.0], [1965.75, 625.0], [1966.0, 530.0], [1966.25, 3472.0], [1967.75, 1061.0], [1968.0, 4890.0], [1968.75, 2170.0], [1969.0, 7271.0], [1969.5, 3609.0], [1969.75, 14626.0], [1971.75, 61145.0], [1972.0, 30457.0], [1973.75, 40000.0], [1974.0, 12.0], [1976.25, 3.0], [1976.5, 50.0], [1977.25, 69740.0], [1979.5, 19467.0], [1979.75, 1255.0], [1980.75, 40000.0]]}}}
{"jsonrpc": "2.0", "method": "subscription", "params": {"channel": "book.ETH-6MAR26.none.20.100ms", "data": {"timestamp": 1771619893975, "change_id": 110206625620, "instrument_name": "ETH-6MAR26", "bids": [[1965.0, 3097.0], [1964.75, 6622.0], [1963.75, 1639.0], [1963.5, 7002.0], [1963.0, 5124.0], [1962.75, 100.0], [1960.25, 3432.0], [1960.0, 14650.0], [1957.0, 5021.0], [1956.5, 29679.0], [1956.0, 40000.0], [1955.0, 58675.0], [1954.75, 53.0], [1951.75, 40012.0], [1951.5, 21341.0], [1951.0, 29307.0], [1949.0, 40000.0], [1947.0, 20556.0], [1943.75, 201.0], [1943.5, 80345.0]], "asks": [[1965.5, 100.0], [1965.75, 999.0], [1966.0, 2771.0], [1966.25, 1000.0], [1967.75, 1061.0], [1968.0, 4890.0], [1968.75, 2170.0], [1969.0, 7271.0], [1969.5, 3609.0], [1969.75, 14626.0], [1971.75, 61145.0], [1972.0, 30457.0], [1973.75, 40000.0], [1974.0, 12.0], [1976.25, 3.0], [1976.5, 50.0], [1977.25, 69740.0], [1979.5, 19467.0], [1979.75, 1255.0], [1980.75, 40000.0]]}}}
{"jsonrpc": "2.0", "method": "subscription", "params": {"channel": "book.ETH-6MAR26.none.20.100ms", "data": {"timestamp": 1771619895289, "change_id": 110206626803, "instrument_name": "ETH-6MAR26", "bids": [[1965.0, 625.0], [1964.75, 9094.0], [1963.75, 1639.0], [1963.5, 7002.0], [1963.0, 5124.0], [1962.75, 100.0], [1960.25, 3432.0], [1960.0, 14650.0], [1957.0, 5021.0], [1956.5, 29679.0], [1956.0, 40000.0], [1955.0, 58675.0], [1954.75, 53.0], [1951.75, 40012.0], [1951.5, 21341.0], [1951.0, 29307.0], [1949.0, 40000.0], [1947.0, 20556.0], [1943.75, 201.0], [1943.5, 80345.0]], "asks": [[1965.5, 100.0], [1965.75, 999.0], [1966.0, 2771.0], [1966.25, 1000.0], [1967.75, 1061.0], [1968.0, 4890.0], [1968.75, 2170.0], [1969.0, 7271.0], [1969.5, 3609.0], [1969.75, 14626.0], [1971.75, 61145.0], [1972.0, 30457.0], [1973.75, 40000.0], [1974.0, 12.0], [1976.25, 3.0], [1976.5, 50.0], [1977.25, 69740.0], [1979.5, 19467.0], [1979.75, 1255.0], [1980.75, 40000.0]]}}}
{"jsonrpc": "2.0", "method": "subscription", "params": {"channel": "book.ETH-6MAR26.none.20.100ms", "data": {"timestamp": 1771619896101, "change_id": 110206628001, "instrument_name": "ETH-6MAR26", "bids": [[1964.5, 3097.0], [1963.75, 1639.0], [1963.5, 7002.0], [1962.75, 100.0], [1960.75, 1163.0], [1960.5, 5124.0], [1960.25, 3432.0], [1960.0, 14650.0], [1957.0, 5021.0], [1956.5, 29679.0], [1956.0, 40000.0], [1955.0, 58675.0], [1954.75, 53.0], [1951.75, 40012.0], [1951.5, 21341.0], [1951.0, 29307.0], [1949.0, 40000.0], [1947.0, 20556.0], [1943.75, 201.0], [1943.5, 80345.0]], "asks": [[1965.25, 216.0], [1965.5, 1149.0], [1965.75, 2674.0], [1966.0, 1000.0], [1967.75, 1061.0], [1968.0, 4890.0], [1968.75, 2170.0], [1969.0, 7271.0], [1969.5, 3609.0], [1969.75, 14626.0], [1971.75, 61145.0], [1972.0, 30457.0], [1973.75, 40000.0], [1974.0, 12.0], [1976.25, 3.0], [1976.5, 50.0], [1977.25, 69740.0], [1979.5, 19467.0], [1979.75, 1255.0], [1980.75, 40000.0]]}}}
{"jsonrpc": "2.0", "method": "subscription", "params": {"channel": "book.ETH-6MAR26.none.20.100ms", "data": {"timestamp": 1771619896496, "change_id": 110206628526, "instrument_name": "ETH-6MAR26", "bids": [[1964.75, 2472.0], [1964.5, 7403.0], [1963.75, 1639.0], [1963.5, 7002.0], [1962.75, 100.0], [1960.75, 1163.0], [1960.5, 5124.0], [1960.25, 3432.0], [1960.0, 14650.0], [1957.0, 5021.0], [1956.5, 29679.0], [1956.0, 40000.0], [1955.0, 58675.0], [1954.75, 53.0], [1951.75, 40012.0], [1951.5, 21341.0], [1951.0, 29307.0], [1949.0, 40000.0], [1947.0, 20556.0], [1943.75, 201.0]], "asks": [[1965.25, 216.0], [1965.5, 1149.0], [1965.75, 2674.0], [1966.0, 1000.0], [1967.75, 1061.0], [1968.0, 4890.0], [1968.75, 2170.0], [1969.0, 7271.0], [1969.5, 3609.0], [1969.75, 14626.0], [1971.75, 61145.0], [1972.0, 30457.0], [1973.75, 40000.0], [1974.0, 12.0], [1976.25, 3.0], [1976.5, 50.0], [1977.25, 69740.0], [1979.5, 19467.0], [1979.75, 1255.0], [1980.75, 40000.0]]}}}
{"jsonrpc": "2.0", "method": "subscription", "params": {"channel": "book.ETH-6MAR26.none.20.100ms", "data": {"timestamp": 1771619897485, "change_id": 110206629481, "instrument_name": "ETH-6MAR26", "bids": [[1964.75, 2472.0], [1964.5, 7403.0], [1963.75, 1639.0], [1963.5, 7002.0], [1962.75, 100.0], [1961.25, 789.0], [1961.0, 5124.0], [1960.25, 3432.0], [1960.0, 14650.0], [1957.0, 5021.0], [1956.5, 29679.0], [1956.0, 40000.0], [1955.0, 58675.0], [1954.75, 53.0], [1951.75, 40012.0], [1951.5, 21341.0], [1951.0, 29307.0], [1949.0, 40000.0], [1947.0, 20556.0], [1943.75, 201.0]], "asks": [[1965.25, 216.0], [1965.5, 1149.0], [1965.75, 2674.0], [1966.0, 1000.0], [1967.75, 1061.0], [1968.0, 19516.0], [1968.75, 2170.0], [1969.0, 7271.0], [1969.5, 30296.0], [1971.75, 30849.0], [1972.0, 30457.0], [1973.75, 40000.0], [1974.0, 12.0], [1976.25, 3.0], [1976.5, 50.0], [1977.25, 69740.0], [1979.5, 19467.0], [1979.75, 1255.0], [1980.75, 40000.0], [1981.5, 5.0]]}}}
{"jsonrpc": "2.0", "method": "subscription", "params": {"channel": "book.ETH-6MAR26.none.20.100ms", "data": {"timestamp": 1771619899394, "change_id": 110206631557, "instrument_name": "ETH-6MAR26", "bids": [[1964.75, 3097.0], [1964.5, 6778.0], [1963.75, 1639.0], [1963.5, 7002.0], [1962.75, 100.0], [1961.25, 789.0], [1961.0, 5124.0], [1960.25, 3432.0], [1960.0, 14650.0], [1957.0, 5021.0], [1956.5, 29679.0], [1956.0, 40000.0], [1955.0, 58675.0], [1954.75, 53.0], [1951.75, 40012.0], [1951.5, 21341.0], [1951.0, 29307.0], [1949.0, 40000.0], [1947.0, 20556.0], [1943.75, 201.0]], "asks": [[1965.5, 725.0], [1965.75, 465.0], [1966.0, 3472.0], [1967.75, 1690.0], [1968.0, 19516.0], [1968.75, 2170.0], [1969.0, 7271.0], [1969.5, 30296.0], [1971.75, 30849.0], [1972.0, 30457.0], [1973.75, 40000.0], [1974.0, 12.0], [1976.25, 3.0], [1976.5, 50.0], [1977.25, 69740.0], [1979.5, 19467.0], [1979.75, 1255.0], [1980.75, 40000.0], [1981.5, 5.0], [1982.75, 201.0]]}}}
{"jsonrpc": "2.0", "method": "subscription", "params": {"channel": "book.ETH-6MAR26.none.20.100ms", "data": {"timestamp": 1771619899772, "change_id": 110206632184, "instrument_name": "ETH-6MAR26", "bids": [[1965.0, 2472.0], [1964.75, 625.0], [1963.75, 1639.0], [1963.5, 7002.0], [1962.75, 100.0], [1961.25, 789.0], [1961.0, 5124.0], [1960.25, 3432.0], [1960.0, 14650.0], [1957.0, 5021.0], [1956.5, 29679.0], [1956.0, 40000.0], [1955.0, 58675.0], [1954.75, 53.0], [1951.75, 40012.0], [1951.5, 21341.0], [1951.0, 29307.0], [1949.0, 40000.0], [1947.0, 20556.0], [1943.75, 201.0]], "asks": [[1965.5, 100.0], [1965.75, 1090.0], [1966.0, 3472.0], [1967.75, 1690.0], [1968.0, 19516.0], [1968.75, 2170.0], [1969.0, 7271.0], [1969.5, 30296.0], [1971.75, 30849.0], [1972.0, 30457.0], [1973.75, 40000.0], [1974.0, 12.0], [1976.25, 3.0], [1976.5, 50.0], [1977.25, 69740.0], [1979.5, 19467.0], [1979.75, 1255.0], [1980.75, 40000.0], [1981.5, 5.0], [1982.75, 201.0]]}}}
{"jsonrpc": "2.0", "method": "subscription", "params": {"channel": "book.ETH-6MAR26.none.20.100ms", "data": {"timestamp": 1771619900141, "change_id": 110206632629, "instrument_name": "ETH-6MAR26", "bids": [[1965.0, 2472.0], [1964.75, 7403.0], [1963.75, 1639.0], [1963.5, 7002.0], [1962.75, 100.0], [1961.25, 789.0], [1961.0, 5124.0], [1960.25, 3432.0], [1960.0, 14650.0], [1957.0, 5021.0], [1956.5, 29679.0], [1956.0, 40000.0], [1955.0, 58675.0], [1954.75, 53.0], [1951.75, 40012.0], [1951.5, 21341.0], [1951.0, 29307.0], [1949.0, 40000.0], [1947.0, 20556.0], [1943.75, 201.0]], "asks": [[1965.5, 100.0], [1965.75, 1090.0], [1966.0, 3472.0], [1967.75, 1690.0], [1968.0, 19516.0], [1968.75, 2170.0], [1969.0, 7271.0], [1969.5, 30296.0], [1971.75, 30849.0], [1972.0, 30457.0], [1973.75, 40000.0], [1974.0, 12.0], [1976.25, 3.0], [1976.5, 50.0], [1977.25, 69740.0], [1979.5, 19467.0], [1979.75, 1255.0], [1980.75, 40000.0], [1981.5, 5.0], [1982.75, 201.0]]}}}
{"jsonrpc": "2.0", "method": "subscription", "params": {"channel": "book.ETH-6MAR26.none.20.100ms", "data": {"timestamp": 1771619901984, "change_id": 110206634503, "instrument_name": "ETH-6MAR26", "bids": [[1965.0, 2472.0], [1964.75, 7403.0], [1963.75, 1639.0], [1963.5, 7002.0], [1962.75, 100.0], [1961.75, 656.0], [1961.5, 5124.0], [1960.25, 3432.0], [1960.0, 14650.0], [1957.0, 5021.0], [1956.5, 29679.0], [1956.0, 40000.0], [1955.0, 58675.0], [1954.75, 53.0], [1951.75, 40012.0], [1951.5, 21341.0], [1951.0, 29307.0], [1949.0, 40000.0], [1947.0, 20556.0], [1943.75, 201.0]], "asks": [[1965.5, 100.0], [1965.75, 1090.0], [1966.0, 3472.0], [1967.75, 1690.0], [1968.0, 19516.0], [1968.75, 2170.0], [1969.0, 7271.0], [1969.5, 30296.0], [1971.75, 30849.0], [1972.0, 30457.0], [1973.75, 40000.0], [1974.0, 12.0], [1976.25, 3.0], [1976.5, 50.0], [1977.25, 69740.0], [1979.5, 19467.0], [1979.75, 1255.0], [1980.75, 40000.0], [1981.5, 5.0], [1982.75, 201.0]]}}}
{"jsonrpc": "2.0", "method": "subscription", "params": {"channel": "book.ETH-6MAR26.none.20.100ms", "data": {"timestamp": 1771619902269, "change_id": 110206635009, "instrument_name": "ETH-6MAR26", "bids": [[1965.25, 2472.0], [1965.0, 625.0], [1964.75, 6778.0], [1963.75, 1639.0], [1963.5, 7002.0], [1963.0, 5124.0], [1962.75, 100.0], [1960.25, 3432.0], [1960.0, 14650.0], [1957.0, 5021.0], [1956.5, 29679.0], [1956.0, 40000.0], [1955.0, 58675.0], [1954.75, 53.0], [1951.75, 40012.0], [1951.5, 21341.0], [1951.0, 29307.0], [1949.0, 40000.0], [1947.0, 20556.0], [1943.75, 201.0]], "asks": [[1965.5, 100.0], [1965.75, 827.0], [1966.0, 1253.0], [1966.25, 2472.0], [1967.75, 1690.0], [1968.0, 19516.0], [1969.5, 30296.0], [1970.0, 7158.0], [1971.75, 30849.0], [1972.0, 30457.0], [1973.75, 40000.0], [1974.0, 12.0], [1976.25, 3.0], [1976.5, 50.0], [1977.25, 69740.0], [1979.5, 19467.0], [1979.75, 1255.0], [1980.75, 40000.0], [1981.5, 5.0], [1982.75, 201.0]]}}}
{"jsonrpc": "2.0", "method": "subscription", "params": {"channel": "book.ETH-6MAR26.none.20.100ms", "data": {"timestamp": 1771619902658, "change_id": 110206635508, "instrument_name": "ETH-6MAR26", "bids": [[1965.0, 3097.0], [1963.75, 1639.0], [1963.5, 7002.0], [1963.0, 5124.0], [1962.75, 100.0], [1960.25, 3432.0], [1960.0, 14650.0], [1957.0, 5021.0], [1956.5, 29679.0], [1956.0, 40000.0], [1955.0, 58675.0], [1954.75, 53.0], [1951.75, 40012.0], [1951.5, 21341.0], [1951.0, 29307.0], [1949.0, 40000.0], [1947.0, 20556.0], [1943.75, 201.0], [1943.5, 80345.0], [1943.25, 20299.0]], "asks": [[1965.5, 100.0], [1965.75, 827.0], [1966.0, 1253.0], [1966.25, 2472.0], [1967.75, 1690.0], [1968.0, 19516.0], [1968.5, 6898.0], [1969.5, 30296.0], [1971.75, 30849.0], [1972.0, 30457.0], [1973.75, 40000.0], [1974.0, 12.0], [1976.25, 3.0], [1976.5, 50.0], [1977.25, 69740.0], [1979.5, 19467.0], [1979.75, 1255.0], [1980.75, 40000.0], [1981.5, 5.0], [1982.75, 201.0]]}}}
{"jsonrpc": "2.0", "method": "subscription", "params": {"channel": "book.ETH-6MAR26.none.20.100ms", "data": {"timestamp": 1771619902911, "change_id": 110206635859, "instrument_name": "ETH-6MAR26", "bids": [[1965.0, 9876.0], [1963.75, 1639.0], [1963.5, 7002.0], [1963.0, 5124.0], [1962.75, 100.0], [1960.25, 3432.0], [1960.0, 14650.0], [1957.0, 5021.0], [1956.5, 29679.0], [1956.0, 40000.0], [1955.0, 58675.0], [1954.75, 53.0], [1951.75, 40012.0], [1951.5, 21341.0], [1951.0, 29307.0], [1949.0, 40000.0], [1947.0, 20556.0], [1943.75, 201.0], [1943.5, 80345.0], [1943.25, 20299.0]], "asks": [[1965.5, 100.0], [1965.75, 827.0], [1966.0, 1253.0], [1966.25, 2472.0], [1967.75, 1690.0], [1968.0, 19516.0], [1968.5, 6898.0], [1969.5, 30296.0], [1971.75, 30849.0], [1972.0, 30457.0], [1973.75, 40000.0], [1974.0, 12.0], [1976.25, 3.0], [1976.5, 50.0], [1977.25, 69740.0], [1979.5, 19467.0], [1979.75, 1255.0], [1980.75, 40000.0], [1981.5, 5.0], [1982.75, 201.0]]}}}
{"jsonrpc": "2.0", "method": "subscription", "params": {"channel": "book.ETH-6MAR26.none.20.100ms", "data": {"timestamp": 1771619903994, "change_id": 110206637314, "instrument_name": "ETH-6MAR26", "bids": [[1965.0, 625.0], [1964.75, 2472.0], [1963.75, 1639.0], [1963.5, 7002.0], [1963.0, 5124.0], [1962.75, 100.0], [1960.25, 3432.0], [1960.0, 14650.0], [1957.0, 5021.0], [1956.5, 29679.0], [1956.0, 40000.0], [1955.0, 58675.0], [1954.75, 53.0], [1951.75, 40012.0], [1951.5, 21341.0], [1951.0, 29307.0], [1949.0, 40000.0], [1947.0, 20556.0], [1943.75, 201.0], [1943.5, 80345.0]], "asks": [[1965.5, 100.0], [1965.75, 1071.0], [1966.0, 3472.0], [1967.75, 1690.0], [1968.0, 19516.0], [1968.5, 6898.0], [1969.5, 30296.0], [1971.75, 30849.0], [1972.0, 30457.0], [1973.75, 40000.0], [1974.0, 12.0], [1976.25, 3.0], [1976.5, 50.0], [1977.25, 69740.0], [1979.5, 19467.0], [1979.75, 1255.0], [1980.75, 40000.0], [1981.5, 5.0], [1982.75, 201.0], [1983.25, 25107.0]]}}}
{"jsonrpc": "2.0", "method": "subscription", "params": {"channel": "book.ETH-6MAR26.none.20.100ms", "data": {"timestamp": 1771619904183, "change_id": 110206637429, "instrument_name": "ETH-6MAR26", "bids": [[1965.0, 6878.0], [1964.75, 2472.0], [1963.75, 1639.0], [1963.5, 7002.0], [1963.0, 5124.0], [1962.75, 100.0], [1960.25, 3432.0], [1960.0, 14650.0], [1957.0, 5021.0], [1956.5, 29679.0], [1956.0, 40000.0], [1955.0, 58675.0], [1954.75, 53.0], [1951.75, 40012.0], [1951.5, 21341.0], [1951.0, 29307.0], [1949.0, 40000.0], [1947.0, 20556.0], [1943.75, 201.0], [1943.5, 80345.0]], "asks": [[1965.5, 100.0], [1965.75, 1071.0], [1966.0, 3472.0], [1967.75, 1690.0], [1968.0, 19516.0], [1968.5, 6898.0], [1969.5, 30296.0], [1971.75, 30849.0], [1972.0, 30457.0], [1973.75, 40000.0], [1974.0, 12.0], [1976.25, 3.0], [1976.5, 50.0], [1977.25, 69740.0], [1979.5, 19467.0], [1979.75, 1255.0], [1980.75, 40000.0], [1981.5, 5.0], [1982.75, 201.0], [1983.25, 25107.0]]}}}
{"jsonrpc": "2.0", "method": "subscription", "params": {"channel": "book.ETH-6MAR26.none.20.100ms", "data": {"timestamp": 1771619904446, "change_id": 110206637641, "instrument_name": "ETH-6MAR26", "bids": [[1965.0, 625.0], [1964.75, 2472.0], [1963.75, 1639.0], [1963.5, 7002.0], [1963.0, 5124.0], [1962.75, 100.0], [1960.25, 3432.0], [1960.0, 14650.0], [1957.0, 5021.0], [1956.5, 29679.0], [1956.0, 40000.0], [1955.0, 58675.0], [1954.75, 53.0], [1951.75, 40012.0], [1951.5, 21341.0], [1951.0, 29307.0], [1949.0, 40000.0], [1947.0, 20556.0], [1943.75, 201.0], [1943.5, 80345.0]], "asks": [[1965.5, 100.0], [1965.75, 1071.0], [1966.0, 3472.0], [1967.75, 1690.0], [1968.0, 19516.0], [1968.5, 6898.0], [1969.5, 30296.0], [1971.75, 30849.0], [1972.0, 30457.0], [1973.75, 40000.0], [1974.0, 12.0], [1976.25, 3.0], [1976.5, 50.0], [1977.25, 69740.0], [1979.5, 19467.0], [1979.75, 1255.0], [1980.75, 40000.0], [1981.5, 5.0], [1982.75, 201.0], [1983.25, 25107.0]]}}}
{"jsonrpc": "2.0", "method": "subscription", "params": {"channel": "book.ETH-6MAR26.none.20.100ms", "data": {"timestamp": 1771619904817, "change_id": 110206638038, "instrument_name": "ETH-6MAR26", "bids": [[1965.0, 625.0], [1964.75, 9251.0], [1963.75, 1639.0], [1963.5, 7002.0], [1963.0, 5124.0], [1962.75, 100.0], [1960.25, 3432.0], [1960.0, 14650.0], [1957.0, 5021.0], [1956.5, 29679.0], [1956.0, 40000.0], [1955.0, 58675.0], [1954.75, 53.0], [1951.75, 40012.0], [1951.5, 21341.0], [1951.0, 29307.0], [1949.0, 40000.0], [1947.0, 20556.0], [1943.75, 201.0], [1943.5, 80345.0]], "asks": [[1965.5, 100.0], [1965.75, 1071.0], [1966.0, 3472.0], [1967.75, 1690.0], [1968.0, 19516.0], [1968.5, 6898.0], [1969.5, 30296.0], [1971.75, 30849.0], [1972.0, 30457.0], [1973.75, 40000.0], [1974.0, 12.0], [1976.25, 3.0], [1976.5, 50.0], [1977.25, 69740.0], [1979.5, 19467.0], [1979.75, 1255.0], [1980.75, 40000.0], [1981.5, 5.0], [1982.75, 201.0], [1983.25, 25107.0]]}}}
{"jsonrpc": "2.0", "method": "subscription", "params": {"channel": "book.ETH-6MAR26.none.20.100ms", "data": {"timestamp": 1771619905425, "change_id": 110206638723, "instrument_name": "ETH-6MAR26", "bids": [[1964.75, 2472.0], [1964.5, 625.0], [1963.75, 1639.0], [1963.5, 7002.0], [1962.75, 100.0], [1960.75, 1245.0], [1960.5, 5124.0], [1960.25, 3432.0], [1960.0, 14650.0], [1957.0, 5021.0], [1956.5, 29679.0], [1956.0, 40000.0], [1955.0, 58675.0], [1954.75, 53.0], [1951.75, 40012.0], [1951.5, 21341.0], [1951.0, 29307.0], [1949.0, 40000.0], [1947.0, 20556.0], [1943.75, 201.0]], "asks": [[1965.5, 440.0], [1965.75, 3299.0], [1966.0, 1000.0], [1967.75, 1690.0], [1968.0, 19516.0], [1968.5, 6898.0], [1969.5, 30296.0], [1971.75, 30849.0], [1972.0, 30457.0], [1973.75, 40000.0], [1974.0, 12.0], [1976.25, 3.0], [1976.5, 50.0], [1977.25, 69740.0], [1979.5, 19467.0], [1979.75, 1255.0], [1980.75, 40000.0], [1981.5, 5.0], [1982.75, 201.0], [1983.25, 25107.0]]}}}
{"jsonrpc": "2.0", "method": "subscription", "params": {"channel": "book.ETH-6MAR26.none.20.100ms", "data": {"timestamp": 1771619905664, "change_id": 110206639150, "instrument_name": "ETH-6MAR26", "bids": [[1964.75, 9251.0], [1964.5, 625.0], [1963.75, 1639.0], [1963.5, 7002.0], [1962.75, 100.0], [1960.75, 1245.0], [1960.5, 5124.0], [1960.25, 3432.0], [1960.0, 14650.0], [1957.0, 5021.0], [1956.5, 29679.0], [1956.0, 40000.0], [1955.0, 58675.0], [1954.75, 53.0], [1951.75, 40012.0], [1951.5, 21341.0], [1951.0, 29307.0], [1949.0, 40000.0], [1947.0, 20556.0], [1943.75, 201.0]], "asks": [[1965.5, 1065.0], [1965.75, 2674.0], [1966.0, 1000.0], [1967.75, 1690.0], [1968.0, 19516.0], [1968.5, 6898.0], [1969.5, 30296.0], [1971.75, 30849.0], [1972.0, 30457.0], [1973.75, 40000.0], [1974.0, 12.0], [1976.25, 3.0], [1976.5, 50.0], [1977.25, 69740.0], [1979.5, 19467.0], [1979.75, 1255.0], [1980.75, 40000.0], [1981.5, 5.0], [1982.75, 201.0], [1983.25, 25107.0]]}}}
{"jsonrpc": "2.0", "method": "subscription", "params": {"channel": "book.ETH-6MAR26.none.20.100ms", "data": {"timestamp": 1771619906733, "change_id": 110206640484, "instrument_name": "ETH-6MAR26", "bids": [[1964.5, 3097.0], [1963.75, 1639.0], [1963.5, 7002.0], [1962.75, 100.0], [1960.75, 1245.0], [1960.5, 5124.0], [1960.25, 3432.0], [1960.0, 14650.0], [1957.0, 5021.0], [1956.5, 29679.0], [1956.0, 40000.0], [1955.0, 58675.0], [1954.75, 53.0], [1951.75, 40012.0], [1951.5, 21341.0], [1951.0, 29307.0], [1949.0, 40000.0], [1947.0, 20556.0], [1943.75, 201.0], [1943.5, 80345.0]], "asks": [[1965.25, 216.0], [1965.5, 3197.0], [1965.75, 202.0], [1966.0, 1000.0], [1967.75, 1690.0], [1968.0, 19516.0], [1968.5, 6898.0], [1969.5, 30296.0], [1971.75, 30849.0], [1972.0, 30457.0], [1973.75, 40000.0], [1974.0, 12.0], [1976.25, 3.0], [1976.5, 50.0], [1977.25, 69740.0], [1979.5, 19467.0], [1979.75, 1255.0], [1980.75, 40000.0], [1981.5, 5.0], [1982.75, 201.0]]}}}
{"jsonrpc": "2.0", "method": "subscription", "params": {"channel": "book.ETH-6MAR26.none.20.100ms", "data": {"timestamp": 1771619907064, "change_id": 110206641071, "instrument_name": "ETH-6MAR26", "bids": [[1964.75, 2472.0], [1964.5, 7403.0], [1963.75, 1639.0], [1963.5, 7002.0], [1962.75, 100.0], [1960.75, 1245.0], [1960.5, 5124.0], [1960.25, 3432.0], [1960.0, 14650.0], [1957.0, 5021.0], [1956.5, 29679.0], [1956.0, 40000.0], [1955.0, 58675.0], [1954.75, 53.0], [1951.75, 40012.0], [1951.5, 21341.0], [1951.0, 29307.0], [1949.0, 40000.0], [1947.0, 20556.0], [1943.75, 201.0]], "asks": [[1965.25, 216.0], [1965.5, 944.0], [1965.75, 2674.0], [1966.0, 1000.0], [1967.75, 1690.0], [1968.0, 19516.0], [1968.5, 6898.0], [1969.5, 30296.0], [1971.75, 30849.0], [1972.0, 30457.0], [1973.75, 40000.0], [1974.0, 12.0], [1976.25, 3.0], [1976.5, 50.0], [1977.25, 69740.0], [1979.5, 19467.0], [1979.75, 1255.0], [1980.75, 40000.0], [1981.5, 5.0], [1982.75, 201.0]]}}}
{"jsonrpc": "2.0", "method": "subscription", "params": {"channel": "book.ETH-6MAR26.none.20.100ms", "data": {"timestamp": 1771619907189, "change_id": 110206641099, "instrument_name": "ETH-6MAR26", "bids": [[1964.75, 2472.0], [1964.5, 625.0], [1963.75, 1639.0], [1963.5, 7002.0], [1962.75, 100.0], [1960.75, 1245.0], [1960.5, 5124.0], [1960.25, 3432.0], [1960.0, 14650.0], [1957.0, 5021.0], [1956.5, 29679.0], [1956.0, 40000.0], [1955.0, 58675.0], [1954.75, 53.0], [1951.75, 40012.0], [1951.5, 21341.0], [1951.0, 29307.0], [1949.0, 40000.0], [1947.0, 20556.0], [1943.75, 201.0]], "asks": [[1965.25, 216.0], [1965.5, 944.0], [1965.75, 2674.0], [1966.0, 1000.0], [1967.75, 1690.0], [1968.0, 19516.0], [1968.5, 6898.0], [1969.5, 30296.0], [1971.75, 30849.0], [1972.0, 30457.0], [1973.75, 40000.0], [1974.0, 12.0], [1976.25, 3.0], [1976.5, 50.0], [1977.25, 69740.0], [1979.5, 19467.0], [1979.75, 1255.0], [1980.75, 40000.0], [1981.5, 5.0], [1982.75, 201.0]]}}}
{"jsonrpc": "2.0", "method": "subscription", "params": {"channel": "book.ETH-6MAR26.none.20.100ms", "data": {"timestamp": 1771619907724, "change_id": 110206641849, "instrument_name": "ETH-6MAR26", "bids": [[1964.75, 9875.0], [1963.75, 1639.0], [1963.5, 7002.0], [1962.75, 100.0], [1960.75, 1245.0], [1960.5, 5124.0], [1960.25, 3432.0], [1960.0, 14650.0], [1957.0, 5021.0], [1956.5, 29679.0], [1956.0, 40000.0], [1955.0, 58675.0], [1954.75, 53.0], [1951.75, 40012.0], [1951.5, 21341.0], [1951.0, 29307.0], [1949.0, 40000.0], [1947.0, 20556.0], [1943.75, 201.0], [1943.5, 80345.0]], "asks": [[1965.5, 725.0], [1965.75, 202.0], [1966.0, 3472.0], [1967.75, 1690.0], [1968.0, 19516.0], [1968.5, 6898.0], [1969.5, 30296.0], [1971.75, 30849.0], [1972.0, 30457.0], [1973.75, 40000.0], [1974.0, 12.0], [1976.25, 3.0], [1976.5, 50.0], [1977.25, 69740.0], [1979.5, 19467.0], [1979.75, 1255.0], [1980.75, 40000.0], [1981.5, 5.0], [1982.75, 201.0], [1983.25, 25107.0]]}}}
{"jsonrpc": "2.0", "method": "subscription", "params": {"channel": "book.ETH-6MAR26.none.20.100ms", "data": {"timestamp": 1771619907781, "change_id": 110206641960, "instrument_name": "ETH-6MAR26", "bids": [[1965.0, 2472.0], [1964.75, 7403.0], [1963.75, 1639.0], [1963.5, 7002.0], [1962.75, 100.0], [1960.75, 1245.0], [1960.5, 5124.0], [1960.25, 3432.0], [1960.0, 14650.0], [1957.0, 5021.0], [1956.5, 29679.0], [1956.0, 40000.0], [1955.0, 58675.0], [1954.75, 53.0], [1951.75, 40012.0], [1951.5, 21341.0], [1951.0, 29307.0], [1949.0, 40000.0], [1947.0, 20556.0], [1943.75, 201.0]], "asks": [[1965.5, 725.0], [1965.75, 402.0], [1966.0, 3472.0], [1967.75, 1690.0], [1968.0, 19516.0], [1968.5, 6898.0], [1969.5, 30296.0], [1971.75, 30849.0], [1972.0, 30457.0], [1973.75, 40000.0], [1974.0, 12.0], [1976.25, 3.0], [1976.5, 50.0], [1977.25, 69740.0], [1979.5, 19467.0], [1979.75, 1255.0], [1980.75, 40000.0], [1981.5, 5.0], [1982.75, 201.0], [1983.25, 25107.0]]}}}
{"jsonrpc": "2.0", "method": "subscription", "params": {"channel": "book.ETH-6MAR26.none.20.100ms", "data": {"timestamp": 1771619908359, "change_id": 110206642888, "instrument_name": "ETH-6MAR26", "bids": [[1965.0, 2472.0], [1964.75, 7403.0], [1963.75, 1639.0], [1963.5, 7002.0], [1962.75, 100.0], [1960.75, 1245.0], [1960.5, 5124.0], [1960.25, 3432.0], [1960.0, 14650.0], [1957.0, 5021.0], [1956.5, 29679.0], [1956.0, 40000.0], [1955.0, 58675.0], [1954.75, 53.0], [1951.75, 40012.0], [1951.5, 21341.0], [1951.0, 29307.0], [1949.0, 40000.0], [1947.0, 20556.0], [1943.75, 201.0]], "asks": [[1965.5, 100.0], [1965.75, 202.0], [1966.0, 1946.0], [1966.25, 2472.0], [1967.75, 1690.0], [1968.0, 19516.0], [1968.5, 6898.0], [1969.5, 30296.0], [1971.75, 30849.0], [1972.0, 30457.0], [1973.75, 40000.0], [1974.0, 12.0], [1976.25, 3.0], [1976.5, 50.0], [1977.25, 69740.0], [1979.5, 19467.0], [1979.75, 1255.0], [1980.75, 40000.0], [1981.5, 5.0], [1982.75, 201.0]]}}}
{"jsonrpc": "2.0", "method": "subscription", "params": {"channel": "book.ETH-6MAR26.none.20.100ms", "data": {"timestamp": 1771619908571, "change_id": 110206643447, "instrument_name": "ETH-6MAR26", "bids": [[1965.0, 3097.0], [1964.75, 6778.0], [1963.75, 1639.0], [1963.5, 7002.0], [1962.75, 100.0], [1960.75, 1245.0], [1960.5, 5124.0], [1960.25, 3432.0], [1960.0, 14650.0], [1957.0, 5021.0], [1956.5, 29679.0], [1956.0, 40000.0], [1955.0, 58675.0], [1954.75, 53.0], [1951.75, 40012.0], [1951.5, 21341.0], [1951.0, 29307.0], [1949.0, 40000.0], [1947.0, 20556.0], [1943.75, 201.0]], "asks": [[1965.5, 100.0], [1965.75, 202.0], [1966.0, 1946.0], [1966.25, 2472.0], [1967.75, 1690.0], [1968.0, 19516.0], [1968.5, 6898.0], [1969.5, 30296.0], [1971.75, 30849.0], [1972.0, 30457.0], [1973.75, 40000.0], [1974.0, 12.0], [1976.25, 3.0], [1976.5, 50.0], [1977.25, 69740.0], [1979.5, 19467.0], [1979.75, 1255.0], [1980.75, 40000.0], [1981.5, 5.0], [1982.75, 201.0]]}}}
{"jsonrpc": "2.0", "method": "subscription", "params": {"channel": "book.ETH-6MAR26.none.20.100ms", "data": {"timestamp": 1771619908918, "change_id": 110206643869, "instrument_name": "ETH-6MAR26", "bids": [[1965.0, 3097.0], [1964.75, 6778.0], [1963.75, 1639.0], [1963.5, 7002.0], [1962.75, 100.0], [1960.75, 1245.0], [1960.5, 5124.0], [1960.25, 3432.0], [1960.0, 14650.0], [1957.0, 5021.0], [1956.5, 29679.0], [1956.0, 40000.0], [1955.0, 58675.0], [1954.75, 53.0], [1951.75, 40012.0], [1951.5, 21341.0], [1951.0, 29307.0], [1949.0, 40000.0], [1947.0, 20556.0], [1943.75, 201.0]], "asks": [[1965.5, 100.0], [1965.75, 1053.0], [1966.0, 3472.0], [1967.75, 1690.0], [1968.0, 19516.0], [1968.5, 6898.0], [1969.5, 30296.0], [1971.75, 30849.0], [1972.0, 30457.0], [1973.75, 40000.0], [1974.0, 12.0], [1976.25, 3.0], [1976.5, 50.0], [1977.25, 69740.0], [1979.5, 19467.0], [1979.75, 1255.0], [1980.75, 40000.0], [1981.5, 5.0], [1982.75, 201.0], [1983.25, 25107.0]]}}}
{"jsonrpc": "2.0", "method": "subscription", "params": {"channel": "book.ETH-6MAR26.none.20.100ms", "data": {"timestamp": 1771619910099, "change_id": 110206645165, "instrument_name": "ETH-6MAR26", "bids": [[1965.0, 3097.0], [1964.75, 6778.0], [1963.75, 1639.0], [1963.5, 7002.0], [1963.25, 688.0], [1963.0, 5124.0], [1962.75, 100.0], [1960.25, 3432.0], [1960.0, 14650.0], [1957.0, 5021.0], [1956.5, 29679.0], [1956.0, 40000.0], [1955.0, 58675.0], [1954.75, 53.0], [1951.75, 40012.0], [1951.5, 21341.0], [1951.0, 29307.0], [1949.0, 40000.0], [1947.0, 20556.0], [1943.75, 201.0]], "asks": [[1965.5, 100.0], [1965.75, 1371.0], [1966.0, 3472.0], [1967.75, 2696.0], [1968.0, 19516.0], [1968.5, 6898.0], [1969.5, 30296.0], [1971.75, 30849.0], [1972.0, 30457.0], [1973.75, 40000.0], [1974.0, 12.0], [1976.25, 3.0], [1976.5, 50.0], [1977.25, 69740.0], [1979.5, 19467.0], [1979.75, 1255.0], [1980.75, 40000.0], [1981.5, 5.0], [1982.75, 201.0], [1983.25, 25107.0]]}}}
{"jsonrpc": "2.0", "method": "subscription", "params": {"channel": "book.ETH-6MAR26.none.20.100ms", "data": {"timestamp": 1771619911361, "change_id": 110206646289, "instrument_name": "ETH-6MAR26", "bids": [[1965.25, 2472.0], [1965.0, 625.0], [1964.75, 6778.0], [1963.75, 1639.0], [1963.5, 7002.0], [1963.25, 688.0], [1963.0, 5124.0], [1962.75, 100.0], [1960.25, 3432.0], [1960.0, 14650.0], [1957.0, 5021.0], [1956.5, 29679.0], [1956.0, 40000.0], [1955.0, 58675.0], [1954.75, 53.0], [1951.75, 40012.0], [1951.5, 21341.0], [1951.0, 29307.0], [1949.0, 40000.0], [1947.0, 20556.0]], "asks": [[1965.5, 100.0], [1965.75, 827.0], [1966.0, 1738.0], [1966.25, 2472.0], [1967.75, 2696.0], [1968.0, 19516.0], [1968.5, 6898.0], [1969.5, 30296.0], [1971.75, 30849.0], [1972.0, 30457.0], [1973.75, 40000.0], [1974.0, 12.0], [1976.25, 3.0], [1976.5, 50.0], [1977.25, 69740.0], [1979.5, 19467.0], [1979.75, 1255.0], [1980.75, 40000.0], [1981.5, 5.0], [1982.75, 201.0]]}}}
{"jsonrpc": "2.0", "method": "subscription", "params": {"channel": "book.ETH-6MAR26.none.20.100ms", "data": {"timestamp": 1771619912212, "change_id": 110206647204, "instrument_name": "ETH-6MAR26", "bids": [[1965.25, 2472.0], [1965.0, 625.0], [1964.75, 6778.0], [1963.75, 1639.0], [1963.5, 7002.0], [1963.25, 688.0], [1963.0, 5124.0], [1962.75, 100.0], [1960.25, 3432.0], [1960.0, 14650.0], [1957.0, 5021.0], [1956.5, 29679.0], [1956.0, 40000.0], [1955.0, 58675.0], [1954.75, 53.0], [1951.75, 40012.0], [1951.5, 21341.0], [1951.0, 29307.0], [1949.0, 40000.0], [1947.0, 20556.0]], "asks": [[1965.5, 100.0], [1965.75, 912.0], [1966.0, 1000.0], [1966.25, 2472.0], [1967.75, 2696.0], [1968.0, 19516.0], [1968.5, 6898.0], [1969.5, 30296.0], [1971.75, 30849.0], [1972.0, 30457.0], [1973.75, 40000.0], [1974.0, 12.0], [1976.25, 3.0], [1976.5, 50.0], [1977.25, 69740.0], [1979.5, 19467.0], [1979.75, 1255.0], [1980.75, 40000.0], [1981.5, 5.0], [1982.75, 201.0]]}}}
{"jsonrpc": "2.0", "method": "subscription", "params": {"channel": "book.ETH-6MAR26.none.20.100ms", "data": {"timestamp": 1771619912693, "change_id": 110206647905, "instrument_name": "ETH-6MAR26", "bids": [[1965.0, 3097.0], [1963.75, 1639.0], [1963.5, 7002.0], [1963.0, 5124.0], [1962.75, 100.0], [1960.25, 3432.0], [1960.0, 14650.0], [1957.0, 5021.0], [1956.5, 29679.0], [1956.0, 40000.0], [1955.0, 58675.0], [1954.75, 53.0], [1951.75, 40012.0], [1951.5, 21341.0], [1951.0, 29307.0], [1949.0, 40000.0], [1947.0, 20556.0], [1943.75, 201.0], [1943.5, 80345.0], [1943.25, 20299.0]], "asks": [[1965.5, 100.0], [1965.75, 924.0], [1966.0, 1223.0], [1966.25, 2472.0], [1967.75, 2696.0], [1968.0, 19516.0], [1968.5, 6898.0], [1969.5, 30296.0], [1971.75, 30849.0], [1972.0, 30457.0], [1973.75, 40000.0], [1974.0, 12.0], [1976.25, 3.0], [1976.5, 50.0], [1977.25, 69740.0], [1979.5, 19467.0], [1979.75, 1255.0], [1980.75, 40000.0], [1981.5, 5.0], [1982.75, 201.0]]}}}
{"jsonrpc": "2.0", "method": "subscription", "params": {"channel": "book.ETH-6MAR26.none.20.100ms", "data": {"timestamp": 1771619912728, "change_id": 110206647930, "instrument_name": "ETH-6MAR26", "bids": [[1965.25, 2472.0], [1965.0, 625.0], [1963.75, 1639.0], [1963.5, 7002.0], [1963.0, 5124.0], [1962.75, 100.0], [1960.25, 3432.0], [1960.0, 14650.0], [1957.0, 5021.0], [1956.5, 29679.0], [1956.0, 40000.0], [1955.0, 58675.0], [1954.75, 53.0], [1951.75, 40012.0], [1951.5, 21341.0], [1951.0, 29307.0], [1949.0, 40000.0], [1947.0, 20556.0], [1943.75, 201.0], [1943.5, 80345.0]], "asks": [[1965.5, 100.0], [1965.75, 924.0], [1966.0, 1223.0], [1966.25, 2472.0], [1967.75, 2696.0], [1968.0, 19516.0], [1968.5, 6898.0], [1969.5, 30296.0], [1971.75, 30849.0], [1972.0, 30457.0], [1973.75, 40000.0], [1974.0, 12.0], [1976.25, 3.0], [1976.5, 50.0], [1977.25, 69740.0], [1979.5, 19467.0], [1979.75, 1255.0], [1980.75, 40000.0], [1981.5, 5.0], [1982.75, 201.0]]}}}
{"jsonrpc": "2.0", "method": "subscription", "params": {"channel": "book.ETH-6MAR26.none.20.100ms", "data": {"timestamp": 1771619913058, "change_id": 110206648386, "instrument_name": "ETH-6MAR26", "bids": [[1965.25, 2472.0], [1965.0, 625.0], [1964.75, 6779.0], [1963.75, 1639.0], [1963.5, 7002.0], [1963.0, 5124.0], [1962.75, 100.0], [1960.25, 3432.0], [1960.0, 14650.0], [1957.0, 5021.0], [1956.5, 29679.0], [1956.0, 40000.0], [1955.0, 58675.0], [1954.75, 53.0], [1951.75, 40012.0], [1951.5, 21341.0], [1951.0, 29307.0], [1949.0, 40000.0], [1947.0, 20556.0], [1943.75, 201.0]], "asks": [[1965.5, 100.0], [1965.75, 924.0], [1966.0, 1223.0], [1966.25, 2472.0], [1967.75, 2696.0], [1968.0, 19516.0], [1968.5, 6898.0], [1969.5, 30296.0], [1971.75, 30849.0], [1972.0, 30457.0], [1973.75, 40000.0], [1974.0, 12.0], [1976.25, 3.0], [1976.5, 50.0], [1977.25, 69740.0], [1979.5, 19467.0], [1979.75, 1255.0], [1980.75, 40000.0], [1981.5, 5.0], [1982.75, 201.0]]}}}
{"jsonrpc": "2.0", "method": "subscription", "params": {"channel": "book.ETH-6MAR26.none.20.100ms", "data": {"timestamp": 1771619913848, "change_id": 110206649078, "instrument_name": "ETH-6MAR26", "bids": [[1965.25, 2472.0], [1965.0, 625.0], [1964.75, 6779.0], [1963.75, 1639.0], [1963.5, 7002.0], [1963.0, 5124.0], [1962.75, 100.0], [1960.25, 3432.0], [1960.0, 14650.0], [1957.0, 5021.0], [1956.5, 29679.0], [1956.0, 40000.0], [1955.0, 58675.0], [1954.75, 53.0], [1951.75, 40012.0], [1951.5, 21341.0], [1951.0, 29307.0], [1949.0, 40000.0], [1947.0, 20556.0], [1943.75, 201.0]], "asks": [[1965.5, 100.0], [1965.75, 924.0], [1966.0, 1000.0], [1966.25, 298.0], [1966.5, 2472.0], [1967.75, 2696.0], [1968.0, 19516.0], [1968.5, 6898.0], [1969.5, 30296.0], [1971.75, 30849.0], [1972.0, 30457.0], [1973.75, 40000.0], [1974.0, 12.0], [1976.25, 3.0], [1976.5, 50.0], [1977.25, 69740.0], [1979.5, 19467.0], [1979.75, 1255.0], [1980.75, 40000.0], [1981.5, 5.0]]}}}
{"jsonrpc": "2.0", "method": "subscription", "params": {"channel": "book.ETH-6MAR26.none.20.100ms", "data": {"timestamp": 1771619914169, "change_id": 110206649714, "instrument_name": "ETH-6MAR26", "bids": [[1965.25, 2472.0], [1965.0, 625.0], [1963.75, 1639.0], [1963.5, 7002.0], [1963.0, 5124.0], [1962.75, 100.0], [1960.25, 3432.0], [1960.0, 14650.0], [1957.0, 5021.0], [1956.5, 29679.0], [1956.0, 40000.0], [1955.0, 58675.0], [1954.75, 53.0], [1951.75, 40012.0], [1951.5, 21341.0], [1951.0, 29307.0], [1949.0, 40000.0], [1947.0, 20556.0], [1943.75, 201.0], [1943.5, 80345.0]], "asks": [[1965.5, 100.0], [1965.75, 924.0], [1966.0, 1000.0], [1966.25, 298.0], [1966.5, 2472.0], [1967.75, 2696.0], [1968.0, 19516.0], [1968.5, 6898.0], [1969.5, 30296.0], [1971.75, 30849.0], [1972.0, 30457.0], [1973.75, 40000.0], [1974.0, 12.0], [1976.25, 3.0], [1976.5, 50.0], [1977.25, 69740.0], [1979.5, 19467.0], [1979.75, 1255.0], [1980.75, 40000.0], [1981.5, 5.0]]}}}
{"jsonrpc": "2.0", "method": "subscription", "params": {"channel": "book.ETH-6MAR26.none.20.100ms", "data": {"timestamp": 1771619914544, "change_id": 110206650109, "instrument_name": "ETH-6MAR26", "bids": [[1965.25, 2472.0], [1965.0, 7404.0], [1963.75, 1639.0], [1963.5, 7002.0], [1963.0, 5124.0], [1962.75, 100.0], [1960.25, 3432.0], [1960.0, 14650.0], [1957.0, 5021.0], [1956.5, 29679.0], [1956.0, 40000.0], [1955.0, 58675.0], [1954.75, 53.0], [1951.75, 40012.0], [1951.5, 21341.0], [1951.0, 29307.0], [1949.0, 40000.0], [1947.0, 20556.0], [1943.75, 201.0], [1943.5, 80345.0]], "asks": [[1965.5, 100.0], [1965.75, 924.0], [1966.0, 1000.0], [1966.25, 2472.0], [1967.75, 2696.0], [1968.0, 19516.0], [1968.5, 6898.0], [1969.5, 30296.0], [1971.75, 30849.0], [1972.0, 30457.0], [1973.75, 40000.0], [1974.0, 12.0], [1976.25, 3.0], [1976.5, 50.0], [1977.25, 69740.0], [1979.5, 19467.0], [1979.75, 1255.0], [1980.75, 40000.0], [1981.5, 5.0], [1982.75, 201.0]]}}}
{"jsonrpc": "2.0", "method": "subscription", "params": {"channel": "book.ETH-6MAR26.none.20.100ms", "data": {"timestamp": 1771619916990, "change_id": 110206652878, "instrument_name": "ETH-6MAR26", "bids": [[1965.25, 3097.0], [1965.0, 6779.0], [1963.75, 1639.0], [1963.5, 7002.0], [1963.25, 5124.0], [1962.75, 100.0], [1960.25, 3432.0], [1960.0, 14650.0], [1957.0, 5021.0], [1956.5, 29679.0], [1956.0, 40000.0], [1955.0, 58675.0], [1954.75, 53.0], [1951.75, 40012.0], [1951.5, 21341.0], [1951.0, 29307.0], [1949.0, 40000.0], [1947.0, 20556.0], [1943.75, 201.0], [1943.5, 80345.0]], "asks": [[1965.5, 100.0], [1966.0, 1000.0], [1966.25, 1094.0], [1966.5, 2472.0], [1967.75, 2696.0], [1968.0, 19516.0], [1969.5, 30296.0], [1970.0, 6851.0], [1971.75, 30849.0], [1972.0, 30457.0], [1973.75, 40000.0], [1974.0, 12.0], [1976.25, 3.0], [1976.5, 50.0], [1977.25, 69740.0], [1979.5, 19467.0], [1979.75, 1255.0], [1980.75, 40000.0], [1981.5, 5.0], [1982.75, 201.0]]}}}
{"jsonrpc": "2.0", "method": "subscription", "params": {"channel": "book.ETH-6MAR26.none.20.100ms", "data": {"timestamp": 1771619917058, "change_id": 110206652907, "instrument_name": "ETH-6MAR26", "bids": [[1965.25, 3097.0], [1965.0, 6779.0], [1963.75, 1639.0], [1963.5, 7002.0], [1963.25, 5124.0], [1962.75, 100.0], [1960.25, 3432.0], [1960.0, 14650.0], [1957.0, 5021.0], [1956.5, 29679.0], [1956.0, 40000.0], [1955.0, 58675.0], [1954.75, 53.0], [1951.75, 40012.0], [1951.5, 21341.0], [1951.0, 29307.0], [1949.0, 40000.0], [1947.0, 20556.0], [1943.75, 201.0], [1943.5, 80345.0]], "asks": [[1965.5, 100.0], [1966.0, 1000.0], [1966.25, 1094.0], [1966.5, 2472.0], [1967.75, 2696.0], [1968.0, 19516.0], [1968.75, 6922.0], [1969.5, 30296.0], [1971.75, 30849.0], [1972.0, 30457.0], [1973.75, 40000.0], [1974.0, 12.0], [1976.25, 3.0], [1976.5, 50.0], [1977.25, 69740.0], [1979.5, 19467.0], [1979.75, 1255.0], [1980.75, 40000.0], [1981.5, 5.0], [1982.75, 201.0]]}}}
{"jsonrpc": "2.0", "method": "subscription", "params": {"channel": "book.ETH-6MAR26.none.20.100ms", "data": {"timestamp": 1771619917830, "change_id": 110206653544, "instrument_name": "ETH-6MAR26", "bids": [[1965.25, 3097.0], [1963.75, 1639.0], [1963.5, 7002.0], [1963.25, 5124.0], [1962.75, 100.0], [1960.25, 3432.0], [1960.0, 14650.0], [1957.0, 5021.0], [1956.5, 29679.0], [1956.0, 40000.0], [1955.0, 58675.0], [1954.75, 53.0], [1951.75, 40012.0], [1951.5, 21341.0], [1951.0, 29307.0], [1949.0, 40000.0], [1947.0, 20556.0], [1943.75, 201.0], [1943.5, 80345.0], [1943.25, 20299.0]], "asks": [[1965.5, 100.0], [1966.0, 1000.0], [1966.25, 1094.0], [1966.5, 2472.0], [1967.75, 2696.0], [1968.0, 19516.0], [1968.75, 6922.0], [1969.5, 30296.0], [1971.75, 30849.0], [1972.0, 30457.0], [1973.75, 40000.0], [1974.0, 12.0], [1976.25, 3.0], [1976.5, 50.0], [1977.25, 69740.0], [1979.5, 19467.0], [1979.75, 1255.0], [1980.75, 40000.0], [1981.5, 5.0], [1982.75, 201.0]]}}}
{"jsonrpc": "2.0", "method": "subscription", "params": {"channel": "book.ETH-6MAR26.none.20.100ms", "data": {"timestamp": 1771619918201, "change_id": 110206653941, "instrument_name": "ETH-6MAR26", "bids": [[1965.25, 3097.0], [1965.0, 6779.0], [1963.75, 1639.0], [1963.5, 7002.0], [1963.25, 5124.0], [1962.75, 100.0], [1960.25, 3432.0], [1960.0, 14650.0], [1957.0, 5021.0], [1956.5, 29679.0], [1956.0, 40000.0], [1955.0, 58675.0], [1954.75, 53.0], [1951.75, 40012.0], [1951.5, 21341.0], [1951.0, 29307.0], [1949.0, 40000.0], [1947.0, 20556.0], [1943.75, 201.0], [1943.5, 80345.0]], "asks": [[1965.5, 100.0], [1965.75, 203.0], [1966.0, 1625.0], [1966.25, 469.0], [1966.5, 2472.0], [1967.75, 2696.0], [1968.0, 19516.0], [1968.75, 6922.0], [1969.5, 30296.0], [1971.75, 30849.0], [1972.0, 30457.0], [1973.75, 40000.0], [1974.0, 12.0], [1976.25, 3.0], [1976.5, 50.0], [1977.25, 69740.0], [1979.5, 19467.0], [1979.75, 1255.0], [1980.75, 40000.0], [1981.5, 5.0]]}}}
{"jsonrpc": "2.0", "method": "subscription", "params": {"channel": "book.ETH-6MAR26.none.20.100ms", "data": {"timestamp": 1771619918465, "change_id": 110206654158, "instrument_name": "ETH-6MAR26", "bids": [[1965.25, 3097.0], [1963.75, 1639.0], [1963.5, 7002.0], [1963.25, 5124.0], [1962.75, 100.0], [1960.25, 3432.0], [1960.0, 14650.0], [1957.0, 5021.0], [1956.5, 29679.0], [1956.0, 40000.0], [1955.0, 58675.0], [1954.75, 53.0], [1951.75, 40012.0], [1951.5, 21341.0], [1951.0, 29307.0], [1949.0, 40000.0], [1947.0, 20556.0], [1943.75, 201.0], [1943.5, 80345.0], [1943.25, 20299.0]], "asks": [[1965.5, 100.0], [1965.75, 203.0], [1966.0, 1625.0], [1966.25, 469.0], [1966.5, 2472.0], [1967.75, 2696.0], [1968.0, 19516.0], [1968.75, 6922.0], [1969.5, 30296.0], [1971.75, 30849.0], [1972.0, 30457.0], [1973.75, 40000.0], [1974.0, 12.0], [1976.25, 3.0], [1976.5, 50.0], [1977.25, 69740.0], [1979.5, 19467.0], [1979.75, 1255.0], [1980.75, 40000.0], [1981.5, 5.0]]}}}
{"jsonrpc": "2.0", "method": "subscription", "params": {"channel": "book.ETH-6MAR26.none.20.100ms", "data": {"timestamp": 1771619918837, "change_id": 110206654606, "instrument_name": "ETH-6MAR26", "bids": [[1965.25, 9877.0], [1963.75, 1639.0], [1963.5, 7002.0], [1963.25, 5124.0], [1962.75, 100.0], [1960.25, 3432.0], [1960.0, 14650.0], [1957.0, 5021.0], [1956.5, 29679.0], [1956.0, 40000.0], [1955.0, 58675.0], [1954.75, 53.0], [1951.75, 40012.0], [1951.5, 21341.0], [1951.0, 29307.0], [1949.0, 40000.0], [1947.0, 20556.0], [1943.75, 201.0], [1943.5, 80345.0], [1943.25, 20299.0]], "asks": [[1965.5, 100.0], [1965.75, 203.0], [1966.0, 1625.0], [1966.25, 469.0], [1966.5, 2472.0], [1967.75, 2696.0], [1968.0, 19516.0], [1968.75, 6922.0], [1969.5, 30296.0], [1971.75, 30849.0], [1972.0, 30457.0], [1973.75, 40000.0], [1974.0, 12.0], [1976.25, 3.0], [1976.5, 50.0], [1977.25, 69740.0], [1979.5, 19467.0], [1979.75, 1255.0], [1980.75, 40000.0], [1981.5, 5.0]]}}}
{"jsonrpc": "2.0", "method": "subscription", "params": {"channel": "book.ETH-6MAR26.none.20.100ms", "data": {"timestamp": 1771619919992, "change_id": 110206655857, "instrument_name": "ETH-6MAR26", "bids": [[1965.25, 9877.0], [1963.75, 1639.0], [1963.5, 7002.0], [1963.0, 5124.0], [1962.75, 100.0], [1960.25, 3432.0], [1960.0, 14650.0], [1957.0, 5021.0], [1956.5, 29679.0], [1956.0, 40000.0], [1955.0, 58675.0], [1954.75, 53.0], [1951.75, 40012.0], [1951.5, 21341.0], [1951.0, 29307.0], [1949.0, 40000.0], [1947.0, 20556.0], [1943.75, 201.0], [1943.5, 80345.0], [1943.25, 20299.0]], "asks": [[1965.5, 100.0], [1965.75, 203.0], [1966.0, 1625.0], [1966.25, 469.0], [1966.5, 2472.0], [1967.75, 2696.0], [1968.0, 19516.0], [1968.75, 6922.0], [1969.5, 30296.0], [1971.75, 30849.0], [1972.0, 30457.0], [1973.75, 40000.0], [1974.0, 12.0], [1976.25, 3.0], [1976.5, 50.0], [1977.25, 69740.0], [1979.5, 19467.0], [1979.75, 1255.0], [1980.75, 40000.0], [1981.5, 5.0]]}}}
{"jsonrpc": "2.0", "method": "subscription", "params": {"channel": "book.ETH-6MAR26.none.20.100ms", "data": {"timestamp": 1771619920163, "change_id": 110206655910, "instrument_name": "ETH-6MAR26", "bids": [[1965.25, 3097.0], [1963.75, 1639.0], [1963.5, 7002.0], [1963.0, 5124.0], [1962.75, 100.0], [1960.25, 3432.0], [1960.0, 14650.0], [1957.0, 5021.0], [1956.5, 29679.0], [1956.0, 40000.0], [1955.0, 58675.0], [1954.75, 53.0], [1951.75, 40012.0], [1951.5, 21341.0], [1951.0, 29307.0], [1949.0, 40000.0], [1947.0, 20556.0], [1943.75, 201.0], [1943.5, 80345.0], [1943.25, 20299.0]], "asks": [[1965.5, 100.0], [1965.75, 203.0], [1966.0, 1625.0], [1966.25, 469.0], [1966.5, 2472.0], [1967.75, 2696.0], [1968.0, 19516.0], [1968.75, 6922.0], [1969.5, 30296.0], [1971.75, 30849.0], [1972.0, 30457.0], [1973.75, 40000.0], [1974.0, 12.0], [1976.25, 3.0], [1976.5, 50.0], [1977.25, 69740.0], [1979.5, 19467.0], [1979.75, 1255.0], [1980.75, 40000.0], [1981.5, 5.0]]}}}
{"jsonrpc": "2.0", "method": "subscription", "params": {"channel": "book.ETH-6MAR26.none.20.100ms", "data": {"timestamp": 1771619920535, "change_id": 110206656161, "instrument_name": "ETH-6MAR26", "bids": [[1965.25, 9877.0], [1963.75, 1639.0], [1963.5, 7002.0], [1963.0, 5124.0], [1962.75, 100.0], [1960.25, 3432.0], [1960.0, 14650.0], [1957.0, 5021.0], [1956.5, 29679.0], [1956.0, 40000.0], [1955.0, 58675.0], [1954.75, 53.0], [1951.75, 40012.0], [1951.5, 21341.0], [1951.0, 29307.0], [1949.0, 40000.0], [1947.0, 20556.0], [1943.75, 201.0], [1943.5, 80345.0], [1943.25, 20299.0]], "asks": [[1965.5, 100.0], [1965.75, 203.0], [1966.0, 1625.0], [1966.25, 469.0], [1966.5, 2472.0], [1967.75, 2696.0], [1968.0, 19516.0], [1968.75, 6922.0], [1969.5, 30296.0], [1971.75, 30849.0], [1972.0, 30457.0], [1973.75, 40000.0], [1974.0, 12.0], [1976.25, 3.0], [1976.5, 50.0], [1977.25, 69740.0], [1979.5, 19467.0], [1979.75, 1255.0], [1980.75, 40000.0], [1981.5, 5.0]]}}}
{"jsonrpc": "2.0", "method": "subscription", "params": {"channel": "book.ETH-6MAR26.none.20.100ms", "data": {"timestamp": 1771619921220, "change_id": 110206656848, "instrument_name": "ETH-6MAR26", "bids": [[1965.25, 3097.0], [1963.75, 1639.0], [1963.5, 7002.0], [1963.0, 5124.0], [1962.75, 100.0], [1960.25, 3432.0], [1960.0, 14650.0], [1957.0, 5021.0], [1956.5, 29679.0], [1956.0, 40000.0], [1955.0, 58675.0], [1954.75, 53.0], [1951.75, 40012.0], [1951.5, 21341.0], [1951.0, 29307.0], [1949.0, 40000.0], [1947.0, 20556.0], [1943.75, 201.0], [1943.5, 80345.0], [1943.25, 20299.0]], "asks": [[1965.5, 100.0], [1965.75, 203.0], [1966.0, 1625.0], [1966.25, 469.0], [1966.5, 2472.0], [1967.75, 2696.0], [1968.0, 19516.0], [1968.75, 6922.0], [1969.5, 30296.0], [1971.75, 30849.0], [1972.0, 30457.0], [1973.75, 40000.0], [1974.0, 12.0], [1976.25, 3.0], [1976.5, 50.0], [1977.25, 69740.0], [1979.5, 19467.0], [1979.75, 1255.0], [1980.75, 40000.0], [1981.5, 5.0]]}}}
{"jsonrpc": "2.0", "method": "subscription", "params": {"channel": "book.ETH-6MAR26.none.20.100ms", "data": {"timestamp": 1771619921588, "change_id": 110206657236, "instrument_name": "ETH-6MAR26", "bids": [[1965.25, 3097.0], [1965.0, 6779.0], [1963.75, 1639.0], [1963.5, 7002.0], [1963.0, 5124.0], [1962.75, 100.0], [1960.25, 3432.0], [1960.0, 14650.0], [1957.0, 5021.0], [1956.5, 29679.0], [1956.0, 40000.0], [1955.0, 58675.0], [1954.75, 53.0], [1951.75, 40012.0], [1951.5, 21341.0], [1951.0, 29307.0], [1949.0, 40000.0], [1947.0, 20556.0], [1943.75, 201.0], [1943.5, 80345.0]], "asks": [[1965.5, 100.0], [1965.75, 203.0], [1966.0, 1625.0], [1966.25, 469.0], [1966.5, 2472.0], [1967.75, 2696.0], [1968.0, 19516.0], [1968.75, 6922.0], [1969.5, 30296.0], [1971.75, 30849.0], [1972.0, 30457.0], [1973.75, 40000.0], [1974.0, 12.0], [1976.25, 3.0], [1976.5, 50.0], [1977.25, 69740.0], [1979.5, 19467.0], [1979.75, 1255.0], [1980.75, 40000.0], [1981.5, 5.0]]}}}
{"jsonrpc": "2.0", "method": "subscription", "params": {"channel": "book.ETH-6MAR26.none.20.100ms", "data": {"timestamp": 1771619922280, "change_id": 110206657762, "instrument_name": "ETH-6MAR26", "bids": [[1965.25, 3097.0], [1963.75, 1639.0], [1963.5, 7002.0], [1963.0, 5124.0], [1962.75, 100.0], [1960.25, 3432.0], [1960.0, 14650.0], [1957.0, 5021.0], [1956.5, 29679.0], [1956.0, 40000.0], [1955.0, 58675.0], [1954.75, 53.0], [1951.75, 40012.0], [1951.5, 21341.0], [1951.0, 29307.0], [1949.0, 40000.0], [1947.0, 20556.0], [1943.75, 201.0], [1943.5, 80345.0], [1943.25, 20299.0]], "asks": [[1965.5, 100.0], [1965.75, 203.0], [1966.0, 1625.0], [1966.25, 469.0], [1966.5, 2472.0], [1967.75, 2696.0], [1968.0, 19516.0], [1968.75, 6922.0], [1969.5, 30296.0], [1971.75, 30849.0], [1972.0, 30457.0], [1973.75, 40000.0], [1974.0, 12.0], [1976.25, 3.0], [1976.5, 50.0], [1977.25, 69740.0], [1979.5, 19467.0], [1979.75, 1255.0], [1980.75, 40000.0], [1981.5, 5.0]]}}}
{"jsonrpc": "2.0", "method": "subscription", "params": {"channel": "book.ETH-6MAR26.none.20.100ms", "data": {"timestamp": 1771619922913, "change_id": 110206658543, "instrument_name": "ETH-6MAR26", "bids": [[1965.25, 2472.0], [1963.75, 1639.0], [1963.5, 7627.0], [1963.0, 5124.0], [1962.75, 100.0], [1960.25, 3432.0], [1960.0, 14650.0], [1957.0, 5021.0], [1956.5, 29679.0], [1956.0, 40000.0], [1955.0, 58675.0], [1954.75, 53.0], [1951.75, 40012.0], [1951.5, 21341.0], [1951.0, 29307.0], [1949.0, 40000.0], [1947.0, 20556.0], [1943.75, 201.0], [1943.5, 80345.0], [1943.25, 20299.0]], "asks": [[1965.5, 100.0], [1965.75, 203.0], [1966.0, 1625.0], [1966.25, 469.0], [1966.5, 2472.0], [1967.75, 2696.0], [1968.0, 19516.0], [1968.75, 6922.0], [1969.5, 30296.0], [1971.75, 30849.0], [1972.0, 30457.0], [1973.75, 40000.0], [1974.0, 12.0], [1976.25, 3.0], [1976.5, 50.0], [1977.25, 69740.0], [1979.5, 19467.0], [1979.75, 1255.0], [1980.75, 40000.0], [1981.5, 5.0]]}}}
{"jsonrpc": "2.0", "method": "subscription", "params": {"channel": "book.ETH-6MAR26.none.20.100ms", "data": {"timestamp": 1771619923292, "change_id": 110206658885, "instrument_name": "ETH-6MAR26", "bids": [[1965.25, 2472.0], [1965.0, 6779.0], [1963.75, 2264.0], [1963.5, 7002.0], [1963.25, 5124.0], [1962.75, 100.0], [1960.25, 3432.0], [1960.0, 14650.0], [1957.0, 5021.0], [1956.5, 29679.0], [1956.0, 40000.0], [1955.0, 58675.0], [1954.75, 53.0], [1951.75, 40012.0], [1951.5, 21341.0], [1951.0, 29307.0], [1949.0, 40000.0], [1947.0, 20556.0], [1943.75, 201.0], [1943.5, 80345.0]], "asks": [[1965.5, 100.0], [1966.0, 1625.0], [1966.25, 469.0], [1966.5, 2472.0], [1967.75, 2696.0], [1968.0, 19516.0], [1969.5, 30296.0], [1970.25, 6910.0], [1971.75, 30849.0], [1972.0, 30457.0], [1973.75, 40000.0], [1974.0, 12.0], [1976.25, 3.0], [1976.5, 50.0], [1977.25, 69740.0], [1979.5, 19467.0], [1979.75, 1255.0], [1980.75, 40000.0], [1981.5, 5.0], [1982.75, 201.0]]}}}
{"jsonrpc": "2.0", "method": "subscription", "params": {"channel": "book.ETH-6MAR26.none.20.100ms", "data": {"timestamp": 1771619923357, "change_id": 110206659015, "instrument_name": "ETH-6MAR26", "bids": [[1965.25, 2472.0], [1965.0, 6779.0], [1963.75, 2264.0], [1963.5, 7002.0], [1963.25, 5124.0], [1962.75, 100.0], [1960.25, 3432.0], [1960.0, 14650.0], [1957.0, 5021.0], [1956.5, 29679.0], [1956.0, 40000.0], [1955.0, 58675.0], [1954.75, 53.0], [1951.75, 40012.0], [1951.5, 21341.0], [1951.0, 29307.0], [1949.0, 40000.0], [1947.0, 20556.0], [1943.75, 201.0], [1943.5, 80345.0]], "asks": [[1965.5, 100.0], [1966.0, 1625.0], [1966.25, 469.0], [1966.5, 2472.0], [1967.75, 2696.0], [1968.0, 19516.0], [1969.0, 7214.0], [1969.5, 30296.0], [1971.75, 30849.0], [1972.0, 30457.0], [1973.75, 40000.0], [1974.0, 12.0], [1976.25, 3.0], [1976.5, 50.0], [1977.25, 69740.0], [1979.5, 19467.0], [1979.75, 1255.0], [1980.75, 40000.0], [1981.5, 5.0], [1982.75, 201.0]]}}}
{"jsonrpc": "2.0", "method": "subscription", "params": {"channel": "book.ETH-6MAR26.none.20.100ms", "data": {"timestamp": 1771619923672, "change_id": 110206659300, "instrument_name": "ETH-6MAR26", "bids": [[1965.25, 2472.0], [1965.0, 6779.0], [1964.0, 625.0], [1963.75, 1639.0], [1963.5, 7002.0], [1963.25, 5124.0], [1962.75, 100.0], [1960.25, 3432.0], [1960.0, 14650.0], [1957.0, 5021.0], [1956.5, 29679.0], [1956.0, 40000.0], [1955.0, 58675.0], [1954.75, 53.0], [1951.75, 40012.0], [1951.5, 21341.0], [1951.0, 29307.0], [1949.0, 40000.0], [1947.0, 20556.0], [1943.75, 201.0]], "asks": [[1965.5, 100.0], [1966.0, 1625.0], [1966.25, 469.0], [1966.5, 2472.0], [1967.75, 2696.0], [1968.0, 19516.0], [1969.0, 7214.0], [1969.5, 30296.0], [1971.75, 30849.0], [1972.0, 30457.0], [1973.75, 40000.0], [1974.0, 12.0], [1976.25, 3.0], [1976.5, 50.0], [1977.25, 69740.0], [1979.5, 19467.0], [1979.75, 1255.0], [1980.75, 40000.0], [1981.5, 5.0], [1982.75, 201.0]]}}}
{"jsonrpc": "2.0", "method": "subscription", "params": {"channel": "book.ETH-6MAR26.none.20.100ms", "data": {"timestamp": 1771619924185, "change_id": 110206659791, "instrument_name": "ETH-6MAR26", "bids": [[1965.25, 2472.0], [1965.0, 6779.0], [1964.25, 625.0], [1963.75, 1639.0], [1963.5, 7002.0], [1963.25, 5124.0], [1962.75, 100.0], [1960.25, 3432.0], [1960.0, 14650.0], [1957.0, 5021.0], [1956.5, 29679.0], [1956.0, 40000.0], [1955.0, 58675.0], [1954.75, 53.0], [1951.75, 40012.0], [1951.5, 21341.0], [1951.0, 29307.0], [1949.0, 40000.0], [1947.0, 20556.0], [1943.75, 201.0]], "asks": [[1965.5, 100.0], [1966.0, 1625.0], [1966.25, 469.0], [1966.5, 2472.0], [1967.75, 2696.0], [1968.0, 19516.0], [1969.0, 7214.0], [1969.5, 30296.0], [1971.75, 30849.0], [1972.0, 30457.0], [1973.75, 40000.0], [1974.0, 12.0], [1976.25, 3.0], [1976.5, 50.0], [1977.25, 69740.0], [1979.5, 19467.0], [1979.75, 1255.0], [1980.75, 40000.0], [1981.5, 5.0], [1982.75, 201.0]]}}}
{"jsonrpc": "2.0", "method": "subscription", "params": {"channel": "book.ETH-6MAR26.none.20.100ms", "data": {"timestamp": 1771619924787, "change_id": 110206660388, "instrument_name": "ETH-6MAR26", "bids": [[1965.25, 2472.0], [1965.0, 6779.0], [1964.5, 625.0], [1963.75, 1639.0], [1963.5, 7002.0], [1963.25, 5124.0], [1962.75, 100.0], [1960.25, 3432.0], [1960.0, 14650.0], [1957.0, 5021.0], [1956.5, 29679.0], [1956.0, 40000.0], [1955.0, 58675.0], [1954.75, 53.0], [1951.75, 40012.0], [1951.5, 21341.0], [1951.0, 29307.0], [1949.0, 40000.0], [1947.0, 20556.0], [1943.75, 201.0]], "asks": [[1965.5, 100.0], [1966.0, 1625.0], [1966.25, 469.0], [1966.5, 2472.0], [1967.75, 2696.0], [1968.0, 19516.0], [1969.0, 7214.0], [1969.5, 30296.0], [1971.75, 30849.0], [1972.0, 30457.0], [1973.75, 40000.0], [1974.0, 12.0], [1976.25, 3.0], [1976.5, 50.0], [1977.25, 69740.0], [1979.5, 19467.0], [1979.75, 1255.0], [1980.75, 40000.0], [1981.5, 5.0], [1982.75, 201.0]]}}}
{"jsonrpc": "2.0", "method": "subscription", "params": {"channel": "book.ETH-6MAR26.none.20.100ms", "data": {"timestamp": 1771619925999, "change_id": 110206661829, "instrument_name": "ETH-6MAR26", "bids": [[1965.25, 2472.0], [1965.0, 6779.0], [1964.75, 625.0], [1963.75, 1639.0], [1963.5, 7002.0], [1963.0, 5124.0], [1962.75, 100.0], [1960.25, 3432.0], [1960.0, 14650.0], [1957.0, 5021.0], [1956.5, 29679.0], [1956.0, 40000.0], [1955.0, 58675.0], [1954.75, 53.0], [1951.75, 40012.0], [1951.5, 21341.0], [1951.0, 29307.0], [1949.0, 40000.0], [1947.0, 20556.0], [1943.75, 201.0]], "asks": [[1965.5, 100.0], [1966.0, 1625.0], [1966.25, 469.0], [1966.5, 2472.0], [1967.75, 2696.0], [1968.0, 19516.0], [1969.0, 7214.0], [1969.5, 30296.0], [1971.75, 30849.0], [1972.0, 30457.0], [1973.75, 40000.0], [1974.0, 12.0], [1976.25, 3.0], [1976.5, 50.0], [1977.25, 69740.0], [1979.5, 19467.0], [1979.75, 1255.0], [1980.75, 40000.0], [1981.5, 5.0], [1982.75, 201.0]]}}}
{"jsonrpc": "2.0", "method": "subscription", "params": {"channel": "book.ETH-6MAR26.none.20.100ms", "data": {"timestamp": 1771619926568, "change_id": 110206662194, "instrument_name": "ETH-6MAR26", "bids": [[1965.25, 3097.0], [1965.0, 6779.0], [1963.75, 1639.0], [1963.5, 7002.0], [1963.0, 5124.0], [1962.75, 100.0], [1960.25, 3432.0], [1960.0, 14650.0], [1957.0, 5021.0], [1956.5, 29679.0], [1956.0, 40000.0], [1955.0, 58675.0], [1954.75, 53.0], [1951.75, 40012.0], [1951.5, 21341.0], [1951.0, 29307.0], [1949.0, 40000.0], [1947.0, 20556.0], [1943.75, 201.0], [1943.5, 80345.0]], "asks": [[1965.5, 100.0], [1966.0, 1625.0], [1966.25, 469.0], [1966.5, 2472.0], [1967.75, 2696.0], [1968.0, 19516.0], [1969.0, 7214.0], [1969.5, 30296.0], [1971.75, 30849.0], [1972.0, 30457.0], [1973.75, 40000.0], [1974.0, 12.0], [1976.25, 3.0], [1976.5, 50.0], [1977.25, 69740.0], [1979.5, 19467.0], [1979.75, 1255.0], [1980.75, 40000.0], [1981.5, 5.0], [1982.75, 201.0]]}}}
{"jsonrpc": "2.0", "method": "subscription", "params": {"channel": "book.ETH-6MAR26.none.20.100ms", "data": {"timestamp": 1771619927047, "change_id": 110206662833, "instrument_name": "ETH-6MAR26", "bids": [[1965.25, 3097.0], [1965.0, 6779.0], [1963.75, 1639.0], [1963.5, 7002.0], [1963.0, 5124.0], [1962.75, 100.0], [1960.25, 3432.0], [1960.0, 14650.0], [1957.0, 5021.0], [1956.5, 29679.0], [1956.0, 40000.0], [1955.0, 58675.0], [1954.75, 53.0], [1951.75, 40012.0], [1951.5, 21341.0], [1951.0, 29307.0], [1949.0, 40000.0], [1947.0, 20556.0], [1943.75, 201.0], [1943.5, 80345.0]], "asks": [[1965.5, 100.0], [1966.0, 1625.0], [1966.5, 652.0], [1966.75, 2472.0], [1967.75, 2696.0], [1968.0, 19516.0], [1969.5, 30296.0], [1970.25, 7219.0], [1971.75, 30849.0], [1972.0, 30457.0], [1973.75, 40000.0], [1974.0, 12.0], [1976.25, 3.0], [1976.5, 50.0], [1977.25, 69740.0], [1979.5, 19467.0], [1979.75, 1255.0], [1980.75, 40000.0], [1981.5, 5.0], [1982.75, 201.0]]}}}
{"jsonrpc": "2.0", "method": "subscription", "params": {"channel": "book.ETH-6MAR26.none.20.100ms", "data": {"timestamp": 1771619927421, "change_id": 110206663143, "instrument_name": "ETH-6MAR26", "bids": [[1965.25, 3097.0], [1963.75, 1639.0], [1963.5, 7002.0], [1963.0, 5124.0], [1962.75, 100.0], [1960.25, 3432.0], [1960.0, 14650.0], [1957.0, 5021.0], [1956.5, 29679.0], [1956.0, 40000.0], [1955.0, 58675.0], [1954.75, 53.0], [1951.75, 40012.0], [1951.5, 21341.0], [1951.0, 29307.0], [1949.0, 40000.0], [1947.0, 20556.0], [1943.75, 201.0], [1943.5, 80345.0], [1943.25, 20299.0]], "asks": [[1965.5, 100.0], [1966.0, 1625.0], [1966.5, 652.0], [1966.75, 2472.0], [1967.75, 2696.0], [1968.0, 19516.0], [1969.0, 6983.0], [1969.5, 30296.0], [1971.75, 30849.0], [1972.0, 30457.0], [1973.75, 40000.0], [1974.0, 12.0], [1976.25, 3.0], [1976.5, 50.0], [1977.25, 69740.0], [1979.5, 19467.0], [1979.75, 1255.0], [1980.75, 40000.0], [1981.5, 5.0], [1982.75, 201.0]]}}}
{"jsonrpc": "2.0", "method": "subscription", "params": {"channel": "book.ETH-6MAR26.none.20.100ms", "data": {"timestamp": 1771619927863, "change_id": 110206663701, "instrument_name": "ETH-6MAR26", "bids": [[1965.25, 3097.0], [1963.75, 1639.0], [1963.5, 7002.0], [1963.0, 5124.0], [1962.75, 100.0], [1960.25, 3432.0], [1960.0, 14650.0], [1957.0, 5021.0], [1956.5, 29679.0], [1956.0, 40000.0], [1955.0, 58675.0], [1954.75, 53.0], [1951.75, 40012.0], [1951.5, 21341.0], [1951.0, 29307.0], [1949.0, 40000.0], [1947.0, 20556.0], [1943.75, 201.0], [1943.5, 80345.0], [1943.25, 20299.0]], "asks": [[1965.5, 100.0], [1965.75, 237.0], [1966.0, 1625.0], [1966.5, 2472.0], [1967.75, 2696.0], [1968.0, 19516.0], [1969.0, 6983.0], [1969.5, 30296.0], [1971.75, 30849.0], [1972.0, 30457.0], [1973.75, 40000.0], [1974.0, 12.0], [1976.25, 3.0], [1976.5, 50.0], [1977.25, 69740.0], [1979.5, 19467.0], [1979.75, 1255.0], [1980.75, 40000.0], [1981.5, 5.0], [1982.75, 201.0]]}}}
{"jsonrpc": "2.0", "method": "subscription", "params": {"channel": "book.ETH-6MAR26.none.20.100ms", "data": {"timestamp": 1771619928429, "change_id": 110206664357, "instrument_name": "ETH-6MAR26", "bids": [[1965.25, 3097.0], [1965.0, 6779.0], [1963.75, 1639.0], [1963.5, 7002.0], [1963.0, 5124.0], [1962.75, 100.0], [1960.25, 3432.0], [1960.0, 14650.0], [1957.0, 5021.0], [1956.5, 29679.0], [1956.0, 40000.0], [1955.0, 58675.0], [1954.75, 53.0], [1951.75, 40012.0], [1951.5, 21341.0], [1951.0, 29307.0], [1949.0, 40000.0], [1947.0, 20556.0], [1943.75, 201.0], [1943.5, 80345.0]], "asks": [[1965.5, 100.0], [1965.75, 237.0], [1966.0, 1625.0], [1966.25, 420.0], [1966.5, 2472.0], [1967.75, 2696.0], [1968.0, 19516.0], [1969.0, 6983.0], [1969.5, 30296.0], [1971.75, 30849.0], [1972.0, 30457.0], [1973.75, 40000.0], [1974.0, 12.0], [1976.25, 3.0], [1976.5, 50.0], [1977.25, 69740.0], [1979.5, 19467.0], [1979.75, 1255.0], [1980.75, 40000.0], [1981.5, 5.0]]}}}
{"jsonrpc": "2.0", "method": "subscription", "params": {"channel": "book.ETH-6MAR26.none.20.100ms", "data": {"timestamp": 1771619928997, "change_id": 110206665116, "instrument_name": "ETH-6MAR26", "bids": [[1965.25, 3097.0], [1965.0, 6779.0], [1963.75, 1639.0], [1963.5, 7002.0], [1963.25, 5124.0], [1962.75, 100.0], [1960.25, 3432.0], [1960.0, 14650.0], [1957.0, 5021.0], [1956.5, 29679.0], [1956.0, 40000.0], [1955.0, 58675.0], [1954.75, 53.0], [1951.75, 40012.0], [1951.5, 21341.0], [1951.0, 29307.0], [1949.0, 40000.0], [1947.0, 20556.0], [1943.75, 201.0], [1943.5, 80345.0]], "asks": [[1965.5, 100.0], [1965.75, 237.0], [1966.0, 1625.0], [1966.25, 420.0], [1966.5, 2472.0], [1967.75, 2696.0], [1968.0, 19516.0], [1969.0, 6983.0], [1969.5, 30296.0], [1971.75, 30849.0], [1972.0, 30457.0], [1973.75, 40000.0], [1974.0, 12.0], [1976.25, 3.0], [1976.5, 50.0], [1977.25, 69740.0], [1979.5, 19467.0], [1979.75, 1255.0], [1980.75, 40000.0], [1981.5, 5.0]]}}}
{"jsonrpc": "2.0", "method": "subscription", "params": {"channel": "book.ETH-6MAR26.none.20.100ms", "data": {"timestamp": 1771619931873, "change_id": 110206667700, "instrument_name": "ETH-6MAR26", "bids": [[1965.25, 3097.0], [1965.0, 6779.0], [1963.75, 1639.0], [1963.5, 7002.0], [1963.25, 5124.0], [1962.75, 100.0], [1960.25, 3432.0], [1960.0, 14650.0], [1957.0, 5021.0], [1956.5, 29679.0], [1956.0, 40000.0], [1955.0, 58675.0], [1954.75, 53.0], [1951.75, 40012.0], [1951.5, 21341.0], [1951.0, 29307.0], [1949.0, 40000.0], [1947.0, 20556.0], [1943.75, 201.0], [1943.5, 80345.0]], "asks": [[1965.5, 100.0], [1966.0, 625.0], [1966.25, 299.0], [1966.5, 1313.0], [1966.75, 2472.0], [1967.75, 2696.0], [1968.0, 19516.0], [1969.0, 6983.0], [1969.5, 30296.0], [1971.75, 30849.0], [1972.0, 30457.0], [1973.75, 40000.0], [1974.0, 12.0], [1976.25, 3.0], [1976.5, 50.0], [1977.25, 69740.0], [1979.5, 19467.0], [1979.75, 1255.0], [1980.75, 40000.0], [1981.5, 5.0]]}}}
{"jsonrpc": "2.0", "method": "subscription", "params": {"channel": "book.ETH-6MAR26.none.20.100ms", "data": {"timestamp": 1771619932066, "change_id": 110206668166, "instrument_name": "ETH-6MAR26", "bids": [[1965.25, 3097.0], [1963.75, 1639.0], [1963.5, 7002.0], [1963.0, 5124.0], [1962.75, 100.0], [1960.25, 3432.0], [1960.0, 14650.0], [1957.0, 5021.0], [1956.5, 29679.0], [1956.0, 40000.0], [1955.0, 58675.0], [1954.75, 53.0], [1951.75, 40012.0], [1951.5, 21341.0], [1951.0, 29307.0], [1949.0, 40000.0], [1947.0, 20556.0], [1943.75, 201.0], [1943.5, 80345.0], [1943.25, 20299.0]], "asks": [[1965.5, 100.0], [1966.0, 625.0], [1966.25, 299.0], [1966.5, 1313.0], [1966.75, 2472.0], [1967.75, 2696.0], [1968.0, 19516.0], [1969.0, 6983.0], [1969.5, 30296.0], [1971.75, 30849.0], [1972.0, 30457.0], [1973.75, 40000.0], [1974.0, 12.0], [1976.25, 3.0], [1976.5, 50.0], [1977.25, 69740.0], [1979.5, 19467.0], [1979.75, 1255.0], [1980.75, 40000.0], [1981.5, 5.0]]}}}
{"jsonrpc": "2.0", "method": "subscription", "params": {"channel": "book.ETH-6MAR26.none.20.100ms", "data": {"timestamp": 1771619932437, "change_id": 110206668386, "instrument_name": "ETH-6MAR26", "bids": [[1965.25, 9877.0], [1963.75, 1639.0], [1963.5, 7002.0], [1963.0, 5124.0], [1962.75, 100.0], [1960.25, 3432.0], [1960.0, 14650.0], [1957.0, 5021.0], [1956.5, 29679.0], [1956.0, 40000.0], [1955.0, 58675.0], [1954.75, 53.0], [1951.75, 40012.0], [1951.5, 21341.0], [1951.0, 29307.0], [1949.0, 40000.0], [1947.0, 20556.0], [1943.75, 201.0], [1943.5, 80345.0], [1943.25, 20299.0]], "asks": [[1965.5, 100.0], [1966.0, 625.0], [1966.25, 299.0], [1966.5, 1313.0], [1966.75, 2472.0], [1967.75, 2696.0], [1968.0, 19516.0], [1969.0, 6983.0], [1969.5, 30296.0], [1971.75, 30849.0], [1972.0, 30457.0], [1973.75, 40000.0], [1974.0, 12.0], [1976.25, 3.0], [1976.5, 50.0], [1977.25, 69740.0], [1979.5, 19467.0], [1979.75, 1255.0], [1980.75, 40000.0], [1981.5, 5.0]]}}}
{"jsonrpc": "2.0", "method": "subscription", "params": {"channel": "book.ETH-6MAR26.none.20.100ms", "data": {"timestamp": 1771619934120, "change_id": 110206670152, "instrument_name": "ETH-6MAR26", "bids": [[1965.25, 9877.0], [1963.75, 1639.0], [1963.5, 7002.0], [1963.25, 1029.0], [1963.0, 5124.0], [1962.75, 100.0], [1960.25, 3432.0], [1960.0, 14650.0], [1957.0, 5021.0], [1956.5, 29679.0], [1956.0, 40000.0], [1955.0, 58675.0], [1954.75, 53.0], [1951.75, 40012.0], [1951.5, 21341.0], [1951.0, 29307.0], [1949.0, 40000.0], [1947.0, 20556.0], [1943.75, 201.0], [1943.5, 80345.0]], "asks": [[1965.5, 100.0], [1966.0, 625.0], [1966.25, 998.0], [1966.5, 3472.0], [1967.75, 2696.0], [1968.0, 19516.0], [1969.0, 6983.0], [1969.5, 30296.0], [1971.75, 30849.0], [1972.0, 30457.0], [1973.75, 40000.0], [1974.0, 12.0], [1976.25, 3.0], [1976.5, 50.0], [1977.25, 69740.0], [1979.5, 19467.0], [1979.75, 1255.0], [1980.75, 40000.0], [1981.5, 5.0], [1982.75, 201.0]]}}}
{"jsonrpc": "2.0", "method": "subscription", "params": {"channel": "book.ETH-6MAR26.none.20.100ms", "data": {"timestamp": 1771619934820, "change_id": 110206670931, "instrument_name": "ETH-6MAR26", "bids": [[1965.25, 3097.0], [1963.75, 1639.0], [1963.5, 7002.0], [1963.25, 1029.0], [1963.0, 5124.0], [1962.75, 100.0], [1960.25, 3432.0], [1960.0, 14650.0], [1957.0, 5021.0], [1956.5, 29679.0], [1956.0, 40000.0], [1955.0, 58675.0], [1954.75, 53.0], [1951.75, 40012.0], [1951.5, 21341.0], [1951.0, 29307.0], [1949.0, 40000.0], [1947.0, 20556.0], [1943.75, 201.0], [1943.5, 80345.0]], "asks": [[1965.5, 100.0], [1966.0, 1154.0], [1966.25, 2771.0], [1966.5, 1000.0], [1967.75, 2696.0], [1968.0, 19516.0], [1969.0, 6983.0], [1969.5, 30296.0], [1971.75, 30849.0], [1972.0, 30457.0], [1973.75, 40000.0], [1974.0, 12.0], [1976.25, 3.0], [1976.5, 50.0], [1977.25, 69740.0], [1979.5, 19467.0], [1979.75, 1255.0], [1980.75, 40000.0], [1981.5, 5.0], [1982.75, 201.0]]}}}
{"jsonrpc": "2.0", "method": "subscription", "params": {"channel": "book.ETH-6MAR26.none.20.100ms", "data": {"timestamp": 1771619935194, "change_id": 110206671385, "instrument_name": "ETH-6MAR26", "bids": [[1965.25, 3097.0], [1965.0, 6779.0], [1963.75, 1639.0], [1963.5, 7002.0], [1963.25, 5124.0], [1962.75, 100.0], [1960.25, 3432.0], [1960.0, 14650.0], [1957.0, 5021.0], [1956.5, 29679.0], [1956.0, 40000.0], [1955.0, 58675.0], [1954.75, 53.0], [1951.75, 40012.0], [1951.5, 21341.0], [1951.0, 29307.0], [1949.0, 40000.0], [1947.0, 20556.0], [1943.75, 201.0], [1943.5, 80345.0]], "asks": [[1965.5, 100.0], [1966.0, 1154.0], [1966.25, 2771.0], [1966.5, 1000.0], [1967.75, 2696.0], [1968.0, 19516.0], [1969.0, 6983.0], [1969.5, 30296.0], [1971.75, 30849.0], [1972.0, 30457.0], [1973.75, 40000.0], [1974.0, 12.0], [1976.25, 3.0], [1976.5, 50.0], [1977.25, 69740.0], [1979.5, 19467.0], [1979.75, 1255.0], [1980.75, 40000.0], [1981.5, 5.0], [1982.75, 201.0]]}}}
{"jsonrpc": "2.0", "method": "subscription", "params": {"channel": "book.ETH-6MAR26.none.20.100ms", "data": {"timestamp": 1771619935711, "change_id": 110206671935, "instrument_name": "ETH-6MAR26", "bids": [[1965.25, 3097.0], [1965.0, 6779.0], [1963.75, 1639.0], [1963.5, 7002.0], [1963.25, 5124.0], [1962.75, 100.0], [1960.25, 3432.0], [1960.0, 14650.0], [1957.0, 5021.0], [1956.5, 29679.0], [1956.0, 40000.0], [1955.0, 58675.0], [1954.75, 53.0], [1951.75, 40012.0], [1951.5, 21341.0], [1951.0, 29307.0], [1949.0, 40000.0], [1947.0, 20556.0], [1943.75, 201.0], [1943.5, 80345.0]], "asks": [[1965.5, 100.0], [1966.0, 625.0], [1966.25, 998.0], [1966.5, 3472.0], [1967.75, 2696.0], [1968.0, 19516.0], [1969.0, 6983.0], [1969.5, 30296.0], [1971.75, 30849.0], [1972.0, 30457.0], [1973.75, 40000.0], [1974.0, 12.0], [1976.25, 3.0], [1976.5, 50.0], [1977.25, 69740.0], [1979.5, 19467.0], [1979.75, 1255.0], [1980.75, 40000.0], [1981.5, 5.0], [1982.75, 201.0]]}}}
{"jsonrpc": "2.0", "method": "subscription", "params": {"channel": "book.ETH-6MAR26.none.20.100ms", "data": {"timestamp": 1771619937509, "change_id": 110206673803, "instrument_name": "ETH-6MAR26", "bids": [[1965.25, 3097.0], [1965.0, 6779.0], [1963.75, 1639.0], [1963.5, 7002.0], [1963.0, 5124.0], [1962.75, 100.0], [1960.25, 3432.0], [1960.0, 14650.0], [1957.0, 5021.0], [1956.5, 29679.0], [1956.0, 40000.0], [1955.0, 58675.0], [1954.75, 53.0], [1951.75, 40012.0], [1951.5, 21341.0], [1951.0, 29307.0], [1949.0, 40000.0], [1947.0, 20556.0], [1943.75, 201.0], [1943.5, 80345.0]], "asks": [[1965.5, 100.0], [1966.0, 625.0], [1966.25, 299.0], [1966.5, 1397.0], [1966.75, 2472.0], [1967.75, 2696.0], [1968.0, 19516.0], [1969.0, 6983.0], [1969.5, 30296.0], [1971.75, 30849.0], [1972.0, 30457.0], [1973.75, 40000.0], [1974.0, 12.0], [1976.25, 3.0], [1976.5, 50.0], [1977.25, 69740.0], [1979.5, 19467.0], [1979.75, 1255.0], [1980.75, 40000.0], [1981.5, 5.0]]}}}
{"jsonrpc": "2.0", "method": "subscription", "params": {"channel": "book.ETH-6MAR26.none.20.100ms", "data": {"timestamp": 1771619937780, "change_id": 110206674217, "instrument_name": "ETH-6MAR26", "bids": [[1965.25, 3097.0], [1963.75, 1639.0], [1963.5, 7002.0], [1963.0, 5124.0], [1962.75, 100.0], [1960.25, 3432.0], [1960.0, 14650.0], [1957.0, 5021.0], [1956.5, 29679.0], [1956.0, 40000.0], [1955.0, 58675.0], [1954.75, 53.0], [1951.75, 40012.0], [1951.5, 21341.0], [1951.0, 29307.0], [1949.0, 40000.0], [1947.0, 20556.0], [1943.75, 201.0], [1943.5, 80345.0], [1943.25, 20299.0]], "asks": [[1965.5, 100.0], [1966.0, 625.0], [1966.25, 299.0], [1966.5, 1397.0], [1966.75, 2472.0], [1967.75, 2696.0], [1968.0, 19516.0], [1969.0, 6983.0], [1969.5, 30296.0], [1971.75, 30849.0], [1972.0, 30457.0], [1973.75, 40000.0], [1974.0, 12.0], [1976.25, 3.0], [1976.5, 50.0], [1977.25, 69740.0], [1979.5, 19467.0], [1979.75, 1255.0], [1980.75, 40000.0], [1981.5, 5.0]]}}}
{"jsonrpc": "2.0", "method": "subscription", "params": {"channel": "book.ETH-6MAR26.none.20.100ms", "data": {"timestamp": 1771619938157, "change_id": 110206674666, "instrument_name": "ETH-6MAR26", "bids": [[1965.25, 9877.0], [1963.75, 1639.0], [1963.5, 7002.0], [1963.0, 5124.0], [1962.75, 100.0], [1960.25, 3432.0], [1960.0, 14650.0], [1957.0, 5021.0], [1956.5, 29679.0], [1956.0, 40000.0], [1955.0, 58675.0], [1954.75, 53.0], [1951.75, 40012.0], [1951.5, 21341.0], [1951.0, 29307.0], [1949.0, 40000.0], [1947.0, 20556.0], [1943.75, 201.0], [1943.5, 80345.0], [1943.25, 20299.0]], "asks": [[1965.5, 100.0], [1966.0, 625.0], [1966.25, 299.0], [1966.5, 3472.0], [1967.75, 2696.0], [1968.0, 19516.0], [1969.0, 6983.0], [1969.5, 30296.0], [1971.75, 30849.0], [1972.0, 30457.0], [1973.75, 40000.0], [1974.0, 12.0], [1976.25, 3.0], [1976.5, 50.0], [1977.25, 69740.0], [1979.5, 19467.0], [1979.75, 1255.0], [1980.75, 40000.0], [1981.5, 5.0], [1982.75, 201.0]]}}}
{"jsonrpc": "2.0", "method": "subscription", "params": {"channel": "book.ETH-6MAR26.none.20.100ms", "data": {"timestamp": 1771619938677, "change_id": 110206675153, "instrument_name": "ETH-6MAR26", "bids": [[1965.25, 9877.0], [1963.75, 1639.0], [1963.5, 7002.0], [1963.0, 5124.0], [1962.75, 100.0], [1960.25, 3432.0], [1960.0, 14650.0], [1957.0, 5021.0], [1956.5, 29679.0], [1956.0, 40000.0], [1955.0, 58675.0], [1954.75, 53.0], [1951.75, 40012.0], [1951.5, 21341.0], [1951.0, 29307.0], [1949.0, 40000.0], [1947.0, 20556.0], [1943.75, 201.0], [1943.5, 80345.0], [1943.25, 20299.0]], "asks": [[1965.5, 100.0], [1966.0, 625.0], [1966.25, 554.0], [1966.5, 3472.0], [1967.75, 2696.0], [1968.0, 19516.0], [1969.0, 6983.0], [1969.5, 30296.0], [1971.75, 30849.0], [1972.0, 30457.0], [1973.75, 40000.0], [1974.0, 12.0], [1976.25, 3.0], [1976.5, 50.0], [1977.25, 69740.0], [1979.5, 19467.0], [1979.75, 1255.0], [1980.75, 40000.0], [1981.5, 5.0], [1982.75, 201.0]]}}}
{"jsonrpc": "2.0", "method": "subscription", "params": {"channel": "book.ETH-6MAR26.none.20.100ms", "data": {"timestamp": 1771619939047, "change_id": 110206675685, "instrument_name": "ETH-6MAR26", "bids": [[1965.25, 3097.0], [1963.75, 1639.0], [1963.5, 7002.0], [1963.0, 5124.0], [1962.75, 100.0], [1960.25, 3432.0], [1960.0, 14650.0], [1957.0, 5021.0], [1956.5, 29679.0], [1956.0, 40000.0], [1955.0, 58675.0], [1954.75, 53.0], [1951.75, 40012.0], [1951.5, 21341.0], [1951.0, 29307.0], [1949.0, 40000.0], [1947.0, 20556.0], [1943.75, 201.0], [1943.5, 80345.0], [1943.25, 20299.0]], "asks": [[1965.5, 100.0], [1966.0, 625.0], [1966.25, 299.0], [1966.5, 3472.0], [1967.75, 2696.0], [1968.0, 19516.0], [1969.0, 6983.0], [1969.5, 30296.0], [1971.75, 30849.0], [1972.0, 30457.0], [1973.75, 40000.0], [1974.0, 12.0], [1976.25, 3.0], [1976.5, 50.0], [1977.25, 69740.0], [1979.5, 19467.0], [1979.75, 1255.0], [1980.75, 40000.0], [1981.5, 5.0], [1982.75, 201.0]]}}}
{"jsonrpc": "2.0", "method": "subscription", "params": {"channel": "book.ETH-6MAR26.none.20.100ms", "data": {"timestamp": 1771619939422, "change_id": 110206675994, "instrument_name": "ETH-6MAR26", "bids": [[1965.25, 2472.0], [1965.0, 7404.0], [1963.75, 1639.0], [1963.5, 7002.0], [1963.0, 5124.0], [1962.75, 100.0], [1960.25, 3432.0], [1960.0, 14650.0], [1957.0, 5021.0], [1956.5, 29679.0], [1956.0, 40000.0], [1955.0, 58675.0], [1954.75, 53.0], [1951.75, 40012.0], [1951.5, 21341.0], [1951.0, 29307.0], [1949.0, 40000.0], [1947.0, 20556.0], [1943.75, 201.0], [1943.5, 80345.0]], "asks": [[1965.5, 100.0], [1966.0, 625.0], [1966.25, 299.0], [1966.5, 3472.0], [1967.75, 2696.0], [1968.0, 19516.0], [1969.0, 6983.0], [1969.5, 30296.0], [1971.75, 30849.0], [1972.0, 30457.0], [1973.75, 40000.0], [1974.0, 12.0], [1976.25, 3.0], [1976.5, 50.0], [1977.25, 69740.0], [1979.5, 19467.0], [1979.75, 1255.0], [1980.75, 40000.0], [1981.5, 5.0], [1982.75, 201.0]]}}}
