{"jsonrpc": "2.0", "method": "subscription", "params": {"channel": "book.ETH-6FEB26.none.20.100ms", "data": {"timestamp": 1769891720983, "change_id": 106914577339, "instrument_name": "ETH-6FEB26", "bids": [[2365.5, 1039.0], [2365.25, 1039.0], [2365.0, 1087.0], [2364.75, 800.0], [2364.5, 1803.0], [2364.25, 6040.0], [2361.75, 2368.0], [2361.5, 7934.0], [2359.5, 6416.0], [2359.25, 21495.0], [2358.25, 1198.0], [2358.0, 60582.0], [2357.75, 400.0], [2356.75, 500.0], [2354.25, 2.0], [2354.0, 4758.0], [2353.75, 2.0], [2353.5, 40000.0], [2353.0, 20352.0], [2352.5, 40012.0]], "asks": [[2366.25, 824.0], [2366.5, 625.0], [2366.75, 1803.0], [2367.0, 6040.0], [2370.5, 2321.0], [2370.75, 7774.0], [2372.25, 6060.0], [2372.5, 26698.0], [2372.75, 21434.0], [2373.0, 400.0], [2373.75, 40000.0], [2374.0, 19776.0], [2375.5, 39922.0], [2376.0, 2.0], [2379.25, 60634.0], [2379.5, 40000.0], [2381.0, 58202.0], [2381.25, 40361.0], [2382.25, 40000.0], [2387.25, 41050.0]]}}}
{"jsonrpc": "2.0", "method": "subscription", "params": {"channel": "book.ETH-13FEB26.none.20.100ms", "data": {"timestamp": 1769891721073, "change_id": 106914577453, "instrument_name": "ETH-13FEB26", "bids": [[2367.75, 1425.0], [2367.5, 800.0], [2367.25, 301.0], [2367.0, 1039.0], [2366.75, 2561.0], [2366.5, 5900.0], [2363.0, 2255.0], [2362.75, 7553.0], [2362.5, 1481.0], [2362.25, 4961.0], [2362.0, 6535.0], [2361.75, 21494.0], [2361.0, 9.0], [2360.5, 45103.0], [2360.25, 400.0], [2356.0, 40000.0], [2353.75, 21312.0], [2353.5, 40000.0], [2353.0, 30664.0], [2352.0, 29438.0]], "asks": [[2368.5, 1233.0], [2368.75, 1688.0], [2369.0, 2561.0], [2369.25, 5900.0], [2371.75, 2364.0], [2372.0, 7918.0], [2375.25, 4882.0], [2375.5, 400.0], [2376.25, 40000.0], [2376.5, 30074.0], [2377.25, 21484.0], [2378.25, 29134.0], [2380.75, 29795.0], [2381.0, 9.0], [2381.75, 40000.0], [2383.0, 29577.0], [2386.0, 40000.0], [2387.5, 19707.0], [2393.75, 20028.0], [2408.25, 19404.0]]}}}
{"jsonrpc": "2.0", "method": "subscription", "params": {"channel": "book.ETH-6FEB26.none.20.100ms", "data": {"timestamp": 1769891721108, "change_id": 106914577625, "instrument_name": "ETH-6FEB26", "bids": [[2365.5, 625.0], [2365.25, 800.0], [2365.0, 239.0], [2364.75, 1079.0], [2364.5, 2603.0], [2364.25, 6040.0], [2361.75, 2368.0], [2361.5, 7934.0], [2359.75, 10098.0], [2359.5, 6416.0], [2359.25, 21495.0], [2358.25, 1198.0], [2358.0, 60582.0], [2357.75, 400.0], [2356.75, 500.0], [2354.25, 2.0], [2354.0, 4758.0], [2353.75, 2.0], [2353.5, 40000.0], [2353.0, 20352.0]], "asks": [[2366.25, 824.0], [2366.5, 625.0], [2366.75, 1803.0], [2367.0, 6040.0], [2370.5, 2321.0], [2370.75, 7774.0], [2372.25, 6060.0], [2372.5, 26698.0], [2372.75, 21434.0], [2373.0, 400.0], [2373.75, 40000.0], [2374.0, 19776.0], [2375.5, 39922.0], [2376.0, 2.0], [2379.25, 60634.0], [2379.5, 40000.0], [2381.0, 58202.0], [2381.25, 40361.0], [2382.25, 40000.0], [2387.25, 41050.0]]}}}
{"jsonrpc": "2.0", "method": "subscription", "params": {"channel": "book.ETH-13FEB26.none.20.100ms", "data": {"timestamp": 1769891721328, "change_id": 106914578000, "instrument_name": "ETH-13FEB26", "bids": [[2367.75, 1425.0], [2367.5, 800.0], [2367.25, 301.0], [2367.0, 1039.0], [2366.75, 2561.0], [2366.5, 5900.0], [2363.0, 2255.0], [2362.75, 7553.0], [2362.5, 1481.0], [2362.25, 4961.0], [2362.0, 6535.0], [2361.75, 21494.0], [2361.0, 9.0], [2360.5, 45103.0], [2360.25, 400.0], [2356.0, 40000.0], [2353.75, 21312.0], [2353.5, 40000.0], [2353.0, 30664.0], [2352.0, 29438.0]], "asks": [[2368.5, 800.0], [2368.75, 1688.0], [2369.0, 2561.0], [2369.25, 5900.0], [2371.75, 2364.0], [2372.0, 7918.0], [2375.25, 4882.0], [2375.5, 400.0], [2376.25, 40000.0], [2376.5, 30074.0], [2377.25, 21484.0], [2378.25, 29134.0], [2380.75, 29795.0], [2381.0, 9.0], [2381.75, 40000.0], [2383.0, 29577.0], [2386.0, 40000.0], [2387.5, 19707.0], [2393.75, 20028.0], [2408.25, 19404.0]]}}}
{"jsonrpc": "2.0", "method": "subscription", "params": {"channel": "book.ETH-13FEB26.none.20.100ms", "data": {"timestamp": 1769891721957, "change_id": 106914580133, "instrument_name": "ETH-13FEB26", "bids": [[2366.75, 1039.0], [2366.5, 1051.0], [2366.25, 840.0], [2365.75, 1761.0], [2365.5, 5900.0], [2363.0, 2255.0], [2362.75, 7553.0], [2362.0, 6535.0], [2361.75, 21494.0], [2361.0, 9.0], [2360.5, 40000.0], [2360.25, 400.0], [2356.0, 40000.0], [2353.75, 21312.0], [2353.0, 30664.0], [2352.0, 29438.0], [2350.75, 11.0], [2350.5, 2.0], [2350.0, 40000.0], [2347.75, 36.0]], "asks": [[2367.75, 1063.0], [2368.0, 2769.0], [2368.25, 6946.0], [2368.5, 625.0], [2371.75, 2364.0], [2372.0, 7918.0], [2375.25, 4882.0], [2375.5, 400.0], [2376.25, 40000.0], [2376.5, 30074.0], [2377.25, 21484.0], [2377.5, 14706.0], [2378.25, 29134.0], [2380.75, 29795.0], [2381.0, 9.0], [2381.75, 40000.0], [2383.0, 29577.0], [2386.0, 40000.0], [2387.5, 19707.0], [2393.75, 20028.0]]}}}
{"jsonrpc": "2.0", "method": "subscription", "params": {"channel": "book.ETH-6FEB26.none.20.100ms", "data": {"timestamp": 1769891721979, "change_id": 106914580310, "instrument_name": "ETH-6FEB26", "bids": [[2364.75, 800.0], [2364.5, 800.0], [2364.0, 40.0], [2363.75, 1803.0], [2363.5, 6040.0], [2361.75, 2368.0], [2361.5, 7934.0], [2359.5, 6416.0], [2359.25, 21495.0], [2359.0, 3014.0], [2358.75, 10098.0], [2358.5, 358.0], [2358.25, 13138.0], [2358.0, 40000.0], [2357.75, 400.0], [2356.75, 500.0], [2354.25, 2.0], [2354.0, 4758.0], [2353.75, 2.0], [2353.5, 40000.0]], "asks": [[2365.5, 1070.0], [2365.75, 1046.0], [2366.0, 1046.0], [2366.25, 3228.0], [2366.5, 6040.0], [2370.5, 2321.0], [2370.75, 7774.0], [2372.25, 6060.0], [2372.5, 20300.0], [2372.75, 21434.0], [2373.0, 400.0], [2373.75, 40000.0], [2374.0, 19776.0], [2375.5, 39922.0], [2376.0, 2.0], [2379.25, 60634.0], [2379.5, 40000.0], [2381.0, 58202.0], [2381.25, 40361.0], [2382.25, 40000.0]]}}}
{"jsonrpc": "2.0", "method": "subscription", "params": {"channel": "book.ETH-13FEB26.none.20.100ms", "data": {"timestamp": 1769891722273, "change_id": 106914581469, "instrument_name": "ETH-13FEB26", "bids": [[2366.5, 800.0], [2366.0, 40.0], [2365.25, 1761.0], [2365.0, 5900.0], [2363.0, 2255.0], [2362.75, 7553.0], [2362.0, 6535.0], [2361.75, 21494.0], [2361.0, 9.0], [2360.5, 40000.0], [2360.25, 400.0], [2356.25, 5103.0], [2356.0, 40000.0], [2353.75, 5947.0], [2352.0, 29438.0], [2350.75, 11.0], [2350.5, 15367.0], [2350.0, 40000.0], [2349.25, 30664.0], [2347.75, 36.0]], "asks": [[2367.5, 1039.0], [2367.75, 1070.0], [2368.0, 2800.0], [2368.25, 6700.0], [2368.5, 625.0], [2371.75, 2364.0], [2372.0, 7918.0], [2374.0, 400.0], [2375.25, 4882.0], [2376.25, 40000.0], [2376.5, 30074.0], [2377.25, 21484.0], [2377.5, 14706.0], [2378.25, 29134.0], [2380.75, 29795.0], [2381.0, 9.0], [2381.75, 40000.0], [2383.0, 29577.0], [2386.0, 40000.0], [2387.5, 19707.0]]}}}
{"jsonrpc": "2.0", "method": "subscription", "params": {"channel": "book.ETH-6FEB26.none.20.100ms", "data": {"timestamp": 1769891722285, "change_id": 106914581292, "instrument_name": "ETH-6FEB26", "bids": [[2363.75, 1843.0], [2363.5, 6040.0], [2361.75, 2368.0], [2361.5, 7934.0], [2359.5, 6416.0], [2359.25, 21495.0], [2358.5, 358.0], [2358.25, 13138.0], [2358.0, 40000.0], [2357.75, 400.0], [2356.75, 500.0], [2354.5, 20582.0], [2354.25, 2.0], [2354.0, 4758.0], [2353.75, 2.0], [2353.5, 40000.0], [2353.0, 20352.0], [2352.5, 40012.0], [2351.25, 39452.0], [2350.0, 19048.0]], "asks": [[2365.25, 1070.0], [2365.5, 1039.0], [2365.75, 2974.0], [2366.0, 7704.0], [2366.25, 800.0], [2370.5, 2321.0], [2370.75, 7774.0], [2371.5, 400.0], [2372.5, 20300.0], [2372.75, 21434.0], [2373.75, 40000.0], [2374.0, 19776.0], [2375.5, 39922.0], [2376.0, 2.0], [2379.25, 60634.0], [2379.5, 40000.0], [2381.0, 58202.0], [2381.25, 40361.0], [2382.25, 40000.0], [2387.25, 41050.0]]}}}
{"jsonrpc": "2.0", "method": "subscription", "params": {"channel": "book.ETH-13FEB26.none.20.100ms", "data": {"timestamp": 1769891722457, "change_id": 106914582131, "instrument_name": "ETH-13FEB26", "bids": [[2366.5, 800.0], [2366.25, 40.0], [2365.25, 1761.0], [2365.0, 5900.0], [2363.0, 2255.0], [2362.75, 7553.0], [2362.0, 6535.0], [2361.75, 21494.0], [2361.0, 9.0], [2360.5, 40000.0], [2360.25, 400.0], [2356.75, 10064.0], [2356.0, 40000.0], [2353.75, 5947.0], [2352.0, 29438.0], [2350.75, 11.0], [2350.5, 15367.0], [2350.0, 40000.0], [2349.25, 30664.0], [2347.75, 36.0]], "asks": [[2367.5, 824.0], [2367.75, 1046.0], [2368.0, 2800.0], [2368.25, 6700.0], [2368.5, 625.0], [2370.5, 7787.0], [2374.0, 400.0], [2375.25, 4882.0], [2376.25, 40000.0], [2376.5, 30074.0], [2377.25, 21484.0], [2377.5, 14706.0], [2378.25, 29134.0], [2380.75, 29795.0], [2381.0, 9.0], [2381.75, 40000.0], [2383.0, 29577.0], [2386.0, 40000.0], [2387.5, 19707.0], [2393.75, 20028.0]]}}}
{"jsonrpc": "2.0", "method": "subscription", "params": {"channel": "book.ETH-6FEB26.none.20.100ms", "data": {"timestamp": 1769891722628, "change_id": 106914582117, "instrument_name": "ETH-6FEB26", "bids": [[2364.5, 1664.0], [2364.25, 1039.0], [2364.0, 800.0], [2363.75, 1843.0], [2363.5, 6040.0], [2361.75, 2368.0], [2361.5, 7934.0], [2359.5, 6416.0], [2359.25, 21495.0], [2358.5, 358.0], [2358.25, 13138.0], [2358.0, 50098.0], [2357.75, 400.0], [2356.75, 500.0], [2354.75, 20582.0], [2354.25, 2.0], [2354.0, 4758.0], [2353.75, 2.0], [2353.5, 40000.0], [2353.0, 20352.0]], "asks": [[2365.25, 1249.0], [2365.5, 1664.0], [2365.75, 2974.0], [2366.0, 6040.0], [2369.0, 2273.0], [2369.25, 7615.0], [2371.5, 400.0], [2372.5, 20300.0], [2372.75, 21434.0], [2373.75, 40000.0], [2374.0, 19776.0], [2375.5, 39922.0], [2376.0, 2.0], [2379.25, 60634.0], [2379.5, 40000.0], [2381.0, 58202.0], [2381.25, 40361.0], [2382.25, 40000.0], [2387.25, 41050.0], [2388.25, 36.0]]}}}
{"jsonrpc": "2.0", "method": "subscription", "params": {"channel": "book.ETH-13FEB26.none.20.100ms", "data": {"timestamp": 1769891722960, "change_id": 106914583607, "instrument_name": "ETH-13FEB26", "bids": [[2365.75, 40.0], [2365.0, 1761.0], [2364.75, 5900.0], [2362.0, 6535.0], [2361.75, 21494.0], [2361.0, 9.0], [2360.5, 2382.0], [2360.25, 7980.0], [2359.0, 4961.0], [2358.75, 40000.0], [2356.0, 40000.0], [2354.0, 5103.0], [2353.75, 5947.0], [2350.75, 11.0], [2350.5, 15367.0], [2350.0, 40000.0], [2349.25, 30664.0], [2348.0, 29438.0], [2347.75, 36.0], [2347.0, 19032.0]], "asks": [[2367.0, 1046.0], [2367.25, 1070.0], [2367.5, 2769.0], [2367.75, 6946.0], [2368.0, 239.0], [2368.25, 800.0], [2368.5, 625.0], [2370.25, 2324.0], [2370.5, 7787.0], [2373.5, 21477.0], [2374.0, 400.0], [2374.5, 40000.0], [2375.25, 4882.0], [2377.5, 14706.0], [2378.25, 29134.0], [2379.25, 40000.0], [2380.25, 30074.0], [2380.75, 29795.0], [2381.0, 9.0], [2381.75, 40000.0]]}}}
{"jsonrpc": "2.0", "method": "subscription", "params": {"channel": "book.ETH-6FEB26.none.20.100ms", "data": {"timestamp": 1769891722964, "change_id": 106914583676, "instrument_name": "ETH-6FEB26", "bids": [[2364.0, 800.0], [2363.25, 1843.0], [2363.0, 6040.0], [2359.5, 6416.0], [2359.25, 21495.0], [2359.0, 2194.0], [2358.75, 7349.0], [2358.5, 358.0], [2358.25, 13138.0], [2358.0, 40000.0], [2357.75, 400.0], [2357.0, 10098.0], [2356.75, 500.0], [2354.25, 2.0], [2354.0, 4758.0], [2353.75, 20584.0], [2353.5, 40000.0], [2351.25, 39452.0], [2350.0, 19048.0], [2349.75, 40000.0]], "asks": [[2364.75, 24.0], [2365.0, 871.0], [2365.25, 2974.0], [2365.5, 7079.0], [2365.75, 800.0], [2369.0, 2273.0], [2369.25, 7615.0], [2371.5, 400.0], [2372.5, 20300.0], [2372.75, 21434.0], [2373.75, 40000.0], [2375.5, 39922.0], [2376.0, 2.0], [2377.0, 40000.0], [2377.75, 19776.0], [2379.25, 60634.0], [2379.5, 40000.0], [2381.0, 58202.0], [2381.25, 40361.0], [2387.25, 41050.0]]}}}
{"jsonrpc": "2.0", "method": "subscription", "params": {"channel": "book.ETH-13FEB26.none.20.100ms", "data": {"timestamp": 1769891723210, "change_id": 106914584524, "instrument_name": "ETH-13FEB26", "bids": [[2366.5, 1039.0], [2366.25, 840.0], [2366.0, 625.0], [2365.75, 877.0], [2365.5, 4700.0], [2365.25, 5900.0], [2362.25, 2323.0], [2362.0, 14316.0], [2361.75, 21494.0], [2361.0, 9.0], [2360.25, 400.0], [2359.0, 4961.0], [2358.75, 40000.0], [2356.25, 5103.0], [2356.0, 40000.0], [2353.75, 5947.0], [2350.75, 11.0], [2350.5, 15367.0], [2350.0, 40000.0], [2349.25, 30664.0]], "asks": [[2367.5, 800.0], [2367.75, 824.0], [2368.0, 1969.0], [2368.25, 6700.0], [2370.25, 2324.0], [2370.5, 7787.0], [2373.25, 6411.0], [2373.5, 21477.0], [2374.0, 400.0], [2374.5, 40000.0], [2375.25, 4882.0], [2377.5, 14706.0], [2378.25, 29134.0], [2379.25, 40000.0], [2380.25, 30074.0], [2380.75, 29795.0], [2381.0, 9.0], [2381.75, 40000.0], [2383.0, 29577.0], [2387.5, 19707.0]]}}}
{"jsonrpc": "2.0", "method": "subscription", "params": {"channel": "book.ETH-6FEB26.none.20.100ms", "data": {"timestamp": 1769891723256, "change_id": 106914584541, "instrument_name": "ETH-6FEB26", "bids": [[2364.25, 1039.0], [2364.0, 800.0], [2363.75, 2480.0], [2363.5, 6040.0], [2360.75, 2222.0], [2360.5, 7444.0], [2359.5, 6416.0], [2359.25, 21495.0], [2358.5, 358.0], [2358.25, 13138.0], [2358.0, 40000.0], [2357.75, 400.0], [2357.25, 10098.0], [2356.75, 500.0], [2354.25, 2.0], [2354.0, 4758.0], [2353.75, 20584.0], [2353.5, 40000.0], [2351.25, 39452.0], [2350.0, 19048.0]], "asks": [[2365.25, 824.0], [2365.75, 1803.0], [2366.0, 6040.0], [2369.0, 2273.0], [2369.25, 7615.0], [2371.5, 400.0], [2372.5, 20300.0], [2372.75, 21434.0], [2373.75, 40000.0], [2375.5, 39922.0], [2376.0, 2.0], [2377.0, 40000.0], [2377.75, 19776.0], [2379.25, 60634.0], [2379.5, 40000.0], [2381.0, 58202.0], [2381.25, 40361.0], [2387.25, 41050.0], [2388.25, 36.0], [2394.0, 41044.0]]}}}
{"jsonrpc": "2.0", "method": "subscription", "params": {"channel": "book.ETH-13FEB26.none.20.100ms", "data": {"timestamp": 1769891723632, "change_id": 106914585338, "instrument_name": "ETH-13FEB26", "bids": [[2366.5, 1051.0], [2366.25, 840.0], [2366.0, 625.0], [2365.5, 1761.0], [2365.25, 5900.0], [2362.25, 2323.0], [2362.0, 14316.0], [2361.75, 21494.0], [2361.0, 9.0], [2360.25, 400.0], [2359.0, 4961.0], [2358.75, 40000.0], [2356.25, 5103.0], [2356.0, 40000.0], [2353.75, 5947.0], [2350.75, 11.0], [2350.5, 15367.0], [2350.0, 40000.0], [2349.25, 30664.0], [2348.0, 29438.0]], "asks": [[2367.5, 800.0], [2367.75, 824.0], [2368.0, 1969.0], [2368.25, 6700.0], [2370.25, 2324.0], [2370.5, 7787.0], [2373.25, 6411.0], [2373.5, 21477.0], [2374.0, 400.0], [2374.5, 40000.0], [2375.25, 4882.0], [2376.0, 2.0], [2377.5, 14706.0], [2378.25, 29134.0], [2379.25, 40000.0], [2380.25, 30074.0], [2380.75, 29795.0], [2381.0, 9.0], [2381.75, 40000.0], [2383.0, 29577.0]]}}}
{"jsonrpc": "2.0", "method": "subscription", "params": {"channel": "book.ETH-6FEB26.none.20.100ms", "data": {"timestamp": 1769891723604, "change_id": 106914585316, "instrument_name": "ETH-6FEB26", "bids": [[2364.25, 1039.0], [2364.0, 3433.0], [2363.75, 10635.0], [2363.5, 6040.0], [2360.75, 2222.0], [2360.5, 7444.0], [2359.5, 6416.0], [2359.25, 21495.0], [2358.5, 358.0], [2358.25, 13138.0], [2358.0, 40000.0], [2357.75, 400.0], [2357.25, 10098.0], [2356.75, 500.0], [2354.25, 2.0], [2354.0, 4758.0], [2353.75, 20584.0], [2353.5, 40000.0], [2351.25, 39452.0], [2350.0, 19048.0]], "asks": [[2365.25, 800.0], [2365.5, 24.0], [2365.75, 1803.0], [2366.0, 6040.0], [2369.0, 2273.0], [2369.25, 7615.0], [2371.5, 400.0], [2372.5, 20300.0], [2372.75, 21434.0], [2373.75, 40000.0], [2375.5, 39922.0], [2376.0, 2.0], [2377.0, 40000.0], [2377.75, 19776.0], [2379.25, 60634.0], [2379.5, 40000.0], [2381.0, 58202.0], [2381.25, 40361.0], [2387.25, 41050.0], [2388.25, 36.0]]}}}
{"jsonrpc": "2.0", "method": "subscription", "params": {"channel": "book.ETH-13FEB26.none.20.100ms", "data": {"timestamp": 1769891723917, "change_id": 106914586299, "instrument_name": "ETH-13FEB26", "bids": [[2366.5, 800.0], [2366.25, 800.0], [2366.0, 665.0], [2365.5, 1761.0], [2365.25, 5900.0], [2362.0, 6535.0], [2361.75, 21494.0], [2361.0, 9.0], [2360.25, 7782.0], [2359.0, 4961.0], [2358.75, 40000.0], [2356.25, 5103.0], [2356.0, 40000.0], [2353.75, 5947.0], [2350.75, 11.0], [2350.5, 15367.0], [2350.0, 40000.0], [2349.25, 30664.0], [2348.0, 29438.0], [2347.75, 36.0]], "asks": [[2367.25, 800.0], [2367.5, 263.0], [2367.75, 800.0], [2368.0, 1969.0], [2368.25, 5900.0], [2370.25, 2324.0], [2370.5, 7787.0], [2373.25, 6411.0], [2373.5, 21477.0], [2374.0, 400.0], [2374.5, 40000.0], [2375.25, 4882.0], [2376.0, 2.0], [2377.5, 14706.0], [2378.25, 29134.0], [2379.25, 40000.0], [2380.25, 30074.0], [2380.75, 29795.0], [2381.0, 9.0], [2381.75, 40000.0]]}}}
{"jsonrpc": "2.0", "method": "subscription", "params": {"channel": "book.ETH-6FEB26.none.20.100ms", "data": {"timestamp": 1769891723933, "change_id": 106914586281, "instrument_name": "ETH-6FEB26", "bids": [[2364.25, 1425.0], [2364.0, 800.0], [2363.75, 1855.0], [2363.5, 6040.0], [2359.5, 6416.0], [2359.25, 23771.0], [2359.0, 7625.0], [2358.25, 11949.0], [2358.0, 40000.0], [2357.75, 400.0], [2357.25, 10098.0], [2356.75, 500.0], [2354.25, 2.0], [2354.0, 5947.0], [2353.75, 20584.0], [2353.5, 40000.0], [2351.25, 39452.0], [2350.0, 19048.0], [2349.75, 40000.0], [2349.5, 20352.0]], "asks": [[2365.0, 1063.0], [2365.25, 800.0], [2365.5, 625.0], [2365.75, 1803.0], [2366.0, 6040.0], [2369.0, 2273.0], [2369.25, 7615.0], [2371.5, 400.0], [2372.5, 20300.0], [2372.75, 21434.0], [2373.75, 40000.0], [2375.5, 39922.0], [2376.0, 2.0], [2377.0, 40000.0], [2377.75, 19776.0], [2379.25, 60634.0], [2379.5, 40000.0], [2381.0, 58202.0], [2381.25, 40361.0], [2387.25, 41050.0]]}}}
{"jsonrpc": "2.0", "method": "subscription", "params": {"channel": "book.ETH-13FEB26.none.20.100ms", "data": {"timestamp": 1769891724205, "change_id": 106914587069, "instrument_name": "ETH-13FEB26", "bids": [[2366.25, 800.0], [2365.75, 40.0], [2365.0, 1761.0], [2364.75, 5900.0], [2362.0, 6535.0], [2361.75, 21494.0], [2361.0, 9.0], [2360.25, 7782.0], [2359.25, 4961.0], [2358.75, 40000.0], [2356.25, 5103.0], [2356.0, 40000.0], [2353.75, 5947.0], [2350.75, 11.0], [2350.5, 15367.0], [2350.0, 40000.0], [2349.25, 30664.0], [2348.0, 29438.0], [2347.75, 36.0], [2347.0, 19032.0]], "asks": [[2367.25, 824.0], [2367.5, 2594.0], [2367.75, 6700.0], [2370.25, 2324.0], [2370.5, 7787.0], [2373.25, 6411.0], [2373.5, 21477.0], [2374.0, 400.0], [2374.5, 40000.0], [2375.25, 4882.0], [2376.0, 2.0], [2377.5, 14706.0], [2378.25, 29134.0], [2379.25, 40000.0], [2380.25, 30074.0], [2380.75, 29795.0], [2381.0, 9.0], [2381.75, 40000.0], [2383.0, 29577.0], [2387.5, 19707.0]]}}}
{"jsonrpc": "2.0", "method": "subscription", "params": {"channel": "book.ETH-6FEB26.none.20.100ms", "data": {"timestamp": 1769891724209, "change_id": 106914587116, "instrument_name": "ETH-6FEB26", "bids": [[2364.25, 800.0], [2364.0, 800.0], [2363.75, 800.0], [2363.25, 1843.0], [2363.0, 6040.0], [2359.5, 6416.0], [2359.25, 23771.0], [2359.0, 7625.0], [2358.25, 9.0], [2357.75, 400.0], [2357.0, 10098.0], [2356.75, 500.0], [2356.25, 40000.0], [2354.25, 2.0], [2354.0, 5947.0], [2353.75, 20584.0], [2353.5, 40000.0], [2351.25, 39452.0], [2350.0, 19048.0], [2349.75, 40000.0]], "asks": [[2364.75, 1070.0], [2365.0, 1039.0], [2365.25, 2636.0], [2365.5, 6840.0], [2369.0, 2273.0], [2369.25, 7615.0], [2371.5, 400.0], [2372.5, 20300.0], [2372.75, 21434.0], [2373.75, 40000.0], [2375.5, 39922.0], [2376.0, 2.0], [2377.0, 40000.0], [2377.75, 19776.0], [2379.25, 60634.0], [2379.5, 40000.0], [2381.0, 58202.0], [2381.25, 40361.0], [2387.25, 41050.0], [2388.25, 36.0]]}}}
{"jsonrpc": "2.0", "method": "subscription", "params": {"channel": "book.ETH-13FEB26.none.20.100ms", "data": {"timestamp": 1769891724532, "change_id": 106914587958, "instrument_name": "ETH-13FEB26", "bids": [[2365.75, 665.0], [2365.0, 1761.0], [2364.75, 5900.0], [2362.25, 2210.0], [2362.0, 13939.0], [2361.75, 21494.0], [2361.0, 9.0], [2360.25, 400.0], [2359.0, 4961.0], [2358.75, 40000.0], [2356.0, 40000.0], [2354.5, 5103.0], [2353.75, 5947.0], [2350.75, 11.0], [2350.5, 15367.0], [2350.0, 40000.0], [2349.25, 30664.0], [2348.0, 29438.0], [2347.75, 36.0], [2347.0, 19032.0]], "asks": [[2367.0, 3116.0], [2367.25, 6700.0], [2367.5, 239.0], [2367.75, 800.0], [2370.25, 2324.0], [2370.5, 7787.0], [2373.25, 6411.0], [2373.5, 21477.0], [2374.0, 400.0], [2374.5, 40000.0], [2375.25, 4882.0], [2376.0, 2.0], [2377.5, 14706.0], [2378.25, 29134.0], [2379.25, 40000.0], [2380.25, 30074.0], [2380.75, 29795.0], [2381.0, 9.0], [2381.75, 40000.0], [2383.0, 29577.0]]}}}
{"jsonrpc": "2.0", "method": "subscription", "params": {"channel": "book.ETH-6FEB26.none.20.100ms", "data": {"timestamp": 1769891724581, "change_id": 106914587961, "instrument_name": "ETH-6FEB26", "bids": [[2363.75, 1425.0], [2363.25, 1843.0], [2363.0, 6040.0], [2360.75, 2212.0], [2360.5, 7410.0], [2359.5, 6416.0], [2359.25, 21495.0], [2358.25, 9.0], [2357.75, 400.0], [2357.0, 10098.0], [2356.75, 500.0], [2356.25, 40000.0], [2354.25, 2.0], [2354.0, 5947.0], [2353.75, 2.0], [2353.5, 60582.0], [2351.25, 39452.0], [2350.0, 19048.0], [2349.75, 40000.0], [2349.5, 20352.0]], "asks": [[2364.5, 824.0], [2364.75, 1671.0], [2365.0, 800.0], [2365.25, 2011.0], [2365.5, 6840.0], [2369.0, 2273.0], [2369.25, 7615.0], [2371.5, 400.0], [2372.0, 40000.0], [2372.5, 20300.0], [2372.75, 21434.0], [2375.5, 39922.0], [2376.0, 2.0], [2377.0, 40000.0], [2377.75, 19776.0], [2379.25, 60634.0], [2379.5, 40000.0], [2381.0, 58202.0], [2381.25, 40361.0], [2387.25, 41050.0]]}}}
{"jsonrpc": "2.0", "method": "subscription", "params": {"channel": "book.ETH-13FEB26.none.20.100ms", "data": {"timestamp": 1769891724930, "change_id": 106914588936, "instrument_name": "ETH-13FEB26", "bids": [[2366.0, 1225.0], [2365.75, 1465.0], [2365.0, 1761.0], [2364.75, 5900.0], [2362.0, 6535.0], [2361.75, 21494.0], [2361.0, 9.0], [2360.25, 2646.0], [2360.0, 7524.0], [2358.75, 40000.0], [2356.0, 40000.0], [2353.75, 5947.0], [2350.75, 11.0], [2350.5, 15367.0], [2350.0, 40000.0], [2349.25, 30664.0], [2348.0, 29438.0], [2347.75, 36.0], [2347.0, 19032.0], [2346.75, 29810.0]], "asks": [[2367.0, 800.0], [2367.25, 800.0], [2367.5, 1785.0], [2367.75, 5900.0], [2372.75, 2244.0], [2373.0, 7517.0], [2373.25, 6411.0], [2373.5, 21477.0], [2374.0, 400.0], [2374.5, 40000.0], [2375.25, 4882.0], [2376.0, 2.0], [2377.5, 14706.0], [2378.25, 29134.0], [2379.25, 40000.0], [2380.25, 30074.0], [2380.75, 29795.0], [2381.0, 9.0], [2381.75, 40000.0], [2383.0, 29577.0]]}}}
{"jsonrpc": "2.0", "method": "subscription", "params": {"channel": "book.ETH-6FEB26.none.20.100ms", "data": {"timestamp": 1769891724952, "change_id": 106914588939, "instrument_name": "ETH-6FEB26", "bids": [[2363.75, 1425.0], [2363.25, 1843.0], [2363.0, 6040.0], [2359.5, 6416.0], [2359.25, 21495.0], [2358.75, 2196.0], [2358.5, 7357.0], [2358.25, 9.0], [2357.75, 400.0], [2357.0, 10098.0], [2356.75, 500.0], [2356.25, 40000.0], [2354.25, 2.0], [2354.0, 5947.0], [2353.75, 20584.0], [2353.5, 40000.0], [2351.25, 39452.0], [2350.0, 19048.0], [2349.75, 40000.0], [2349.5, 20352.0]], "asks": [[2364.75, 1046.0], [2365.0, 824.0], [2365.25, 2011.0], [2365.5, 6840.0], [2371.5, 8125.0], [2372.0, 40000.0], [2372.5, 20300.0], [2372.75, 21434.0], [2375.5, 39922.0], [2376.0, 2.0], [2377.0, 40000.0], [2377.75, 19776.0], [2379.25, 60634.0], [2379.5, 40000.0], [2381.0, 58202.0], [2381.25, 40361.0], [2387.25, 41050.0], [2388.25, 36.0], [2394.0, 41044.0], [2406.25, 39720.0]]}}}
{"jsonrpc": "2.0", "method": "subscription", "params": {"channel": "book.ETH-13FEB26.none.20.100ms", "data": {"timestamp": 1769891725194, "change_id": 106914590251, "instrument_name": "ETH-13FEB26", "bids": [[2365.75, 1425.0], [2365.25, 40.0], [2364.5, 1761.0], [2364.25, 5900.0], [2362.0, 6535.0], [2361.75, 23679.0], [2361.5, 7319.0], [2361.0, 9.0], [2360.25, 400.0], [2358.75, 40000.0], [2356.25, 4961.0], [2354.0, 5103.0], [2353.75, 5947.0], [2353.5, 40000.0], [2350.75, 11.0], [2350.5, 15367.0], [2350.0, 40000.0], [2349.25, 30664.0], [2348.0, 29438.0], [2347.75, 36.0]], "asks": [[2366.75, 1070.0], [2367.0, 2768.0], [2367.25, 6700.0], [2369.25, 2284.0], [2369.5, 7651.0], [2373.25, 6411.0], [2373.5, 21477.0], [2374.0, 400.0], [2374.5, 40000.0], [2375.25, 4882.0], [2376.0, 2.0], [2377.5, 14706.0], [2378.25, 29134.0], [2379.25, 40000.0], [2380.25, 30074.0], [2380.75, 29795.0], [2381.0, 9.0], [2381.75, 40000.0], [2383.0, 29577.0], [2387.5, 19707.0]]}}}
{"jsonrpc": "2.0", "method": "subscription", "params": {"channel": "book.ETH-6FEB26.none.20.100ms", "data": {"timestamp": 1769891725279, "change_id": 106914590218, "instrument_name": "ETH-6FEB26", "bids": [[2363.75, 800.0], [2363.5, 800.0], [2362.75, 1843.0], [2362.5, 6040.0], [2360.25, 2179.0], [2360.0, 7299.0], [2359.5, 6416.0], [2359.25, 21495.0], [2358.25, 9.0], [2357.75, 400.0], [2356.75, 500.0], [2356.5, 10098.0], [2356.25, 40000.0], [2354.25, 2.0], [2354.0, 5947.0], [2353.75, 2.0], [2353.5, 40000.0], [2351.25, 39452.0], [2350.0, 19048.0], [2349.75, 40000.0]], "asks": [[2364.25, 1063.0], [2364.5, 800.0], [2364.75, 2011.0], [2365.0, 7079.0], [2365.25, 800.0], [2368.25, 7239.0], [2371.5, 400.0], [2372.0, 40000.0], [2372.5, 20300.0], [2372.75, 21434.0], [2375.5, 39922.0], [2376.0, 2.0], [2377.0, 40000.0], [2377.75, 19776.0], [2379.25, 60634.0], [2379.5, 40000.0], [2381.0, 58202.0], [2381.25, 40361.0], [2387.25, 41050.0], [2388.25, 36.0]]}}}
{"jsonrpc": "2.0", "method": "subscription", "params": {"channel": "book.ETH-13FEB26.none.20.100ms", "data": {"timestamp": 1769891725513, "change_id": 106914591327, "instrument_name": "ETH-13FEB26", "bids": [[2365.75, 1425.0], [2365.5, 40.0], [2364.5, 1761.0], [2364.25, 5900.0], [2362.0, 6535.0], [2361.75, 23679.0], [2361.5, 7319.0], [2361.0, 9.0], [2360.25, 400.0], [2358.75, 40000.0], [2356.25, 4961.0], [2354.0, 5103.0], [2353.75, 5947.0], [2353.5, 40000.0], [2350.75, 11.0], [2350.5, 15367.0], [2350.0, 40000.0], [2349.25, 30664.0], [2348.0, 29438.0], [2347.75, 36.0]], "asks": [[2366.75, 824.0], [2367.0, 2768.0], [2367.25, 6700.0], [2369.25, 2284.0], [2369.5, 7651.0], [2373.25, 6411.0], [2373.5, 21477.0], [2374.0, 400.0], [2374.5, 40000.0], [2375.25, 4882.0], [2376.0, 2.0], [2377.5, 14706.0], [2378.25, 29134.0], [2379.25, 40000.0], [2380.25, 30074.0], [2380.75, 29795.0], [2381.0, 9.0], [2381.75, 40000.0], [2383.0, 29577.0], [2387.5, 19707.0]]}}}
{"jsonrpc": "2.0", "method": "subscription", "params": {"channel": "book.ETH-6FEB26.none.20.100ms", "data": {"timestamp": 1769891725497, "change_id": 106914591290, "instrument_name": "ETH-6FEB26", "bids": [[2363.5, 800.0], [2363.0, 40.0], [2362.75, 1803.0], [2362.5, 6040.0], [2360.25, 2179.0], [2360.0, 7299.0], [2359.5, 6416.0], [2359.25, 21495.0], [2358.25, 9.0], [2357.75, 400.0], [2356.75, 500.0], [2356.5, 10098.0], [2356.25, 40000.0], [2354.25, 2.0], [2354.0, 5947.0], [2353.75, 2.0], [2353.5, 40000.0], [2351.25, 39452.0], [2350.0, 19048.0], [2349.75, 40000.0]], "asks": [[2364.25, 24.0], [2364.5, 800.0], [2364.75, 2011.0], [2365.0, 7079.0], [2365.25, 800.0], [2368.25, 7239.0], [2371.5, 400.0], [2372.0, 40000.0], [2372.5, 20300.0], [2372.75, 21434.0], [2375.5, 39922.0], [2376.0, 2.0], [2377.0, 40000.0], [2377.75, 19776.0], [2379.25, 60634.0], [2379.5, 40000.0], [2381.0, 58202.0], [2381.25, 40361.0], [2387.25, 41050.0], [2388.25, 36.0]]}}}
{"jsonrpc": "2.0", "method": "subscription", "params": {"channel": "book.ETH-13FEB26.none.20.100ms", "data": {"timestamp": 1769891725839, "change_id": 106914592265, "instrument_name": "ETH-13FEB26", "bids": [[2365.75, 1425.0], [2365.5, 40.0], [2364.5, 1761.0], [2364.25, 5900.0], [2362.0, 6535.0], [2361.75, 23679.0], [2361.5, 7319.0], [2361.0, 9.0], [2360.25, 400.0], [2358.75, 40000.0], [2356.25, 4961.0], [2354.0, 5103.0], [2353.75, 5947.0], [2353.5, 40000.0], [2350.75, 11.0], [2350.5, 15367.0], [2350.0, 40000.0], [2349.25, 30664.0], [2348.0, 29438.0], [2347.75, 36.0]], "asks": [[2366.75, 824.0], [2367.0, 2768.0], [2367.25, 5900.0], [2368.75, 239.0], [2369.0, 800.0], [2369.25, 2284.0], [2369.5, 7651.0], [2373.25, 6411.0], [2373.5, 21477.0], [2374.0, 400.0], [2374.5, 40000.0], [2375.25, 4882.0], [2376.0, 2.0], [2377.5, 14706.0], [2378.25, 29134.0], [2379.25, 40000.0], [2380.25, 30074.0], [2380.75, 29795.0], [2381.0, 9.0], [2381.75, 40000.0]]}}}
{"jsonrpc": "2.0", "method": "subscription", "params": {"channel": "book.ETH-6FEB26.none.20.100ms", "data": {"timestamp": 1769891725794, "change_id": 106914591942, "instrument_name": "ETH-6FEB26", "bids": [[2363.5, 800.0], [2363.25, 625.0], [2363.0, 40.0], [2362.75, 1803.0], [2362.5, 6040.0], [2360.25, 2179.0], [2360.0, 7299.0], [2359.5, 6416.0], [2359.25, 21495.0], [2358.25, 9.0], [2357.75, 400.0], [2356.75, 500.0], [2356.5, 10098.0], [2356.25, 40000.0], [2354.25, 2.0], [2354.0, 5947.0], [2353.75, 2.0], [2353.5, 40000.0], [2351.25, 39452.0], [2350.0, 19048.0]], "asks": [[2364.25, 24.0], [2364.5, 1425.0], [2364.75, 2011.0], [2365.0, 7079.0], [2365.25, 800.0], [2368.25, 7239.0], [2371.5, 400.0], [2372.0, 40000.0], [2372.5, 20300.0], [2372.75, 21434.0], [2375.5, 39922.0], [2376.0, 2.0], [2377.0, 40000.0], [2377.75, 19776.0], [2379.25, 60634.0], [2379.5, 40000.0], [2381.0, 58202.0], [2381.25, 40361.0], [2387.25, 41050.0], [2388.25, 36.0]]}}}
{"jsonrpc": "2.0", "method": "subscription", "params": {"channel": "book.ETH-13FEB26.none.20.100ms", "data": {"timestamp": 1769891726138, "change_id": 106914592845, "instrument_name": "ETH-13FEB26", "bids": [[2365.75, 800.0], [2365.5, 40.0], [2364.5, 1761.0], [2364.25, 5900.0], [2362.0, 6535.0], [2361.75, 23679.0], [2361.5, 7319.0], [2361.0, 9.0], [2360.25, 400.0], [2358.75, 40000.0], [2356.25, 4961.0], [2354.0, 5103.0], [2353.75, 5947.0], [2353.5, 40000.0], [2350.75, 11.0], [2350.5, 15367.0], [2350.0, 40000.0], [2349.25, 30664.0], [2348.0, 29438.0], [2347.75, 36.0]], "asks": [[2366.75, 1249.0], [2367.0, 3393.0], [2367.25, 5900.0], [2368.75, 239.0], [2369.0, 800.0], [2369.25, 2284.0], [2369.5, 7651.0], [2373.25, 6411.0], [2373.5, 21477.0], [2374.0, 400.0], [2374.5, 40000.0], [2375.25, 4882.0], [2376.0, 2.0], [2377.5, 14706.0], [2378.25, 29134.0], [2379.25, 40000.0], [2380.25, 30074.0], [2380.5, 36.0], [2380.75, 29795.0], [2381.0, 9.0]]}}}
{"jsonrpc": "2.0", "method": "subscription", "params": {"channel": "book.ETH-6FEB26.none.20.100ms", "data": {"timestamp": 1769891726138, "change_id": 106914592844, "instrument_name": "ETH-6FEB26", "bids": [[2363.75, 800.0], [2363.5, 800.0], [2362.75, 1843.0], [2362.5, 6040.0], [2360.25, 2179.0], [2360.0, 7299.0], [2359.5, 6416.0], [2359.25, 21495.0], [2358.25, 9.0], [2357.75, 400.0], [2356.75, 500.0], [2356.5, 10098.0], [2356.25, 40000.0], [2354.25, 2.0], [2354.0, 5947.0], [2353.75, 2.0], [2353.5, 40000.0], [2351.25, 39452.0], [2350.0, 19048.0], [2349.75, 40000.0]], "asks": [[2364.25, 1249.0], [2364.5, 1664.0], [2364.75, 2811.0], [2365.0, 7079.0], [2368.0, 2161.0], [2368.25, 7239.0], [2369.0, 42954.0], [2371.5, 400.0], [2372.0, 40000.0], [2372.5, 20300.0], [2375.5, 39922.0], [2376.0, 2.0], [2377.0, 40000.0], [2377.75, 19776.0], [2379.25, 60634.0], [2379.5, 40000.0], [2381.0, 58202.0], [2381.25, 40361.0], [2387.25, 41050.0], [2388.25, 36.0]]}}}
{"jsonrpc": "2.0", "method": "subscription", "params": {"channel": "book.ETH-13FEB26.none.20.100ms", "data": {"timestamp": 1769891726491, "change_id": 106914593527, "instrument_name": "ETH-13FEB26", "bids": [[2365.75, 800.0], [2365.5, 665.0], [2364.5, 1761.0], [2364.25, 5900.0], [2362.0, 6535.0], [2361.75, 23679.0], [2361.5, 7319.0], [2361.0, 9.0], [2360.25, 400.0], [2358.75, 40000.0], [2356.5, 4961.0], [2354.25, 5103.0], [2353.75, 5947.0], [2353.5, 40000.0], [2350.75, 11.0], [2350.5, 15367.0], [2350.0, 40000.0], [2349.25, 30664.0], [2348.0, 29438.0], [2347.75, 36.0]], "asks": [[2366.5, 800.0], [2366.75, 1063.0], [2367.0, 2768.0], [2367.25, 5900.0], [2368.75, 239.0], [2369.0, 800.0], [2369.25, 2284.0], [2369.5, 7651.0], [2373.25, 6411.0], [2373.5, 21477.0], [2374.0, 400.0], [2374.5, 40000.0], [2375.25, 4882.0], [2376.0, 2.0], [2377.5, 14706.0], [2378.25, 29134.0], [2379.25, 40000.0], [2380.25, 30074.0], [2380.5, 36.0], [2380.75, 29795.0]]}}}
{"jsonrpc": "2.0", "method": "subscription", "params": {"channel": "book.ETH-6FEB26.none.20.100ms", "data": {"timestamp": 1769891726536, "change_id": 106914593576, "instrument_name": "ETH-6FEB26", "bids": [[2363.75, 800.0], [2363.5, 800.0], [2363.25, 625.0], [2363.0, 40.0], [2362.75, 1803.0], [2362.5, 6040.0], [2360.25, 2179.0], [2360.0, 7299.0], [2359.5, 6416.0], [2359.25, 21495.0], [2358.25, 9.0], [2357.75, 400.0], [2356.75, 500.0], [2356.5, 10098.0], [2356.25, 40000.0], [2354.25, 2.0], [2354.0, 5947.0], [2353.75, 2.0], [2353.5, 40000.0], [2351.25, 39452.0]], "asks": [[2364.25, 824.0], [2364.5, 1039.0], [2364.75, 2811.0], [2365.0, 7079.0], [2368.0, 2161.0], [2368.25, 7239.0], [2369.0, 42954.0], [2371.5, 400.0], [2372.0, 40000.0], [2372.5, 20300.0], [2375.5, 39922.0], [2376.0, 2.0], [2377.0, 40000.0], [2377.75, 19776.0], [2379.25, 60634.0], [2379.5, 40000.0], [2381.0, 58202.0], [2381.25, 40361.0], [2387.25, 41050.0], [2388.25, 36.0]]}}}
{"jsonrpc": "2.0", "method": "subscription", "params": {"channel": "book.ETH-13FEB26.none.20.100ms", "data": {"timestamp": 1769891726771, "change_id": 106914594506, "instrument_name": "ETH-13FEB26", "bids": [[2365.75, 1425.0], [2365.5, 40.0], [2364.5, 1761.0], [2364.25, 5900.0], [2362.0, 6535.0], [2361.75, 23679.0], [2361.5, 7319.0], [2361.0, 9.0], [2360.25, 400.0], [2358.75, 40000.0], [2356.5, 4961.0], [2354.25, 5103.0], [2353.75, 5947.0], [2353.5, 40000.0], [2350.75, 11.0], [2350.5, 15367.0], [2350.0, 40000.0], [2349.25, 30664.0], [2348.0, 29438.0], [2347.75, 36.0]], "asks": [[2366.5, 800.0], [2366.75, 1063.0], [2367.0, 3393.0], [2367.25, 5900.0], [2368.25, 239.0], [2368.5, 800.0], [2368.75, 239.0], [2369.0, 800.0], [2369.25, 2284.0], [2369.5, 7651.0], [2373.25, 6411.0], [2373.5, 21477.0], [2374.0, 400.0], [2374.5, 40000.0], [2375.25, 4882.0], [2376.0, 2.0], [2377.5, 14706.0], [2378.25, 29134.0], [2379.25, 40000.0], [2380.25, 30074.0]]}}}
{"jsonrpc": "2.0", "method": "subscription", "params": {"channel": "book.ETH-6FEB26.none.20.100ms", "data": {"timestamp": 1769891726772, "change_id": 106914594255, "instrument_name": "ETH-6FEB26", "bids": [[2363.75, 800.0], [2363.5, 1425.0], [2363.0, 40.0], [2362.75, 1803.0], [2362.5, 6040.0], [2360.25, 2179.0], [2360.0, 7299.0], [2359.5, 6416.0], [2359.25, 21495.0], [2358.25, 9.0], [2357.75, 400.0], [2356.75, 500.0], [2356.5, 10098.0], [2356.25, 40000.0], [2354.25, 2.0], [2354.0, 5947.0], [2353.75, 2.0], [2353.5, 40000.0], [2351.25, 39452.0], [2350.0, 19048.0]], "asks": [[2364.25, 824.0], [2364.5, 1039.0], [2364.75, 3436.0], [2365.0, 7079.0], [2368.0, 2161.0], [2368.25, 7239.0], [2369.0, 42954.0], [2371.5, 400.0], [2372.0, 40000.0], [2372.5, 20300.0], [2375.5, 39922.0], [2376.0, 2.0], [2377.0, 40000.0], [2377.75, 19776.0], [2379.25, 60634.0], [2379.5, 40000.0], [2381.0, 58202.0], [2381.25, 40361.0], [2387.25, 41050.0], [2388.25, 36.0]]}}}
{"jsonrpc": "2.0", "method": "subscription", "params": {"channel": "book.ETH-13FEB26.none.20.100ms", "data": {"timestamp": 1769891727270, "change_id": 106914595434, "instrument_name": "ETH-13FEB26", "bids": [[2365.75, 800.0], [2365.5, 625.0], [2365.25, 40.0], [2364.5, 1761.0], [2364.25, 5900.0], [2362.0, 6535.0], [2361.75, 23679.0], [2361.5, 7319.0], [2361.0, 9.0], [2358.75, 40400.0], [2356.5, 4961.0], [2354.25, 5103.0], [2353.75, 5947.0], [2353.5, 40000.0], [2350.75, 11.0], [2350.5, 15367.0], [2350.0, 40000.0], [2349.25, 30664.0], [2348.0, 29438.0], [2347.75, 36.0]], "asks": [[2366.5, 1671.0], [2366.75, 1063.0], [2367.0, 2768.0], [2367.25, 5900.0], [2368.25, 239.0], [2368.5, 800.0], [2368.75, 239.0], [2369.0, 800.0], [2369.25, 2284.0], [2369.5, 7651.0], [2373.25, 6411.0], [2373.5, 21477.0], [2374.0, 400.0], [2374.5, 40000.0], [2375.25, 4882.0], [2376.0, 2.0], [2377.5, 14706.0], [2378.25, 29134.0], [2379.25, 40000.0], [2380.25, 30074.0]]}}}
{"jsonrpc": "2.0", "method": "subscription", "params": {"channel": "book.ETH-6FEB26.none.20.100ms", "data": {"timestamp": 1769891727232, "change_id": 106914595287, "instrument_name": "ETH-6FEB26", "bids": [[2363.25, 876.0], [2363.0, 800.0], [2362.75, 1843.0], [2362.5, 6040.0], [2360.25, 2179.0], [2360.0, 7299.0], [2359.5, 6416.0], [2359.25, 21495.0], [2358.25, 9.0], [2356.75, 500.0], [2356.5, 10098.0], [2356.25, 40400.0], [2354.25, 2.0], [2354.0, 5947.0], [2353.75, 2.0], [2353.5, 40000.0], [2351.25, 39452.0], [2350.0, 19048.0], [2349.75, 40000.0], [2349.5, 20352.0]], "asks": [[2364.25, 1688.0], [2364.5, 1039.0], [2364.75, 2811.0], [2365.0, 6040.0], [2368.0, 2161.0], [2368.25, 7239.0], [2369.0, 42954.0], [2371.5, 400.0], [2372.0, 40000.0], [2372.5, 20300.0], [2375.5, 39922.0], [2376.0, 2.0], [2377.0, 40000.0], [2377.75, 19776.0], [2379.25, 60634.0], [2379.5, 40000.0], [2381.0, 58202.0], [2381.25, 40361.0], [2387.25, 41050.0], [2388.25, 36.0]]}}}
{"jsonrpc": "2.0", "method": "subscription", "params": {"channel": "book.ETH-13FEB26.none.20.100ms", "data": {"timestamp": 1769891727504, "change_id": 106914596099, "instrument_name": "ETH-13FEB26", "bids": [[2365.75, 800.0], [2365.5, 665.0], [2364.5, 1761.0], [2364.25, 5900.0], [2362.0, 6535.0], [2361.75, 23679.0], [2361.5, 7319.0], [2361.0, 9.0], [2358.75, 40400.0], [2356.75, 4961.0], [2354.5, 5103.0], [2353.75, 5947.0], [2353.5, 40000.0], [2350.75, 11.0], [2350.5, 15367.0], [2350.0, 40000.0], [2349.25, 30664.0], [2348.0, 29438.0], [2347.75, 36.0], [2347.0, 19032.0]], "asks": [[2366.5, 800.0], [2366.75, 800.0], [2367.0, 2792.0], [2367.25, 5900.0], [2368.25, 239.0], [2368.5, 800.0], [2368.75, 239.0], [2369.0, 800.0], [2369.25, 2284.0], [2369.5, 7651.0], [2373.25, 6411.0], [2373.5, 21477.0], [2374.0, 400.0], [2374.5, 40000.0], [2375.25, 4882.0], [2376.0, 2.0], [2377.5, 14706.0], [2378.25, 29134.0], [2379.25, 40000.0], [2380.25, 30074.0]]}}}
{"jsonrpc": "2.0", "method": "subscription", "params": {"channel": "book.ETH-6FEB26.none.20.100ms", "data": {"timestamp": 1769891727465, "change_id": 106914596046, "instrument_name": "ETH-6FEB26", "bids": [[2363.25, 876.0], [2363.0, 840.0], [2362.75, 1803.0], [2362.5, 6040.0], [2360.25, 2179.0], [2360.0, 7299.0], [2359.5, 6416.0], [2359.25, 21495.0], [2358.25, 9.0], [2356.75, 500.0], [2356.25, 40400.0], [2354.5, 10098.0], [2354.25, 2.0], [2354.0, 5947.0], [2353.75, 2.0], [2353.5, 40000.0], [2353.0, 20582.0], [2351.25, 39452.0], [2350.0, 19048.0], [2349.75, 40000.0]], "asks": [[2364.5, 1063.0], [2364.75, 2811.0], [2365.0, 6040.0], [2368.0, 2161.0], [2368.25, 7239.0], [2369.0, 42954.0], [2371.5, 400.0], [2372.0, 40000.0], [2372.5, 20300.0], [2375.5, 39922.0], [2376.0, 2.0], [2377.0, 40000.0], [2377.75, 19776.0], [2379.25, 60634.0], [2379.5, 40000.0], [2381.0, 58202.0], [2381.25, 40361.0], [2387.25, 41050.0], [2388.25, 36.0], [2394.0, 41044.0]]}}}
{"jsonrpc": "2.0", "method": "subscription", "params": {"channel": "book.ETH-13FEB26.none.20.100ms", "data": {"timestamp": 1769891727892, "change_id": 106914597012, "instrument_name": "ETH-13FEB26", "bids": [[2365.0, 40.0], [2364.5, 1761.0], [2364.25, 5900.0], [2362.0, 6535.0], [2361.75, 23679.0], [2361.5, 7319.0], [2361.0, 9.0], [2359.0, 4961.0], [2358.75, 40400.0], [2354.75, 2.0], [2353.75, 5947.0], [2353.5, 40000.0], [2350.75, 11.0], [2350.5, 15367.0], [2350.0, 40000.0], [2349.25, 30664.0], [2348.0, 29438.0], [2347.75, 36.0], [2347.0, 19032.0], [2346.75, 29810.0]], "asks": [[2366.5, 1070.0], [2366.75, 1233.0], [2367.0, 3393.0], [2367.25, 5900.0], [2367.75, 239.0], [2368.0, 800.0], [2368.25, 239.0], [2368.5, 800.0], [2368.75, 239.0], [2369.0, 800.0], [2369.25, 2284.0], [2369.5, 7651.0], [2373.25, 6411.0], [2373.5, 21477.0], [2374.0, 400.0], [2374.5, 40000.0], [2375.25, 4882.0], [2376.0, 2.0], [2377.5, 14706.0], [2378.25, 29134.0]]}}}
{"jsonrpc": "2.0", "method": "subscription", "params": {"channel": "book.ETH-6FEB26.none.20.100ms", "data": {"timestamp": 1769891727904, "change_id": 106914597010, "instrument_name": "ETH-6FEB26", "bids": [[2363.75, 800.0], [2363.25, 251.0], [2363.0, 800.0], [2362.75, 1803.0], [2362.5, 6080.0], [2360.25, 2179.0], [2360.0, 7299.0], [2359.5, 6416.0], [2359.25, 21495.0], [2358.5, 10098.0], [2358.25, 9.0], [2356.75, 500.0], [2356.25, 40400.0], [2355.0, 20582.0], [2354.25, 2.0], [2354.0, 5947.0], [2353.75, 2.0], [2353.5, 40000.0], [2351.25, 39452.0], [2350.0, 19048.0]], "asks": [[2364.0, 824.0], [2364.25, 1046.0], [2364.5, 1039.0], [2364.75, 3436.0], [2365.0, 6040.0], [2368.0, 2161.0], [2368.25, 7239.0], [2369.0, 42954.0], [2371.5, 400.0], [2372.0, 40000.0], [2372.5, 20300.0], [2375.5, 39922.0], [2375.75, 40352.0], [2376.0, 2.0], [2377.0, 40000.0], [2377.75, 19776.0], [2379.25, 60634.0], [2379.5, 40000.0], [2381.0, 58202.0], [2381.25, 9.0]]}}}
{"jsonrpc": "2.0", "method": "subscription", "params": {"channel": "book.ETH-13FEB26.none.20.100ms", "data": {"timestamp": 1769891728262, "change_id": 106914597992, "instrument_name": "ETH-13FEB26", "bids": [[2365.5, 1051.0], [2365.25, 840.0], [2365.0, 5446.0], [2364.5, 1761.0], [2364.25, 5900.0], [2361.75, 2185.0], [2361.5, 7319.0], [2361.0, 9.0], [2359.5, 4961.0], [2358.75, 40400.0], [2358.0, 5103.0], [2357.75, 19093.0], [2354.75, 2.0], [2353.75, 5947.0], [2353.5, 40000.0], [2350.75, 11.0], [2350.5, 15367.0], [2350.0, 40000.0], [2349.25, 30664.0], [2348.0, 29438.0]], "asks": [[2366.5, 1361.0], [2366.75, 6700.0], [2367.0, 625.0], [2367.75, 239.0], [2368.0, 800.0], [2368.25, 239.0], [2368.5, 800.0], [2368.75, 239.0], [2369.0, 800.0], [2369.25, 2284.0], [2369.5, 7651.0], [2373.25, 6411.0], [2373.5, 21477.0], [2374.0, 400.0], [2374.5, 40000.0], [2375.25, 4882.0], [2376.0, 2.0], [2377.5, 14706.0], [2378.25, 29134.0], [2379.25, 40000.0]]}}}
{"jsonrpc": "2.0", "method": "subscription", "params": {"channel": "book.ETH-6FEB26.none.20.100ms", "data": {"timestamp": 1769891728138, "change_id": 106914597743, "instrument_name": "ETH-6FEB26", "bids": [[2363.25, 1051.0], [2363.0, 1039.0], [2362.75, 2643.0], [2362.5, 6040.0], [2360.25, 2179.0], [2360.0, 7299.0], [2358.25, 9.0], [2357.25, 3014.0], [2357.0, 10098.0], [2356.75, 500.0], [2356.25, 40400.0], [2355.25, 19093.0], [2354.25, 2.0], [2354.0, 5947.0], [2353.75, 2.0], [2353.5, 40000.0], [2351.25, 39452.0], [2350.0, 19048.0], [2349.75, 40000.0], [2349.5, 20352.0]], "asks": [[2364.25, 1070.0], [2364.5, 1039.0], [2364.75, 3436.0], [2365.0, 6040.0], [2368.0, 2161.0], [2368.25, 7239.0], [2369.0, 21477.0], [2371.5, 400.0], [2372.0, 40000.0], [2372.5, 20300.0], [2375.5, 39922.0], [2375.75, 40352.0], [2376.0, 2.0], [2377.0, 40000.0], [2377.75, 19776.0], [2379.25, 60634.0], [2379.5, 40000.0], [2381.0, 58202.0], [2381.25, 9.0], [2387.25, 41050.0]]}}}
{"jsonrpc": "2.0", "method": "subscription", "params": {"channel": "book.ETH-13FEB26.none.20.100ms", "data": {"timestamp": 1769891728426, "change_id": 106914598406, "instrument_name": "ETH-13FEB26", "bids": [[2365.5, 1676.0], [2365.25, 840.0], [2364.5, 1761.0], [2364.25, 5900.0], [2361.75, 2185.0], [2361.5, 7319.0], [2361.0, 9.0], [2359.5, 4961.0], [2358.75, 40400.0], [2358.0, 5103.0], [2357.75, 19093.0], [2354.75, 2.0], [2353.75, 5947.0], [2353.5, 40000.0], [2350.75, 11.0], [2350.5, 15367.0], [2350.0, 40000.0], [2349.25, 30664.0], [2348.0, 29438.0], [2347.75, 36.0]], "asks": [[2366.5, 1986.0], [2366.75, 6700.0], [2367.75, 239.0], [2368.0, 800.0], [2368.25, 239.0], [2368.5, 800.0], [2368.75, 239.0], [2369.0, 800.0], [2369.25, 2284.0], [2369.5, 7651.0], [2373.25, 6411.0], [2373.5, 21477.0], [2374.0, 400.0], [2374.5, 40000.0], [2375.25, 4882.0], [2376.0, 2.0], [2377.5, 14706.0], [2378.25, 29134.0], [2379.25, 40000.0], [2380.25, 30074.0]]}}}
{"jsonrpc": "2.0", "method": "subscription", "params": {"channel": "book.ETH-6FEB26.none.20.100ms", "data": {"timestamp": 1769891728542, "change_id": 106914598517, "instrument_name": "ETH-6FEB26", "bids": [[2363.25, 1676.0], [2363.0, 1039.0], [2362.75, 2643.0], [2362.5, 6040.0], [2360.25, 2179.0], [2360.0, 7299.0], [2358.25, 9.0], [2357.25, 3014.0], [2357.0, 10098.0], [2356.75, 500.0], [2356.25, 40400.0], [2355.25, 19093.0], [2354.25, 2.0], [2354.0, 5947.0], [2353.75, 2.0], [2353.5, 40000.0], [2351.25, 39452.0], [2350.0, 19048.0], [2349.75, 40000.0], [2349.5, 20352.0]], "asks": [[2364.0, 824.0], [2364.25, 1671.0], [2364.5, 1039.0], [2364.75, 2811.0], [2365.0, 6040.0], [2368.0, 2161.0], [2368.25, 7239.0], [2369.0, 21477.0], [2371.5, 400.0], [2372.0, 40000.0], [2372.5, 20300.0], [2375.5, 39922.0], [2375.75, 40352.0], [2376.0, 2.0], [2377.0, 40000.0], [2377.75, 19776.0], [2379.25, 60634.0], [2379.5, 40000.0], [2381.0, 58202.0], [2381.25, 9.0]]}}}
{"jsonrpc": "2.0", "method": "subscription", "params": {"channel": "book.ETH-13FEB26.none.20.100ms", "data": {"timestamp": 1769891728898, "change_id": 106914599955, "instrument_name": "ETH-13FEB26", "bids": [[2365.0, 1676.0], [2364.75, 840.0], [2364.5, 239.0], [2364.25, 800.0], [2364.0, 1761.0], [2363.75, 5900.0], [2361.0, 9.0], [2359.75, 2218.0], [2359.5, 7430.0], [2359.25, 1481.0], [2359.0, 17020.0], [2358.75, 40400.0], [2357.75, 19093.0], [2355.0, 5103.0], [2354.75, 2.0], [2353.75, 5947.0], [2353.5, 40000.0], [2350.75, 11.0], [2350.5, 15367.0], [2350.0, 40000.0]], "asks": [[2366.0, 1671.0], [2366.25, 1063.0], [2366.5, 2137.0], [2366.75, 5900.0], [2367.75, 239.0], [2368.0, 800.0], [2368.25, 239.0], [2368.5, 800.0], [2368.75, 239.0], [2369.0, 800.0], [2369.25, 2284.0], [2369.5, 7651.0], [2372.5, 400.0], [2373.5, 21477.0], [2374.5, 40000.0], [2375.25, 4882.0], [2376.0, 2.0], [2377.5, 14706.0], [2378.25, 29134.0], [2379.25, 40000.0]]}}}
{"jsonrpc": "2.0", "method": "subscription", "params": {"channel": "book.ETH-6FEB26.none.20.100ms", "data": {"timestamp": 1769891728873, "change_id": 106914599894, "instrument_name": "ETH-6FEB26", "bids": [[2363.0, 1039.0], [2362.75, 1425.0], [2362.25, 1843.0], [2362.0, 6040.0], [2358.25, 2220.0], [2358.0, 7407.0], [2357.25, 3014.0], [2357.0, 10098.0], [2356.75, 500.0], [2356.25, 40400.0], [2355.25, 19093.0], [2354.25, 2.0], [2354.0, 26529.0], [2353.75, 2.0], [2351.25, 39452.0], [2350.0, 19048.0], [2349.75, 40000.0], [2349.5, 20352.0], [2348.75, 99056.0], [2348.0, 11.0]], "asks": [[2363.75, 1695.0], [2364.0, 1039.0], [2364.25, 2810.0], [2364.5, 7079.0], [2364.75, 800.0], [2368.0, 2161.0], [2368.25, 7239.0], [2369.0, 21477.0], [2371.5, 400.0], [2372.0, 40000.0], [2372.5, 20300.0], [2375.5, 39922.0], [2375.75, 40352.0], [2376.0, 2.0], [2377.0, 40000.0], [2377.75, 19776.0], [2379.25, 60634.0], [2379.5, 40000.0], [2381.0, 58202.0], [2381.25, 9.0]]}}}
{"jsonrpc": "2.0", "method": "subscription", "params": {"channel": "book.ETH-13FEB26.none.20.100ms", "data": {"timestamp": 1769891729214, "change_id": 106914601642, "instrument_name": "ETH-13FEB26", "bids": [[2364.75, 800.0], [2364.5, 239.0], [2364.25, 840.0], [2363.5, 1761.0], [2363.25, 5900.0], [2361.0, 9.0], [2359.5, 2154.0], [2359.25, 7216.0], [2359.0, 12059.0], [2358.75, 40400.0], [2358.0, 4961.0], [2357.75, 19093.0], [2355.0, 5103.0], [2354.75, 2.0], [2353.75, 5947.0], [2353.5, 40000.0], [2350.75, 11.0], [2350.5, 15367.0], [2350.0, 40000.0], [2349.25, 30664.0]], "asks": [[2365.75, 1257.0], [2366.0, 3147.0], [2366.25, 6939.0], [2367.75, 239.0], [2368.0, 2928.0], [2368.25, 7367.0], [2368.5, 800.0], [2368.75, 239.0], [2369.0, 800.0], [2370.5, 21477.0], [2372.5, 400.0], [2374.5, 40000.0], [2375.25, 4882.0], [2376.0, 2.0], [2377.5, 14706.0], [2378.25, 29134.0], [2379.25, 40000.0], [2380.25, 30074.0], [2380.5, 36.0], [2380.75, 29795.0]]}}}
{"jsonrpc": "2.0", "method": "subscription", "params": {"channel": "book.ETH-6FEB26.none.20.100ms", "data": {"timestamp": 1769891729245, "change_id": 106914601639, "instrument_name": "ETH-6FEB26", "bids": [[2362.5, 800.0], [2361.75, 1843.0], [2361.5, 6040.0], [2358.25, 9.0], [2358.0, 2158.0], [2357.75, 7229.0], [2356.75, 500.0], [2356.25, 40400.0], [2355.5, 10098.0], [2355.25, 19093.0], [2354.25, 2.0], [2354.0, 5947.0], [2353.75, 2.0], [2351.5, 20582.0], [2351.25, 39452.0], [2350.0, 19048.0], [2349.75, 40000.0], [2349.5, 20352.0], [2348.75, 99056.0], [2348.0, 11.0]], "asks": [[2363.25, 824.0], [2363.5, 1664.0], [2363.75, 2810.0], [2364.0, 7079.0], [2364.25, 800.0], [2366.75, 2234.0], [2367.0, 7484.0], [2369.0, 21477.0], [2370.0, 400.0], [2372.0, 40000.0], [2372.5, 20300.0], [2375.5, 39922.0], [2375.75, 40352.0], [2376.0, 2.0], [2377.0, 40000.0], [2377.75, 19776.0], [2379.25, 60634.0], [2379.5, 40000.0], [2381.0, 58202.0], [2381.25, 9.0]]}}}
{"jsonrpc": "2.0", "method": "subscription", "params": {"channel": "book.ETH-13FEB26.none.20.100ms", "data": {"timestamp": 1769891729459, "change_id": 106914602717, "instrument_name": "ETH-13FEB26", "bids": [[2365.5, 1039.0], [2365.25, 1039.0], [2365.0, 840.0], [2364.25, 1761.0], [2364.0, 5900.0], [2362.0, 2234.0], [2361.75, 7485.0], [2361.0, 9.0], [2359.0, 12059.0], [2358.75, 40400.0], [2358.0, 4961.0], [2357.75, 19093.0], [2355.0, 5103.0], [2354.75, 2.0], [2353.75, 5947.0], [2353.5, 40000.0], [2350.75, 11.0], [2350.5, 15367.0], [2350.0, 40000.0], [2349.25, 30664.0]], "asks": [[2366.5, 2109.0], [2366.75, 5900.0], [2367.75, 239.0], [2368.0, 800.0], [2368.25, 239.0], [2368.5, 800.0], [2370.25, 6411.0], [2370.5, 21477.0], [2371.5, 2173.0], [2371.75, 7281.0], [2372.5, 400.0], [2372.75, 40000.0], [2375.25, 4882.0], [2376.0, 2.0], [2377.5, 14706.0], [2378.25, 29134.0], [2379.25, 40000.0], [2380.25, 30074.0], [2380.5, 36.0], [2380.75, 29795.0]]}}}
{"jsonrpc": "2.0", "method": "subscription", "params": {"channel": "book.ETH-6FEB26.none.20.100ms", "data": {"timestamp": 1769891729580, "change_id": 106914602714, "instrument_name": "ETH-6FEB26", "bids": [[2363.25, 1039.0], [2363.0, 1039.0], [2362.75, 840.0], [2362.5, 1803.0], [2362.25, 6040.0], [2360.5, 2168.0], [2360.25, 7262.0], [2358.25, 9.0], [2356.75, 10598.0], [2356.25, 40400.0], [2355.25, 19093.0], [2354.25, 2.0], [2354.0, 5947.0], [2353.75, 20584.0], [2351.25, 39452.0], [2350.0, 19048.0], [2349.75, 40000.0], [2349.5, 20352.0], [2348.75, 99056.0], [2348.0, 11.0]], "asks": [[2364.0, 24.0], [2364.25, 800.0], [2364.5, 1803.0], [2364.75, 6040.0], [2368.75, 6411.0], [2369.0, 21477.0], [2370.0, 2652.0], [2370.25, 7544.0], [2372.0, 40000.0], [2372.5, 20300.0], [2375.5, 39922.0], [2375.75, 40352.0], [2376.0, 2.0], [2377.0, 40000.0], [2377.75, 19776.0], [2379.25, 60634.0], [2379.5, 40000.0], [2381.0, 58202.0], [2381.25, 9.0], [2387.25, 41050.0]]}}}
{"jsonrpc": "2.0", "method": "subscription", "params": {"channel": "book.ETH-13FEB26.none.20.100ms", "data": {"timestamp": 1769891729896, "change_id": 106914603653, "instrument_name": "ETH-13FEB26", "bids": [[2365.5, 1664.0], [2365.25, 840.0], [2364.25, 1761.0], [2364.0, 5900.0], [2362.0, 2234.0], [2361.75, 7485.0], [2361.0, 9.0], [2359.0, 12059.0], [2358.75, 40400.0], [2358.25, 4961.0], [2357.75, 19093.0], [2355.25, 5103.0], [2354.75, 2.0], [2353.75, 5947.0], [2353.5, 40000.0], [2350.75, 11.0], [2350.5, 15367.0], [2350.0, 40000.0], [2349.25, 30664.0], [2348.0, 29438.0]], "asks": [[2366.5, 1639.0], [2366.75, 6525.0], [2367.25, 239.0], [2367.5, 800.0], [2367.75, 239.0], [2368.0, 800.0], [2369.5, 2213.0], [2369.75, 7414.0], [2370.25, 6411.0], [2370.5, 21477.0], [2372.5, 400.0], [2372.75, 40000.0], [2375.25, 4882.0], [2376.0, 2.0], [2377.5, 14706.0], [2378.25, 29134.0], [2379.25, 40000.0], [2380.25, 30074.0], [2380.5, 36.0], [2380.75, 29795.0]]}}}
{"jsonrpc": "2.0", "method": "subscription", "params": {"channel": "book.ETH-6FEB26.none.20.100ms", "data": {"timestamp": 1769891729734, "change_id": 106914603068, "instrument_name": "ETH-6FEB26", "bids": [[2363.5, 1225.0], [2363.25, 1664.0], [2363.0, 1039.0], [2362.75, 840.0], [2362.5, 4005.0], [2362.25, 14190.0], [2360.5, 2168.0], [2360.25, 7262.0], [2358.25, 9.0], [2356.75, 500.0], [2356.5, 10098.0], [2356.25, 40400.0], [2355.25, 19093.0], [2354.25, 2.0], [2354.0, 5947.0], [2353.75, 20584.0], [2351.25, 39452.0], [2350.0, 19048.0], [2349.75, 40000.0], [2349.5, 20352.0]], "asks": [[2364.0, 24.0], [2364.5, 2428.0], [2364.75, 6040.0], [2368.25, 2221.0], [2368.5, 7439.0], [2368.75, 6411.0], [2369.0, 21477.0], [2370.0, 400.0], [2372.0, 40000.0], [2372.5, 20300.0], [2375.5, 39922.0], [2375.75, 40352.0], [2376.0, 2.0], [2377.0, 40000.0], [2377.75, 19776.0], [2379.25, 60634.0], [2379.5, 40000.0], [2381.0, 58202.0], [2381.25, 9.0], [2387.25, 41050.0]]}}}
{"jsonrpc": "2.0", "method": "subscription", "params": {"channel": "book.ETH-13FEB26.none.20.100ms", "data": {"timestamp": 1769891730210, "change_id": 106914604514, "instrument_name": "ETH-13FEB26", "bids": [[2365.5, 1425.0], [2365.25, 800.0], [2364.75, 40.0], [2364.25, 1761.0], [2364.0, 5900.0], [2361.0, 9.0], [2360.0, 2200.0], [2359.75, 7369.0], [2359.0, 12059.0], [2358.75, 40400.0], [2358.25, 4961.0], [2357.75, 19093.0], [2355.25, 5103.0], [2354.75, 2.0], [2353.75, 5947.0], [2353.5, 40000.0], [2350.75, 11.0], [2350.5, 15367.0], [2350.0, 40000.0], [2349.25, 30664.0]], "asks": [[2366.25, 1046.0], [2366.5, 2161.0], [2366.75, 5900.0], [2367.25, 239.0], [2367.5, 800.0], [2367.75, 239.0], [2368.0, 800.0], [2369.5, 2213.0], [2369.75, 7414.0], [2370.25, 6411.0], [2370.5, 21477.0], [2372.5, 400.0], [2374.5, 40000.0], [2375.25, 4882.0], [2376.0, 2.0], [2377.5, 14706.0], [2378.25, 29134.0], [2379.25, 40000.0], [2380.25, 30074.0], [2380.5, 36.0]]}}}
{"jsonrpc": "2.0", "method": "subscription", "params": {"channel": "book.ETH-6FEB26.none.20.100ms", "data": {"timestamp": 1769891730220, "change_id": 106914604511, "instrument_name": "ETH-6FEB26", "bids": [[2363.5, 800.0], [2363.25, 1664.0], [2363.0, 1039.0], [2362.75, 840.0], [2362.5, 1803.0], [2362.25, 6040.0], [2358.5, 2226.0], [2358.25, 7456.0], [2356.75, 500.0], [2356.5, 10098.0], [2356.25, 40400.0], [2355.25, 19093.0], [2354.25, 2.0], [2354.0, 5947.0], [2353.75, 20584.0], [2351.25, 39452.0], [2350.0, 19048.0], [2349.75, 40000.0], [2349.5, 20352.0], [2348.75, 99056.0]], "asks": [[2364.0, 1063.0], [2364.25, 1039.0], [2364.5, 2603.0], [2364.75, 6040.0], [2368.25, 2221.0], [2368.5, 7439.0], [2368.75, 6411.0], [2369.0, 21477.0], [2370.0, 400.0], [2372.0, 40000.0], [2372.5, 20300.0], [2375.5, 39922.0], [2375.75, 40352.0], [2376.0, 2.0], [2377.0, 40000.0], [2377.75, 19776.0], [2379.25, 60634.0], [2379.5, 40000.0], [2381.0, 58202.0], [2381.25, 9.0]]}}}
{"jsonrpc": "2.0", "method": "subscription", "params": {"channel": "book.ETH-13FEB26.none.20.100ms", "data": {"timestamp": 1769891730432, "change_id": 106914605074, "instrument_name": "ETH-13FEB26", "bids": [[2365.5, 1664.0], [2365.25, 800.0], [2365.0, 40.0], [2364.25, 1761.0], [2364.0, 5900.0], [2361.75, 2136.0], [2361.5, 7156.0], [2361.0, 9.0], [2359.0, 12059.0], [2358.75, 40400.0], [2358.25, 4961.0], [2357.75, 19093.0], [2355.25, 5103.0], [2354.75, 2.0], [2353.75, 5947.0], [2353.5, 40000.0], [2350.75, 11.0], [2350.5, 15367.0], [2350.0, 40000.0], [2349.25, 30664.0]], "asks": [[2366.25, 824.0], [2366.5, 2682.0], [2366.75, 5900.0], [2367.25, 239.0], [2367.5, 800.0], [2367.75, 239.0], [2368.0, 800.0], [2369.5, 2213.0], [2369.75, 7414.0], [2370.25, 6411.0], [2370.5, 21477.0], [2372.5, 400.0], [2374.5, 40000.0], [2375.25, 4882.0], [2376.0, 2.0], [2377.5, 14706.0], [2378.25, 29134.0], [2379.25, 40000.0], [2380.25, 30074.0], [2380.5, 36.0]]}}}
{"jsonrpc": "2.0", "method": "subscription", "params": {"channel": "book.ETH-6FEB26.none.20.100ms", "data": {"timestamp": 1769891730519, "change_id": 106914605071, "instrument_name": "ETH-6FEB26", "bids": [[2363.5, 800.0], [2363.25, 1664.0], [2363.0, 1039.0], [2362.75, 800.0], [2362.5, 1843.0], [2362.25, 6040.0], [2360.5, 2231.0], [2360.25, 7473.0], [2358.25, 9.0], [2356.75, 500.0], [2356.5, 10098.0], [2356.25, 40400.0], [2355.25, 19093.0], [2354.25, 2.0], [2354.0, 5947.0], [2353.75, 20584.0], [2351.25, 39452.0], [2350.0, 19048.0], [2349.75, 40000.0], [2349.5, 20352.0]], "asks": [[2364.0, 1249.0], [2364.25, 1664.0], [2364.5, 2603.0], [2364.75, 6040.0], [2368.25, 2221.0], [2368.5, 7439.0], [2368.75, 6411.0], [2369.0, 21477.0], [2370.0, 400.0], [2372.0, 40000.0], [2372.5, 20300.0], [2375.5, 39922.0], [2375.75, 40352.0], [2376.0, 2.0], [2377.0, 40000.0], [2377.75, 19776.0], [2379.25, 60634.0], [2379.5, 40000.0], [2381.0, 58202.0], [2381.25, 9.0]]}}}
{"jsonrpc": "2.0", "method": "subscription", "params": {"channel": "book.ETH-13FEB26.none.20.100ms", "data": {"timestamp": 1769891730897, "change_id": 106914605926, "instrument_name": "ETH-13FEB26", "bids": [[2365.75, 1657.0], [2365.5, 800.0], [2365.25, 40.0], [2364.75, 239.0], [2364.5, 800.0], [2364.25, 1761.0], [2364.0, 5900.0], [2361.75, 2136.0], [2361.5, 7156.0], [2361.0, 9.0], [2359.0, 12059.0], [2358.75, 40400.0], [2358.25, 4961.0], [2357.75, 19093.0], [2355.25, 5103.0], [2354.75, 2.0], [2353.75, 5947.0], [2353.5, 40000.0], [2350.75, 11.0], [2350.5, 15367.0]], "asks": [[2366.5, 1425.0], [2366.75, 5924.0], [2367.25, 239.0], [2367.5, 800.0], [2369.5, 2213.0], [2369.75, 7414.0], [2370.25, 6411.0], [2370.5, 21477.0], [2372.5, 400.0], [2374.5, 40000.0], [2375.25, 4882.0], [2376.0, 2.0], [2377.5, 14706.0], [2378.25, 29134.0], [2379.25, 40000.0], [2380.25, 30074.0], [2380.5, 36.0], [2380.75, 29795.0], [2381.0, 9.0], [2381.75, 40000.0]]}}}
{"jsonrpc": "2.0", "method": "subscription", "params": {"channel": "book.ETH-6FEB26.none.20.100ms", "data": {"timestamp": 1769891730899, "change_id": 106914605928, "instrument_name": "ETH-6FEB26", "bids": [[2363.5, 1664.0], [2363.25, 1039.0], [2363.0, 1039.0], [2362.75, 840.0], [2362.5, 1803.0], [2362.25, 6040.0], [2360.5, 2231.0], [2360.25, 7473.0], [2358.25, 9.0], [2356.75, 500.0], [2356.5, 10098.0], [2356.25, 40400.0], [2355.25, 19093.0], [2354.25, 2.0], [2354.0, 5947.0], [2353.75, 20584.0], [2351.25, 39452.0], [2350.0, 19048.0], [2349.75, 40000.0], [2349.5, 20352.0]], "asks": [[2364.25, 888.0], [2364.5, 2603.0], [2364.75, 6040.0], [2368.25, 2221.0], [2368.5, 7439.0], [2368.75, 6411.0], [2369.0, 21477.0], [2370.0, 400.0], [2372.0, 40000.0], [2372.5, 20300.0], [2375.5, 39922.0], [2375.75, 40352.0], [2376.0, 2.0], [2377.0, 40000.0], [2377.75, 19776.0], [2379.25, 60634.0], [2379.5, 40000.0], [2381.0, 58202.0], [2381.25, 9.0], [2387.25, 41050.0]]}}}
{"jsonrpc": "2.0", "method": "subscription", "params": {"channel": "book.ETH-13FEB26.none.20.100ms", "data": {"timestamp": 1769891731172, "change_id": 106914606419, "instrument_name": "ETH-13FEB26", "bids": [[2365.75, 1657.0], [2365.5, 800.0], [2365.25, 40.0], [2364.75, 239.0], [2364.5, 800.0], [2364.25, 1761.0], [2364.0, 5900.0], [2361.75, 2136.0], [2361.5, 7156.0], [2361.0, 9.0], [2359.0, 12059.0], [2358.75, 40400.0], [2358.25, 4961.0], [2357.75, 19093.0], [2355.25, 5103.0], [2354.75, 2.0], [2353.75, 5947.0], [2353.5, 40000.0], [2350.75, 11.0], [2350.5, 15367.0]], "asks": [[2366.5, 800.0], [2366.75, 6549.0], [2367.25, 239.0], [2367.5, 800.0], [2369.5, 2213.0], [2369.75, 7414.0], [2370.25, 6411.0], [2370.5, 21477.0], [2372.5, 400.0], [2374.5, 40000.0], [2375.25, 4882.0], [2376.0, 2.0], [2377.5, 14706.0], [2378.25, 29134.0], [2379.25, 40000.0], [2380.25, 30074.0], [2380.5, 36.0], [2380.75, 29795.0], [2381.0, 9.0], [2381.75, 40000.0]]}}}
{"jsonrpc": "2.0", "method": "subscription", "params": {"channel": "book.ETH-6FEB26.none.20.100ms", "data": {"timestamp": 1769891731172, "change_id": 106914606420, "instrument_name": "ETH-6FEB26", "bids": [[2363.5, 1664.0], [2363.25, 1039.0], [2363.0, 1079.0], [2362.75, 1039.0], [2362.5, 2603.0], [2362.25, 6040.0], [2360.5, 2231.0], [2360.25, 7473.0], [2358.25, 9.0], [2356.75, 500.0], [2356.5, 10098.0], [2356.25, 40400.0], [2355.25, 19093.0], [2354.25, 2.0], [2354.0, 5947.0], [2353.75, 20584.0], [2351.25, 39452.0], [2350.0, 19048.0], [2349.75, 40000.0], [2349.5, 20352.0]], "asks": [[2364.25, 824.0], [2364.5, 3228.0], [2364.75, 6040.0], [2368.25, 2221.0], [2368.5, 7439.0], [2368.75, 6411.0], [2369.0, 21477.0], [2370.0, 400.0], [2372.0, 40000.0], [2372.5, 20300.0], [2375.5, 39922.0], [2375.75, 40352.0], [2376.0, 2.0], [2377.0, 40000.0], [2377.75, 19776.0], [2379.25, 60634.0], [2379.5, 40000.0], [2381.0, 58202.0], [2381.25, 9.0], [2387.25, 41050.0]]}}}
{"jsonrpc": "2.0", "method": "subscription", "params": {"channel": "book.ETH-13FEB26.none.20.100ms", "data": {"timestamp": 1769891731528, "change_id": 106914607112, "instrument_name": "ETH-13FEB26", "bids": [[2365.75, 1225.0], [2365.5, 1465.0], [2364.75, 239.0], [2364.5, 800.0], [2364.25, 1761.0], [2364.0, 5900.0], [2361.75, 2136.0], [2361.5, 7156.0], [2361.0, 9.0], [2359.0, 12059.0], [2358.75, 40400.0], [2358.25, 4961.0], [2357.75, 19093.0], [2355.25, 5103.0], [2354.75, 2.0], [2353.75, 5947.0], [2353.5, 40000.0], [2350.75, 11.0], [2350.5, 15367.0], [2350.0, 40000.0]], "asks": [[2366.5, 625.0], [2366.75, 5900.0], [2367.0, 24.0], [2367.25, 239.0], [2367.5, 800.0], [2369.5, 2213.0], [2369.75, 7414.0], [2370.25, 6411.0], [2370.5, 21477.0], [2372.5, 400.0], [2374.5, 40000.0], [2375.25, 4882.0], [2376.0, 2.0], [2377.5, 14706.0], [2378.25, 29134.0], [2379.25, 40000.0], [2380.25, 30074.0], [2380.5, 36.0], [2380.75, 29795.0], [2381.0, 9.0]]}}}
{"jsonrpc": "2.0", "method": "subscription", "params": {"channel": "book.ETH-6FEB26.none.20.100ms", "data": {"timestamp": 1769891731502, "change_id": 106914607098, "instrument_name": "ETH-6FEB26", "bids": [[2363.75, 1039.0], [2363.5, 1225.0], [2363.25, 1664.0], [2363.0, 1079.0], [2362.75, 1039.0], [2362.5, 2603.0], [2362.25, 6040.0], [2360.5, 2231.0], [2360.25, 7473.0], [2358.25, 9.0], [2356.75, 500.0], [2356.5, 10098.0], [2356.25, 40400.0], [2355.25, 19093.0], [2354.25, 2.0], [2354.0, 5947.0], [2353.75, 20584.0], [2351.25, 39452.0], [2350.0, 19048.0], [2349.75, 40000.0]], "asks": [[2364.25, 649.0], [2364.5, 2603.0], [2364.75, 6040.0], [2368.25, 2221.0], [2368.5, 7439.0], [2368.75, 6411.0], [2369.0, 21477.0], [2370.0, 400.0], [2372.0, 40000.0], [2372.5, 20300.0], [2375.5, 39922.0], [2375.75, 40352.0], [2376.0, 2.0], [2377.0, 40000.0], [2377.75, 19776.0], [2379.25, 60634.0], [2379.5, 40000.0], [2381.0, 58202.0], [2381.25, 9.0], [2387.25, 41050.0]]}}}
{"jsonrpc": "2.0", "method": "subscription", "params": {"channel": "book.ETH-13FEB26.none.20.100ms", "data": {"timestamp": 1769891731830, "change_id": 106914607506, "instrument_name": "ETH-13FEB26", "bids": [[2365.75, 1425.0], [2365.5, 40.0], [2364.75, 239.0], [2364.5, 1039.0], [2364.25, 2561.0], [2364.0, 5900.0], [2361.75, 2136.0], [2361.5, 7156.0], [2361.0, 9.0], [2359.0, 12059.0], [2358.75, 40400.0], [2358.25, 4961.0], [2357.75, 19093.0], [2355.25, 5103.0], [2354.75, 2.0], [2353.75, 5947.0], [2353.5, 40000.0], [2350.75, 11.0], [2350.5, 15367.0], [2350.0, 40000.0]], "asks": [[2366.5, 1425.0], [2366.75, 6163.0], [2367.0, 800.0], [2369.5, 2213.0], [2369.75, 7414.0], [2370.25, 6411.0], [2370.5, 21477.0], [2372.5, 400.0], [2374.5, 40000.0], [2375.25, 4882.0], [2376.0, 2.0], [2377.5, 14706.0], [2378.25, 29134.0], [2379.25, 40000.0], [2380.25, 30074.0], [2380.5, 36.0], [2380.75, 29795.0], [2381.0, 9.0], [2381.75, 40000.0], [2383.0, 29577.0]]}}}
{"jsonrpc": "2.0", "method": "subscription", "params": {"channel": "book.ETH-6FEB26.none.20.100ms", "data": {"timestamp": 1769891731627, "change_id": 106914607230, "instrument_name": "ETH-6FEB26", "bids": [[2363.75, 1039.0], [2363.5, 1664.0], [2363.25, 1039.0], [2363.0, 1079.0], [2362.75, 1039.0], [2362.5, 2603.0], [2362.25, 6040.0], [2360.5, 2231.0], [2360.25, 7473.0], [2358.25, 9.0], [2356.75, 500.0], [2356.5, 10098.0], [2356.25, 40400.0], [2355.25, 19093.0], [2354.25, 2.0], [2354.0, 5947.0], [2353.75, 20584.0], [2351.25, 39452.0], [2350.0, 19048.0], [2349.75, 40000.0]], "asks": [[2364.25, 649.0], [2364.5, 2603.0], [2364.75, 6040.0], [2368.25, 2221.0], [2368.5, 7439.0], [2368.75, 6411.0], [2369.0, 21477.0], [2370.0, 400.0], [2372.0, 40000.0], [2372.5, 20300.0], [2375.5, 39922.0], [2375.75, 40352.0], [2376.0, 2.0], [2377.0, 40000.0], [2377.75, 19776.0], [2379.25, 60634.0], [2379.5, 40000.0], [2381.0, 58202.0], [2381.25, 9.0], [2387.25, 41050.0]]}}}
{"jsonrpc": "2.0", "method": "subscription", "params": {"channel": "book.ETH-13FEB26.none.20.100ms", "data": {"timestamp": 1769891732226, "change_id": 106914608499, "instrument_name": "ETH-13FEB26", "bids": [[2365.75, 1425.0], [2365.0, 40.0], [2364.75, 239.0], [2364.5, 2769.0], [2364.25, 6700.0], [2361.75, 2136.0], [2361.5, 7156.0], [2361.0, 9.0], [2359.0, 4961.0], [2358.75, 40400.0], [2357.75, 19093.0], [2355.75, 5103.0], [2354.75, 2.0], [2353.75, 5947.0], [2353.5, 40000.0], [2350.75, 11.0], [2350.5, 15367.0], [2350.0, 40000.0], [2349.25, 30664.0], [2348.0, 29438.0]], "asks": [[2366.5, 824.0], [2366.75, 239.0], [2367.0, 2590.0], [2367.25, 6525.0], [2370.25, 6411.0], [2370.5, 21477.0], [2372.5, 7733.0], [2374.5, 40000.0], [2375.25, 4882.0], [2376.0, 2.0], [2377.5, 14706.0], [2378.25, 29134.0], [2379.25, 40000.0], [2380.25, 30074.0], [2380.5, 36.0], [2380.75, 29795.0], [2381.0, 9.0], [2381.75, 40000.0], [2383.0, 29577.0], [2387.5, 19707.0]]}}}
{"jsonrpc": "2.0", "method": "subscription", "params": {"channel": "book.ETH-6FEB26.none.20.100ms", "data": {"timestamp": 1769891732218, "change_id": 106914608494, "instrument_name": "ETH-6FEB26", "bids": [[2363.5, 1425.0], [2363.25, 1039.0], [2363.0, 2811.0], [2362.75, 7119.0], [2362.5, 800.0], [2360.5, 2231.0], [2360.25, 7473.0], [2358.25, 9.0], [2357.0, 10098.0], [2356.75, 1689.0], [2356.25, 40400.0], [2355.25, 19093.0], [2354.25, 2.0], [2354.0, 25340.0], [2353.75, 2.0], [2351.25, 39452.0], [2350.0, 19048.0], [2349.75, 40000.0], [2349.5, 20352.0], [2348.75, 99056.0]], "asks": [[2364.25, 1063.0], [2364.5, 800.0], [2364.75, 625.0], [2365.0, 1803.0], [2365.25, 6040.0], [2368.75, 6411.0], [2369.0, 21477.0], [2370.0, 400.0], [2371.0, 7423.0], [2372.0, 40000.0], [2372.5, 20300.0], [2375.5, 39922.0], [2375.75, 40352.0], [2376.0, 2.0], [2377.0, 40000.0], [2377.75, 19776.0], [2379.25, 60634.0], [2379.5, 40000.0], [2381.0, 58202.0], [2381.25, 9.0]]}}}
{"jsonrpc": "2.0", "method": "subscription", "params": {"channel": "book.ETH-13FEB26.none.20.100ms", "data": {"timestamp": 1769891732517, "change_id": 106914609180, "instrument_name": "ETH-13FEB26", "bids": [[2365.25, 1039.0], [2365.0, 800.0], [2364.75, 40.0], [2364.0, 1761.0], [2363.75, 5900.0], [2361.75, 2136.0], [2361.5, 7156.0], [2361.0, 9.0], [2359.0, 12059.0], [2358.75, 40400.0], [2358.0, 4961.0], [2357.75, 19093.0], [2355.0, 5103.0], [2354.75, 2.0], [2353.75, 5947.0], [2353.5, 40000.0], [2350.75, 11.0], [2350.5, 15367.0], [2350.0, 40000.0], [2349.25, 30664.0]], "asks": [[2366.25, 1070.0], [2366.5, 2544.0], [2366.75, 6139.0], [2367.0, 800.0], [2367.25, 625.0], [2368.75, 2169.0], [2369.0, 7265.0], [2370.25, 6411.0], [2370.5, 21477.0], [2372.5, 400.0], [2374.5, 40000.0], [2375.25, 4882.0], [2376.0, 2.0], [2377.5, 14706.0], [2378.25, 29134.0], [2379.25, 40000.0], [2380.25, 30074.0], [2380.5, 36.0], [2380.75, 29795.0], [2381.0, 9.0]]}}}
{"jsonrpc": "2.0", "method": "subscription", "params": {"channel": "book.ETH-6FEB26.none.20.100ms", "data": {"timestamp": 1769891732559, "change_id": 106914609261, "instrument_name": "ETH-6FEB26", "bids": [[2363.25, 800.0], [2363.0, 1039.0], [2362.75, 1039.0], [2362.5, 800.0], [2362.25, 40.0], [2362.0, 1803.0], [2361.75, 6040.0], [2360.5, 2231.0], [2360.25, 7473.0], [2358.25, 9.0], [2356.75, 1689.0], [2356.5, 10098.0], [2356.25, 40400.0], [2355.25, 19093.0], [2354.25, 2.0], [2354.0, 4758.0], [2353.75, 2.0], [2351.5, 20582.0], [2351.25, 39452.0], [2350.0, 19048.0]], "asks": [[2363.75, 824.0], [2364.0, 1046.0], [2364.25, 1039.0], [2364.5, 2790.0], [2364.75, 6665.0], [2367.5, 2124.0], [2367.75, 7116.0], [2368.75, 6411.0], [2369.0, 21477.0], [2370.0, 400.0], [2372.0, 40000.0], [2372.5, 20300.0], [2375.5, 39922.0], [2375.75, 40352.0], [2376.0, 2.0], [2377.0, 40000.0], [2377.75, 19776.0], [2379.25, 60634.0], [2379.5, 40000.0], [2381.0, 58202.0]]}}}
{"jsonrpc": "2.0", "method": "subscription", "params": {"channel": "book.ETH-13FEB26.none.20.100ms", "data": {"timestamp": 1769891732888, "change_id": 106914610556, "instrument_name": "ETH-13FEB26", "bids": [[2365.75, 840.0], [2365.5, 239.0], [2365.25, 1021.0], [2365.0, 1425.0], [2364.75, 1761.0], [2364.5, 5900.0], [2361.75, 2136.0], [2361.5, 7156.0], [2361.0, 9.0], [2359.0, 12059.0], [2358.75, 40400.0], [2357.75, 19093.0], [2354.75, 2.0], [2353.75, 5947.0], [2353.5, 40000.0], [2350.75, 11.0], [2350.5, 15367.0], [2350.0, 40000.0], [2349.25, 30664.0], [2348.0, 29438.0]], "asks": [[2367.5, 1761.0], [2367.75, 5900.0], [2369.5, 270.0], [2369.75, 800.0], [2370.25, 6411.0], [2370.5, 21477.0], [2371.75, 2142.0], [2372.0, 7175.0], [2372.5, 400.0], [2374.25, 11940.0], [2374.5, 40000.0], [2375.25, 4882.0], [2376.0, 2.0], [2379.25, 40000.0], [2380.25, 30074.0], [2380.5, 36.0], [2380.75, 29795.0], [2381.0, 9.0], [2381.75, 54706.0], [2382.5, 29134.0]]}}}
{"jsonrpc": "2.0", "method": "subscription", "params": {"channel": "book.ETH-6FEB26.none.20.100ms", "data": {"timestamp": 1769891732881, "change_id": 106914610523, "instrument_name": "ETH-6FEB26", "bids": [[2364.0, 1039.0], [2363.75, 2500.0], [2363.5, 6036.0], [2363.25, 2851.0], [2363.0, 7079.0], [2362.75, 1664.0], [2362.5, 800.0], [2360.5, 2231.0], [2360.25, 7473.0], [2358.25, 9.0], [2357.0, 10098.0], [2356.75, 1689.0], [2356.25, 40400.0], [2355.25, 19093.0], [2354.25, 2.0], [2354.0, 4758.0], [2353.75, 2.0], [2351.25, 39452.0], [2350.0, 19048.0], [2349.75, 40000.0]], "asks": [[2365.5, 1803.0], [2365.75, 6040.0], [2366.5, 239.0], [2366.75, 1039.0], [2367.0, 824.0], [2368.75, 6411.0], [2369.0, 21477.0], [2370.0, 400.0], [2370.5, 2144.0], [2370.75, 7184.0], [2371.75, 11940.0], [2372.0, 40000.0], [2372.5, 20300.0], [2376.0, 2.0], [2377.0, 40000.0], [2377.75, 19776.0], [2379.25, 60634.0], [2379.5, 40000.0], [2380.25, 39922.0], [2381.0, 58202.0]]}}}
{"jsonrpc": "2.0", "method": "subscription", "params": {"channel": "book.ETH-13FEB26.none.20.100ms", "data": {"timestamp": 1769891733215, "change_id": 106914612450, "instrument_name": "ETH-13FEB26", "bids": [[2365.75, 2407.0], [2365.5, 8440.0], [2365.25, 1021.0], [2365.0, 1425.0], [2364.75, 1761.0], [2364.5, 5900.0], [2361.0, 9.0], [2360.5, 7132.0], [2358.75, 40400.0], [2357.75, 19093.0], [2354.75, 2.0], [2353.75, 5947.0], [2353.5, 40000.0], [2350.75, 11.0], [2350.5, 15367.0], [2350.0, 40000.0], [2349.25, 30664.0], [2348.0, 29438.0], [2347.75, 36.0], [2347.0, 19032.0]], "asks": [[2367.0, 1992.0], [2367.25, 6700.0], [2370.25, 6411.0], [2370.5, 21477.0], [2371.75, 2142.0], [2372.0, 7175.0], [2374.0, 400.0], [2374.5, 40000.0], [2375.25, 4882.0], [2376.0, 2.0], [2379.25, 40000.0], [2380.25, 30074.0], [2380.5, 36.0], [2380.75, 29795.0], [2381.0, 9.0], [2381.75, 54706.0], [2382.5, 29134.0], [2383.0, 29577.0], [2387.5, 19707.0], [2393.75, 20028.0]]}}}
{"jsonrpc": "2.0", "method": "subscription", "params": {"channel": "book.ETH-6FEB26.none.20.100ms", "data": {"timestamp": 1769891733210, "change_id": 106914612439, "instrument_name": "ETH-6FEB26", "bids": [[2364.0, 800.0], [2363.75, 3442.0], [2363.5, 9193.0], [2363.25, 1079.0], [2363.0, 1039.0], [2362.75, 2428.0], [2362.5, 6040.0], [2359.25, 7431.0], [2358.25, 9.0], [2356.75, 1689.0], [2356.25, 40400.0], [2355.25, 19093.0], [2354.25, 20584.0], [2354.0, 4758.0], [2353.75, 2.0], [2352.25, 40000.0], [2351.25, 39452.0], [2350.0, 19048.0], [2349.75, 40000.0], [2349.5, 20352.0]], "asks": [[2364.5, 24.0], [2365.0, 1803.0], [2365.25, 6040.0], [2366.5, 239.0], [2366.75, 1039.0], [2367.0, 800.0], [2368.75, 6411.0], [2369.0, 21477.0], [2370.5, 2144.0], [2370.75, 7184.0], [2371.5, 400.0], [2372.0, 40000.0], [2372.5, 20300.0], [2376.0, 2.0], [2377.0, 40000.0], [2377.75, 19776.0], [2379.25, 60634.0], [2379.5, 40000.0], [2380.25, 39922.0], [2381.0, 58202.0]]}}}
{"jsonrpc": "2.0", "method": "subscription", "params": {"channel": "book.ETH-13FEB26.none.20.100ms", "data": {"timestamp": 1769891733520, "change_id": 106914613500, "instrument_name": "ETH-13FEB26", "bids": [[2366.0, 1039.0], [2365.75, 840.0], [2365.5, 239.0], [2365.25, 1021.0], [2365.0, 625.0], [2364.75, 1761.0], [2364.5, 5900.0], [2362.5, 7393.0], [2361.0, 9.0], [2358.75, 40400.0], [2357.75, 19093.0], [2354.75, 2.0], [2353.75, 5947.0], [2353.5, 40000.0], [2350.75, 11.0], [2350.5, 15367.0], [2350.0, 40000.0], [2349.25, 30664.0], [2348.0, 29438.0], [2347.75, 36.0]], "asks": [[2367.0, 24.0], [2367.25, 6700.0], [2370.0, 2222.0], [2370.25, 13856.0], [2370.5, 21477.0], [2374.0, 400.0], [2374.5, 40000.0], [2375.25, 4882.0], [2376.0, 2.0], [2379.25, 40000.0], [2380.25, 30074.0], [2380.5, 36.0], [2380.75, 29795.0], [2381.0, 9.0], [2381.75, 54706.0], [2382.5, 29134.0], [2383.0, 29577.0], [2387.5, 19707.0], [2393.75, 20028.0], [2408.25, 19404.0]]}}}
{"jsonrpc": "2.0", "method": "subscription", "params": {"channel": "book.ETH-6FEB26.none.20.100ms", "data": {"timestamp": 1769891733532, "change_id": 106914613539, "instrument_name": "ETH-6FEB26", "bids": [[2364.0, 1039.0], [2363.75, 1039.0], [2363.5, 1039.0], [2363.25, 1079.0], [2363.0, 1039.0], [2362.75, 2428.0], [2362.5, 6040.0], [2361.25, 2191.0], [2361.0, 7341.0], [2358.25, 9.0], [2357.0, 10098.0], [2356.75, 1689.0], [2356.25, 40400.0], [2355.25, 19093.0], [2354.25, 20584.0], [2354.0, 4758.0], [2353.75, 2.0], [2352.25, 40000.0], [2351.25, 39452.0], [2350.0, 19048.0]], "asks": [[2364.5, 24.0], [2365.0, 1803.0], [2365.25, 6040.0], [2366.5, 239.0], [2366.75, 1039.0], [2367.0, 800.0], [2368.5, 2146.0], [2368.75, 13599.0], [2369.0, 21477.0], [2371.5, 400.0], [2372.0, 40000.0], [2372.5, 20300.0], [2376.0, 2.0], [2377.0, 40000.0], [2377.75, 19776.0], [2379.25, 60634.0], [2379.5, 40000.0], [2380.25, 39922.0], [2381.0, 58202.0], [2381.25, 40361.0]]}}}
{"jsonrpc": "2.0", "method": "subscription", "params": {"channel": "book.ETH-13FEB26.none.20.100ms", "data": {"timestamp": 1769891733805, "change_id": 106914614682, "instrument_name": "ETH-13FEB26", "bids": [[2365.75, 800.0], [2365.25, 1465.0], [2364.0, 1761.0], [2363.75, 5900.0], [2362.75, 2207.0], [2362.5, 7393.0], [2361.0, 9.0], [2359.0, 4961.0], [2358.75, 40400.0], [2357.75, 19093.0], [2355.25, 5103.0], [2354.75, 2.0], [2353.75, 5947.0], [2353.5, 40000.0], [2350.75, 11.0], [2350.5, 15367.0], [2350.0, 40000.0], [2349.25, 30664.0], [2348.0, 29438.0], [2347.75, 36.0]], "asks": [[2366.5, 2594.0], [2366.75, 5900.0], [2368.75, 2217.0], [2369.0, 7428.0], [2370.25, 6411.0], [2370.5, 21477.0], [2374.0, 400.0], [2374.5, 40000.0], [2375.25, 4882.0], [2376.0, 2.0], [2379.25, 40000.0], [2380.25, 30074.0], [2380.5, 36.0], [2380.75, 29795.0], [2381.0, 9.0], [2381.75, 54706.0], [2382.5, 29134.0], [2383.0, 29577.0], [2387.5, 19707.0], [2393.75, 20028.0]]}}}
{"jsonrpc": "2.0", "method": "subscription", "params": {"channel": "book.ETH-6FEB26.none.20.100ms", "data": {"timestamp": 1769891733876, "change_id": 106914614694, "instrument_name": "ETH-6FEB26", "bids": [[2363.5, 800.0], [2363.25, 1039.0], [2363.0, 1425.0], [2362.75, 40.0], [2362.25, 1803.0], [2362.0, 6040.0], [2361.25, 2191.0], [2361.0, 7341.0], [2358.25, 9.0], [2357.0, 10098.0], [2356.75, 1689.0], [2356.25, 40400.0], [2355.25, 19093.0], [2354.25, 2.0], [2354.0, 4758.0], [2353.75, 20584.0], [2352.25, 40000.0], [2351.25, 39452.0], [2350.0, 19048.0], [2349.75, 40000.0]], "asks": [[2364.0, 1449.0], [2364.25, 800.0], [2364.5, 1803.0], [2364.75, 6040.0], [2367.25, 2231.0], [2367.5, 7475.0], [2368.75, 6411.0], [2369.0, 21477.0], [2371.5, 400.0], [2372.0, 40000.0], [2372.5, 20300.0], [2376.0, 2.0], [2377.0, 40000.0], [2377.75, 19776.0], [2379.25, 60634.0], [2379.5, 40000.0], [2380.25, 39922.0], [2381.0, 58202.0], [2381.25, 40361.0], [2387.25, 41050.0]]}}}
{"jsonrpc": "2.0", "method": "subscription", "params": {"channel": "book.ETH-13FEB26.none.20.100ms", "data": {"timestamp": 1769891733972, "change_id": 106914614826, "instrument_name": "ETH-13FEB26", "bids": [[2365.75, 800.0], [2365.25, 1465.0], [2364.0, 1761.0], [2363.75, 5900.0], [2362.75, 2207.0], [2362.5, 7393.0], [2361.0, 9.0], [2359.0, 4961.0], [2358.75, 40400.0], [2357.75, 19093.0], [2355.25, 5103.0], [2354.75, 2.0], [2353.75, 5947.0], [2353.5, 40000.0], [2350.75, 11.0], [2350.5, 15367.0], [2350.0, 40000.0], [2349.25, 30664.0], [2348.0, 29438.0], [2347.75, 36.0]], "asks": [[2366.25, 1425.0], [2366.5, 2594.0], [2366.75, 5900.0], [2368.75, 2217.0], [2369.0, 7428.0], [2370.25, 6411.0], [2370.5, 21477.0], [2374.0, 400.0], [2374.5, 40000.0], [2375.25, 4882.0], [2376.0, 2.0], [2379.25, 40000.0], [2380.25, 30074.0], [2380.5, 36.0], [2380.75, 29795.0], [2381.0, 9.0], [2381.75, 54706.0], [2382.5, 29134.0], [2383.0, 29577.0], [2387.5, 19707.0]]}}}
{"jsonrpc": "2.0", "method": "subscription", "params": {"channel": "book.ETH-6FEB26.none.20.100ms", "data": {"timestamp": 1769891734048, "change_id": 106914615008, "instrument_name": "ETH-6FEB26", "bids": [[2363.5, 800.0], [2363.25, 1039.0], [2363.0, 1425.0], [2362.75, 279.0], [2362.5, 800.0], [2362.25, 1803.0], [2362.0, 6040.0], [2361.25, 2191.0], [2361.0, 7341.0], [2358.25, 9.0], [2357.0, 10098.0], [2356.75, 1689.0], [2356.25, 40400.0], [2355.25, 19093.0], [2354.25, 2.0], [2354.0, 4758.0], [2353.75, 20584.0], [2352.25, 40000.0], [2351.25, 39452.0], [2350.0, 19048.0]], "asks": [[2364.0, 1449.0], [2364.25, 1039.0], [2364.5, 2603.0], [2364.75, 6040.0], [2367.25, 2231.0], [2367.5, 7475.0], [2368.75, 6411.0], [2369.0, 21477.0], [2371.5, 400.0], [2372.0, 40000.0], [2372.5, 20300.0], [2376.0, 2.0], [2377.0, 40000.0], [2377.75, 19776.0], [2379.25, 60634.0], [2379.5, 40000.0], [2380.25, 39922.0], [2381.0, 58202.0], [2381.25, 40361.0], [2387.25, 41050.0]]}}}
{"jsonrpc": "2.0", "method": "subscription", "params": {"channel": "book.ETH-13FEB26.none.20.100ms", "data": {"timestamp": 1769891734495, "change_id": 106914616105, "instrument_name": "ETH-13FEB26", "bids": [[2365.5, 1225.0], [2365.25, 1465.0], [2364.0, 1761.0], [2363.75, 5900.0], [2362.75, 2207.0], [2362.5, 7393.0], [2361.5, 1481.0], [2361.25, 4961.0], [2361.0, 9.0], [2359.25, 5103.0], [2359.0, 1189.0], [2358.75, 40400.0], [2357.75, 19093.0], [2354.75, 2.0], [2354.25, 15365.0], [2353.75, 4758.0], [2353.5, 70664.0], [2352.5, 29438.0], [2350.75, 11.0], [2350.5, 29812.0]], "asks": [[2366.5, 800.0], [2366.75, 6549.0], [2368.75, 2217.0], [2369.0, 7428.0], [2370.25, 6411.0], [2370.5, 21477.0], [2372.5, 400.0], [2373.25, 30074.0], [2373.75, 4882.0], [2374.0, 14706.0], [2374.5, 40000.0], [2376.0, 2.0], [2377.0, 29134.0], [2379.25, 40000.0], [2380.5, 36.0], [2380.75, 29795.0], [2381.0, 9.0], [2381.75, 40000.0], [2383.0, 29577.0], [2387.5, 19707.0]]}}}
{"jsonrpc": "2.0", "method": "subscription", "params": {"channel": "book.ETH-6FEB26.none.20.100ms", "data": {"timestamp": 1769891734508, "change_id": 106914616121, "instrument_name": "ETH-6FEB26", "bids": [[2363.75, 1039.0], [2363.5, 1039.0], [2363.25, 1225.0], [2363.0, 1425.0], [2362.75, 279.0], [2362.5, 800.0], [2362.25, 1803.0], [2362.0, 6040.0], [2361.25, 2191.0], [2361.0, 7341.0], [2358.5, 10098.0], [2358.25, 9.0], [2357.0, 20582.0], [2356.75, 1689.0], [2356.25, 40400.0], [2355.25, 19093.0], [2354.25, 20354.0], [2354.0, 4758.0], [2353.75, 2.0], [2353.5, 40012.0]], "asks": [[2364.25, 824.0], [2364.5, 2603.0], [2364.75, 6040.0], [2367.25, 2231.0], [2367.5, 7475.0], [2368.75, 6411.0], [2369.0, 21477.0], [2369.25, 5903.0], [2369.5, 19776.0], [2370.75, 39922.0], [2371.25, 20300.0], [2371.5, 400.0], [2372.0, 40000.0], [2374.5, 40352.0], [2375.75, 60634.0], [2376.0, 2.0], [2377.0, 40000.0], [2379.5, 40000.0], [2381.0, 58202.0], [2381.25, 9.0]]}}}
{"jsonrpc": "2.0", "method": "subscription", "params": {"channel": "book.ETH-13FEB26.none.20.100ms", "data": {"timestamp": 1769891734835, "change_id": 106914617321, "instrument_name": "ETH-13FEB26", "bids": [[2365.75, 800.0], [2365.5, 1225.0], [2365.25, 1425.0], [2365.0, 40.0], [2364.5, 1761.0], [2364.25, 5900.0], [2362.75, 2207.0], [2362.5, 7393.0], [2361.5, 1481.0], [2361.25, 4961.0], [2361.0, 9.0], [2359.0, 1189.0], [2358.75, 40400.0], [2357.75, 19093.0], [2354.75, 2.0], [2354.25, 15365.0], [2353.75, 4758.0], [2353.5, 70664.0], [2352.5, 29438.0], [2350.75, 11.0]], "asks": [[2366.5, 824.0], [2366.75, 1664.0], [2367.0, 2561.0], [2367.25, 5900.0], [2369.75, 2221.0], [2370.0, 7439.0], [2370.25, 6411.0], [2370.5, 21477.0], [2372.5, 400.0], [2373.75, 4882.0], [2374.0, 14706.0], [2374.5, 40000.0], [2376.0, 30076.0], [2377.0, 29134.0], [2379.25, 40000.0], [2380.5, 36.0], [2380.75, 29795.0], [2381.0, 9.0], [2381.75, 40000.0], [2383.0, 29577.0]]}}}
{"jsonrpc": "2.0", "method": "subscription", "params": {"channel": "book.ETH-6FEB26.none.20.100ms", "data": {"timestamp": 1769891734831, "change_id": 106914617312, "instrument_name": "ETH-6FEB26", "bids": [[2363.75, 800.0], [2363.5, 1664.0], [2363.25, 1051.0], [2363.0, 800.0], [2362.75, 2051.0], [2362.5, 6840.0], [2361.25, 2191.0], [2361.0, 7341.0], [2358.25, 9.0], [2356.75, 1689.0], [2356.25, 40400.0], [2355.25, 19093.0], [2354.25, 20354.0], [2354.0, 4758.0], [2353.75, 2.0], [2353.5, 40012.0], [2352.25, 40000.0], [2351.25, 39452.0], [2350.0, 19048.0], [2348.75, 59044.0]], "asks": [[2364.25, 1449.0], [2365.0, 1803.0], [2365.25, 6040.0], [2368.5, 2115.0], [2368.75, 13495.0], [2369.0, 21477.0], [2371.25, 20300.0], [2371.5, 400.0], [2372.0, 59776.0], [2373.25, 39922.0], [2374.5, 40352.0], [2375.75, 60634.0], [2376.0, 2.0], [2377.0, 40000.0], [2379.5, 40000.0], [2381.0, 58202.0], [2381.25, 9.0], [2387.25, 41050.0], [2388.25, 36.0], [2394.0, 41044.0]]}}}
{"jsonrpc": "2.0", "method": "subscription", "params": {"channel": "book.ETH-13FEB26.none.20.100ms", "data": {"timestamp": 1769891735205, "change_id": 106914618061, "instrument_name": "ETH-13FEB26", "bids": [[2365.75, 1425.0], [2365.5, 1079.0], [2365.25, 800.0], [2364.5, 1761.0], [2364.25, 5900.0], [2362.75, 2207.0], [2362.5, 7393.0], [2361.5, 1481.0], [2361.25, 4961.0], [2361.0, 9.0], [2359.0, 1189.0], [2358.75, 40400.0], [2357.75, 19093.0], [2354.75, 2.0], [2354.25, 15365.0], [2353.75, 4758.0], [2353.5, 70664.0], [2352.5, 29438.0], [2350.75, 11.0], [2350.5, 29812.0]], "asks": [[2366.75, 1257.0], [2367.0, 3186.0], [2367.25, 5900.0], [2369.75, 2221.0], [2370.0, 7439.0], [2370.25, 6411.0], [2370.5, 21477.0], [2372.5, 400.0], [2373.75, 4882.0], [2374.0, 14706.0], [2374.5, 40000.0], [2376.0, 30076.0], [2377.0, 29134.0], [2379.25, 40000.0], [2380.5, 36.0], [2380.75, 29795.0], [2381.0, 9.0], [2381.75, 40000.0], [2383.0, 29577.0], [2387.5, 19707.0]]}}}
{"jsonrpc": "2.0", "method": "subscription", "params": {"channel": "book.ETH-6FEB26.none.20.100ms", "data": {"timestamp": 1769891735068, "change_id": 106914617817, "instrument_name": "ETH-6FEB26", "bids": [[2363.75, 800.0], [2363.5, 1425.0], [2363.25, 251.0], [2363.0, 1091.0], [2362.75, 2811.0], [2362.5, 6040.0], [2361.25, 2191.0], [2361.0, 7341.0], [2358.25, 9.0], [2356.75, 1689.0], [2356.25, 40400.0], [2355.25, 19093.0], [2354.25, 20354.0], [2354.0, 4758.0], [2353.75, 2.0], [2353.5, 40012.0], [2352.25, 40000.0], [2351.25, 39452.0], [2350.0, 19048.0], [2348.75, 59044.0]], "asks": [[2364.25, 24.0], [2364.5, 425.0], [2364.75, 1425.0], [2365.0, 1803.0], [2365.25, 6040.0], [2368.5, 2115.0], [2368.75, 13495.0], [2369.0, 21477.0], [2371.25, 20300.0], [2371.5, 400.0], [2372.0, 59776.0], [2373.25, 39922.0], [2374.5, 40352.0], [2375.75, 60634.0], [2376.0, 2.0], [2377.0, 40000.0], [2379.5, 40000.0], [2381.0, 58202.0], [2381.25, 9.0], [2387.25, 41050.0]]}}}
{"jsonrpc": "2.0", "method": "subscription", "params": {"channel": "book.ETH-13FEB26.none.20.100ms", "data": {"timestamp": 1769891735224, "change_id": 106914618114, "instrument_name": "ETH-13FEB26", "bids": [[2365.75, 1425.0], [2365.5, 1079.0], [2365.25, 800.0], [2364.5, 1761.0], [2364.25, 5900.0], [2362.75, 2207.0], [2362.5, 7393.0], [2361.5, 1481.0], [2361.25, 4961.0], [2361.0, 9.0], [2359.0, 1189.0], [2358.75, 40400.0], [2357.75, 19093.0], [2354.75, 2.0], [2354.25, 15365.0], [2353.75, 4758.0], [2353.5, 70664.0], [2352.5, 29438.0], [2350.75, 11.0], [2350.5, 29812.0]], "asks": [[2366.75, 1688.0], [2367.0, 2561.0], [2367.25, 5900.0], [2369.75, 2221.0], [2370.0, 7439.0], [2370.25, 6411.0], [2370.5, 21477.0], [2372.5, 400.0], [2373.75, 4882.0], [2374.0, 14706.0], [2374.5, 40000.0], [2376.0, 30076.0], [2377.0, 29134.0], [2379.25, 40000.0], [2380.5, 36.0], [2380.75, 29795.0], [2381.0, 9.0], [2381.75, 40000.0], [2383.0, 29577.0], [2387.5, 19707.0]]}}}
{"jsonrpc": "2.0", "method": "subscription", "params": {"channel": "book.ETH-6FEB26.none.20.100ms", "data": {"timestamp": 1769891735269, "change_id": 106914618126, "instrument_name": "ETH-6FEB26", "bids": [[2363.75, 800.0], [2363.5, 1425.0], [2363.25, 251.0], [2363.0, 1091.0], [2362.75, 2811.0], [2362.5, 6040.0], [2361.25, 2191.0], [2361.0, 7341.0], [2358.25, 9.0], [2356.75, 1689.0], [2356.25, 40400.0], [2355.25, 19093.0], [2354.25, 20354.0], [2354.0, 4758.0], [2353.75, 2.0], [2353.5, 40012.0], [2352.25, 40000.0], [2351.25, 39452.0], [2350.0, 19048.0], [2348.75, 59044.0]], "asks": [[2364.25, 24.0], [2364.5, 864.0], [2364.75, 800.0], [2365.0, 1803.0], [2365.25, 6040.0], [2368.5, 2115.0], [2368.75, 13495.0], [2369.0, 21477.0], [2371.25, 20300.0], [2371.5, 400.0], [2372.0, 59776.0], [2373.25, 39922.0], [2374.5, 40352.0], [2375.75, 60634.0], [2376.0, 2.0], [2377.0, 40000.0], [2379.5, 40000.0], [2381.0, 58202.0], [2381.25, 9.0], [2387.25, 41050.0]]}}}
{"jsonrpc": "2.0", "method": "subscription", "params": {"channel": "book.ETH-13FEB26.none.20.100ms", "data": {"timestamp": 1769891735786, "change_id": 106914618803, "instrument_name": "ETH-13FEB26", "bids": [[2365.75, 1425.0], [2365.5, 40.0], [2365.0, 239.0], [2364.75, 800.0], [2364.5, 1761.0], [2364.25, 5900.0], [2362.75, 2207.0], [2362.5, 7393.0], [2361.5, 1481.0], [2361.25, 4961.0], [2361.0, 9.0], [2359.0, 1189.0], [2358.75, 40400.0], [2357.75, 19093.0], [2354.75, 2.0], [2354.25, 15365.0], [2353.75, 4758.0], [2353.5, 70664.0], [2352.5, 29438.0], [2350.75, 11.0]], "asks": [[2366.75, 1688.0], [2367.0, 2561.0], [2367.25, 5900.0], [2369.75, 2221.0], [2370.0, 7439.0], [2370.25, 6411.0], [2370.5, 21477.0], [2372.5, 400.0], [2373.75, 4882.0], [2374.0, 14706.0], [2374.5, 40000.0], [2376.0, 30076.0], [2377.0, 29134.0], [2379.25, 40000.0], [2380.5, 36.0], [2380.75, 29795.0], [2381.0, 9.0], [2381.75, 40000.0], [2383.0, 29577.0], [2387.5, 19707.0]]}}}
{"jsonrpc": "2.0", "method": "subscription", "params": {"channel": "book.ETH-13FEB26.none.20.100ms", "data": {"timestamp": 1769891736004, "change_id": 106914619343, "instrument_name": "ETH-13FEB26", "bids": [[2365.75, 800.0], [2365.5, 625.0], [2365.25, 40.0], [2365.0, 239.0], [2364.75, 800.0], [2364.5, 1761.0], [2364.25, 5900.0], [2362.75, 2207.0], [2362.5, 7393.0], [2361.5, 1481.0], [2361.25, 4961.0], [2361.0, 9.0], [2359.0, 1189.0], [2358.75, 40400.0], [2357.75, 19093.0], [2354.75, 2.0], [2354.25, 15365.0], [2353.75, 4758.0], [2353.5, 70664.0], [2352.5, 29438.0]], "asks": [[2366.75, 1688.0], [2367.0, 2561.0], [2367.25, 5900.0], [2369.75, 2221.0], [2370.0, 7439.0], [2370.25, 6411.0], [2370.5, 21477.0], [2372.5, 400.0], [2373.75, 4882.0], [2374.0, 14706.0], [2374.5, 40000.0], [2376.0, 30076.0], [2377.0, 29134.0], [2379.25, 40000.0], [2380.5, 36.0], [2380.75, 29795.0], [2381.0, 9.0], [2381.75, 40000.0], [2383.0, 29577.0], [2387.5, 19707.0]]}}}
{"jsonrpc": "2.0", "method": "subscription", "params": {"channel": "book.ETH-6FEB26.none.20.100ms", "data": {"timestamp": 1769891735996, "change_id": 106914619340, "instrument_name": "ETH-6FEB26", "bids": [[2363.75, 800.0], [2363.5, 1039.0], [2363.25, 1676.0], [2363.0, 1051.0], [2362.75, 2851.0], [2362.5, 6040.0], [2361.25, 2191.0], [2361.0, 7341.0], [2358.25, 9.0], [2356.75, 1689.0], [2356.25, 40400.0], [2355.25, 19093.0], [2354.25, 20354.0], [2354.0, 4758.0], [2353.75, 2.0], [2353.5, 40012.0], [2352.25, 40000.0], [2351.25, 39452.0], [2350.0, 19048.0], [2348.75, 59044.0]], "asks": [[2364.25, 824.0], [2364.5, 864.0], [2364.75, 1039.0], [2365.0, 2603.0], [2365.25, 6040.0], [2368.5, 2115.0], [2368.75, 13495.0], [2369.0, 21477.0], [2371.25, 20300.0], [2371.5, 400.0], [2372.0, 59776.0], [2373.25, 39922.0], [2374.5, 40352.0], [2375.75, 60634.0], [2376.0, 2.0], [2377.0, 40000.0], [2379.5, 40000.0], [2381.0, 58202.0], [2381.25, 9.0], [2387.25, 41050.0]]}}}
{"jsonrpc": "2.0", "method": "subscription", "params": {"channel": "book.ETH-13FEB26.none.20.100ms", "data": {"timestamp": 1769891736407, "change_id": 106914620806, "instrument_name": "ETH-13FEB26", "bids": [[2365.0, 239.0], [2364.75, 840.0], [2364.0, 1761.0], [2363.75, 5900.0], [2361.5, 1481.0], [2361.25, 7173.0], [2361.0, 9.0], [2359.5, 2809.0], [2359.25, 10064.0], [2359.0, 1189.0], [2358.75, 40400.0], [2357.75, 19093.0], [2354.75, 2.0], [2354.25, 15365.0], [2353.75, 4758.0], [2353.5, 70664.0], [2352.5, 29438.0], [2350.75, 11.0], [2350.5, 29812.0], [2350.0, 40000.0]], "asks": [[2366.25, 1257.0], [2366.5, 3301.0], [2366.75, 6939.0], [2367.0, 800.0], [2368.75, 2153.0], [2369.0, 7212.0], [2370.25, 6411.0], [2370.5, 21477.0], [2372.5, 400.0], [2373.75, 4882.0], [2374.0, 14706.0], [2374.5, 40000.0], [2376.0, 30076.0], [2377.0, 29134.0], [2379.25, 40000.0], [2380.5, 36.0], [2380.75, 29795.0], [2381.0, 9.0], [2381.75, 40000.0], [2383.0, 29577.0]]}}}
{"jsonrpc": "2.0", "method": "subscription", "params": {"channel": "book.ETH-6FEB26.none.20.100ms", "data": {"timestamp": 1769891736509, "change_id": 106914620799, "instrument_name": "ETH-6FEB26", "bids": [[2363.25, 1039.0], [2363.0, 1051.0], [2362.75, 800.0], [2362.25, 1855.0], [2362.0, 6040.0], [2360.25, 2209.0], [2360.0, 7402.0], [2359.25, 3014.0], [2359.0, 10098.0], [2358.25, 9.0], [2357.0, 20582.0], [2356.75, 1689.0], [2356.25, 40400.0], [2355.25, 19093.0], [2354.25, 20354.0], [2354.0, 4758.0], [2353.75, 2.0], [2353.5, 40012.0], [2352.25, 40000.0], [2351.25, 39452.0]], "asks": [[2363.75, 824.0], [2364.0, 1225.0], [2364.25, 1425.0], [2364.5, 2011.0], [2364.75, 7079.0], [2367.25, 2194.0], [2367.5, 7349.0], [2368.75, 6411.0], [2369.0, 21477.0], [2371.25, 20300.0], [2371.5, 400.0], [2372.0, 59776.0], [2373.25, 39922.0], [2374.5, 40352.0], [2375.75, 60634.0], [2376.0, 2.0], [2377.0, 40000.0], [2379.5, 40000.0], [2381.0, 58202.0], [2381.25, 9.0]]}}}
{"jsonrpc": "2.0", "method": "subscription", "params": {"channel": "book.ETH-13FEB26.none.20.100ms", "data": {"timestamp": 1769891736833, "change_id": 106914621417, "instrument_name": "ETH-13FEB26", "bids": [[2365.5, 1039.0], [2365.25, 1225.0], [2365.0, 1425.0], [2364.75, 40.0], [2364.5, 239.0], [2364.25, 800.0], [2364.0, 1761.0], [2363.75, 5900.0], [2361.5, 1481.0], [2361.25, 7173.0], [2361.0, 9.0], [2360.0, 1481.0], [2359.75, 4961.0], [2359.5, 1523.0], [2359.25, 5103.0], [2359.0, 1189.0], [2358.75, 40400.0], [2357.75, 19093.0], [2354.75, 2.0], [2354.25, 15365.0]], "asks": [[2366.25, 1449.0], [2366.5, 2676.0], [2366.75, 5900.0], [2368.75, 2153.0], [2369.0, 7212.0], [2370.25, 6411.0], [2370.5, 21477.0], [2372.5, 400.0], [2373.75, 4882.0], [2374.0, 14706.0], [2374.5, 40000.0], [2376.0, 30076.0], [2377.0, 29134.0], [2379.25, 40000.0], [2380.5, 36.0], [2380.75, 29795.0], [2381.0, 9.0], [2381.75, 40000.0], [2383.0, 29577.0], [2387.5, 19707.0]]}}}
{"jsonrpc": "2.0", "method": "subscription", "params": {"channel": "book.ETH-6FEB26.none.20.100ms", "data": {"timestamp": 1769891736835, "change_id": 106914621360, "instrument_name": "ETH-6FEB26", "bids": [[2363.25, 1039.0], [2363.0, 1051.0], [2362.75, 1425.0], [2362.5, 40.0], [2362.25, 1815.0], [2362.0, 6040.0], [2360.25, 2209.0], [2360.0, 7402.0], [2359.25, 3014.0], [2359.0, 10098.0], [2358.25, 9.0], [2357.0, 20582.0], [2356.75, 1689.0], [2356.25, 40400.0], [2355.25, 19093.0], [2354.25, 20354.0], [2354.0, 4758.0], [2353.75, 2.0], [2353.5, 40012.0], [2352.25, 40000.0]], "asks": [[2363.75, 24.0], [2364.0, 1425.0], [2364.25, 800.0], [2364.5, 2011.0], [2364.75, 7079.0], [2367.25, 2194.0], [2367.5, 7349.0], [2368.75, 6411.0], [2369.0, 21477.0], [2371.25, 20300.0], [2371.5, 400.0], [2372.0, 59776.0], [2373.25, 39922.0], [2374.5, 40352.0], [2375.75, 60634.0], [2376.0, 2.0], [2377.0, 40000.0], [2379.5, 40000.0], [2381.0, 58202.0], [2381.25, 9.0]]}}}
{"jsonrpc": "2.0", "method": "subscription", "params": {"channel": "book.ETH-13FEB26.none.20.100ms", "data": {"timestamp": 1769891737156, "change_id": 106914622174, "instrument_name": "ETH-13FEB26", "bids": [[2365.75, 1664.0], [2365.5, 1039.0], [2365.25, 1932.0], [2365.0, 3034.0], [2364.5, 239.0], [2364.25, 800.0], [2364.0, 1761.0], [2363.75, 5900.0], [2361.5, 1481.0], [2361.25, 7173.0], [2361.0, 9.0], [2360.0, 1481.0], [2359.75, 4961.0], [2359.5, 1523.0], [2359.25, 5103.0], [2359.0, 1189.0], [2358.75, 40400.0], [2357.75, 19093.0], [2354.75, 2.0], [2354.25, 15365.0]], "asks": [[2366.25, 800.0], [2366.5, 800.0], [2366.75, 6549.0], [2368.75, 2153.0], [2369.0, 7212.0], [2370.25, 6411.0], [2370.5, 21477.0], [2372.5, 400.0], [2373.75, 4882.0], [2374.0, 14706.0], [2374.5, 40000.0], [2376.0, 30076.0], [2377.0, 29134.0], [2379.25, 40000.0], [2380.5, 36.0], [2380.75, 29795.0], [2381.0, 9.0], [2381.75, 40000.0], [2383.0, 29577.0], [2387.5, 19707.0]]}}}
{"jsonrpc": "2.0", "method": "subscription", "params": {"channel": "book.ETH-6FEB26.none.20.100ms", "data": {"timestamp": 1769891737186, "change_id": 106914622181, "instrument_name": "ETH-6FEB26", "bids": [[2363.5, 1039.0], [2363.25, 2538.0], [2363.0, 4082.0], [2362.75, 1091.0], [2362.5, 800.0], [2362.25, 1815.0], [2362.0, 6040.0], [2360.25, 2209.0], [2360.0, 7402.0], [2359.25, 3014.0], [2359.0, 10098.0], [2358.25, 9.0], [2357.0, 20582.0], [2356.75, 1689.0], [2356.25, 40400.0], [2355.25, 19093.0], [2354.25, 20354.0], [2354.0, 4758.0], [2353.75, 2.0], [2353.5, 40012.0]], "asks": [[2364.0, 800.0], [2364.25, 824.0], [2364.5, 3436.0], [2364.75, 6040.0], [2367.25, 2194.0], [2367.5, 7349.0], [2368.75, 6411.0], [2369.0, 21477.0], [2371.25, 20300.0], [2371.5, 400.0], [2372.0, 59776.0], [2373.25, 39922.0], [2374.5, 40352.0], [2375.75, 60634.0], [2376.0, 2.0], [2377.0, 40000.0], [2379.5, 40000.0], [2381.0, 58202.0], [2381.25, 9.0], [2387.25, 41050.0]]}}}
{"jsonrpc": "2.0", "method": "subscription", "params": {"channel": "book.ETH-13FEB26.none.20.100ms", "data": {"timestamp": 1769891737515, "change_id": 106914622885, "instrument_name": "ETH-13FEB26", "bids": [[2366.0, 425.0], [2365.75, 1664.0], [2365.5, 1079.0], [2365.25, 1892.0], [2365.0, 3034.0], [2364.5, 1969.0], [2364.25, 6700.0], [2361.5, 3433.0], [2361.25, 12134.0], [2361.0, 9.0], [2359.25, 5103.0], [2359.0, 1189.0], [2358.75, 40400.0], [2357.75, 19093.0], [2354.75, 2.0], [2354.25, 15365.0], [2353.75, 4758.0], [2353.5, 70664.0], [2352.5, 29438.0], [2350.75, 11.0]], "asks": [[2367.0, 1854.0], [2367.25, 5900.0], [2368.75, 2153.0], [2369.0, 7212.0], [2370.25, 6411.0], [2370.5, 21477.0], [2372.5, 400.0], [2373.75, 4882.0], [2374.0, 14706.0], [2374.5, 40000.0], [2376.0, 30076.0], [2377.0, 29134.0], [2379.25, 40000.0], [2380.5, 36.0], [2380.75, 29795.0], [2381.0, 9.0], [2381.75, 40000.0], [2383.0, 29577.0], [2387.5, 19707.0], [2393.75, 20028.0]]}}}
{"jsonrpc": "2.0", "method": "subscription", "params": {"channel": "book.ETH-6FEB26.none.20.100ms", "data": {"timestamp": 1769891737512, "change_id": 106914622882, "instrument_name": "ETH-6FEB26", "bids": [[2363.75, 1039.0], [2363.5, 1664.0], [2363.25, 1913.0], [2363.0, 4122.0], [2362.75, 2810.0], [2362.5, 6840.0], [2360.25, 2209.0], [2360.0, 7402.0], [2358.75, 3014.0], [2358.5, 10098.0], [2358.25, 9.0], [2357.0, 20582.0], [2356.75, 1689.0], [2356.25, 40400.0], [2355.25, 19093.0], [2354.25, 20354.0], [2354.0, 4758.0], [2353.75, 2.0], [2353.5, 40012.0], [2352.25, 40000.0]], "asks": [[2364.5, 824.0], [2364.75, 625.0], [2365.0, 1803.0], [2365.25, 6040.0], [2367.25, 2194.0], [2367.5, 7349.0], [2368.75, 6411.0], [2369.0, 21477.0], [2371.25, 20300.0], [2371.5, 400.0], [2372.0, 59776.0], [2373.25, 39922.0], [2374.5, 40352.0], [2375.75, 60634.0], [2376.0, 2.0], [2377.0, 40000.0], [2379.5, 40000.0], [2381.0, 58202.0], [2381.25, 9.0], [2387.25, 41050.0]]}}}
{"jsonrpc": "2.0", "method": "subscription", "params": {"channel": "book.ETH-13FEB26.none.20.100ms", "data": {"timestamp": 1769891737830, "change_id": 106914623408, "instrument_name": "ETH-13FEB26", "bids": [[2365.75, 1664.0], [2365.5, 840.0], [2364.5, 1969.0], [2364.25, 5900.0], [2361.5, 3433.0], [2361.25, 12134.0], [2361.0, 9.0], [2359.5, 1523.0], [2359.25, 5458.0], [2359.0, 1189.0], [2358.75, 40400.0], [2357.75, 19093.0], [2354.75, 2.0], [2354.25, 15365.0], [2353.75, 4758.0], [2353.5, 70664.0], [2352.5, 29438.0], [2350.75, 11.0], [2350.5, 29812.0], [2350.0, 40000.0]], "asks": [[2366.75, 1449.0], [2367.0, 1205.0], [2367.25, 5900.0], [2368.75, 2153.0], [2369.0, 7212.0], [2370.25, 6411.0], [2370.5, 21477.0], [2372.5, 400.0], [2373.75, 4882.0], [2374.0, 14706.0], [2374.5, 40000.0], [2376.0, 30076.0], [2377.0, 29134.0], [2379.25, 40000.0], [2380.5, 36.0], [2380.75, 29795.0], [2381.0, 9.0], [2381.75, 40000.0], [2383.0, 29577.0], [2387.5, 19707.0]]}}}
{"jsonrpc": "2.0", "method": "subscription", "params": {"channel": "book.ETH-6FEB26.none.20.100ms", "data": {"timestamp": 1769891737845, "change_id": 106914623777, "instrument_name": "ETH-6FEB26", "bids": [[2363.75, 800.0], [2363.5, 1664.0], [2363.25, 1039.0], [2363.0, 1091.0], [2362.75, 2810.0], [2362.5, 6840.0], [2360.25, 2209.0], [2360.0, 7402.0], [2358.75, 3014.0], [2358.5, 10098.0], [2358.25, 9.0], [2357.0, 20582.0], [2356.75, 1689.0], [2356.25, 40400.0], [2355.25, 19093.0], [2354.25, 20354.0], [2354.0, 4758.0], [2353.75, 2.0], [2353.5, 40012.0], [2352.25, 40000.0]], "asks": [[2364.25, 824.0], [2364.5, 1425.0], [2365.0, 1803.0], [2365.25, 6040.0], [2367.25, 2194.0], [2367.5, 7349.0], [2368.75, 6411.0], [2369.0, 21477.0], [2371.25, 20300.0], [2371.5, 400.0], [2372.0, 59776.0], [2373.25, 39922.0], [2374.5, 40352.0], [2375.75, 60634.0], [2376.0, 2.0], [2377.0, 40000.0], [2379.5, 40000.0], [2381.0, 58202.0], [2381.25, 9.0], [2387.25, 41050.0]]}}}
{"jsonrpc": "2.0", "method": "subscription", "params": {"channel": "book.ETH-13FEB26.none.20.100ms", "data": {"timestamp": 1769891737878, "change_id": 106914623971, "instrument_name": "ETH-13FEB26", "bids": [[2365.75, 1664.0], [2365.5, 840.0], [2364.5, 1969.0], [2364.25, 5900.0], [2361.5, 3433.0], [2361.25, 12134.0], [2361.0, 9.0], [2359.5, 1523.0], [2359.25, 5458.0], [2359.0, 1189.0], [2358.75, 40400.0], [2357.75, 19093.0], [2354.75, 2.0], [2354.25, 15365.0], [2353.75, 4758.0], [2353.5, 70664.0], [2352.5, 29438.0], [2350.75, 11.0], [2350.5, 29812.0], [2350.0, 40000.0]], "asks": [[2366.5, 1425.0], [2366.75, 824.0], [2367.0, 1205.0], [2367.25, 5900.0], [2368.75, 2153.0], [2369.0, 7212.0], [2370.25, 6411.0], [2370.5, 21477.0], [2372.5, 400.0], [2373.75, 4882.0], [2374.0, 14706.0], [2374.5, 40000.0], [2376.0, 30076.0], [2377.0, 29134.0], [2379.25, 40000.0], [2380.5, 36.0], [2380.75, 29795.0], [2381.0, 9.0], [2381.75, 40000.0], [2383.0, 29577.0]]}}}
{"jsonrpc": "2.0", "method": "subscription", "params": {"channel": "book.ETH-6FEB26.none.20.100ms", "data": {"timestamp": 1769891737895, "change_id": 106914624096, "instrument_name": "ETH-6FEB26", "bids": [[2363.75, 800.0], [2363.5, 1664.0], [2363.25, 1039.0], [2363.0, 1091.0], [2362.75, 2810.0], [2362.5, 6040.0], [2360.25, 2209.0], [2360.0, 7402.0], [2358.75, 3014.0], [2358.5, 10098.0], [2358.25, 9.0], [2357.0, 20582.0], [2356.75, 1689.0], [2356.25, 40400.0], [2355.25, 19093.0], [2354.25, 20354.0], [2354.0, 4758.0], [2353.75, 2.0], [2353.5, 40012.0], [2352.25, 40000.0]], "asks": [[2364.25, 1449.0], [2364.5, 239.0], [2364.75, 800.0], [2365.0, 1803.0], [2365.25, 6040.0], [2367.25, 2194.0], [2367.5, 7349.0], [2368.75, 6411.0], [2369.0, 21477.0], [2371.25, 20300.0], [2371.5, 400.0], [2372.0, 59776.0], [2373.25, 39922.0], [2374.5, 40352.0], [2375.75, 60634.0], [2376.0, 2.0], [2377.0, 40000.0], [2379.5, 40000.0], [2381.0, 58202.0], [2381.25, 9.0]]}}}
{"jsonrpc": "2.0", "method": "subscription", "params": {"channel": "book.ETH-13FEB26.none.20.100ms", "data": {"timestamp": 1769891738334, "change_id": 106914625328, "instrument_name": "ETH-13FEB26", "bids": [[2365.75, 800.0], [2365.5, 800.0], [2365.25, 625.0], [2365.0, 40.0], [2364.5, 1969.0], [2364.25, 5900.0], [2361.5, 3433.0], [2361.25, 12134.0], [2361.0, 9.0], [2359.5, 1523.0], [2359.25, 5458.0], [2359.0, 1189.0], [2358.75, 40400.0], [2357.75, 19093.0], [2354.75, 2.0], [2354.25, 15365.0], [2353.75, 4758.0], [2353.5, 70664.0], [2352.5, 29438.0], [2350.75, 11.0]], "asks": [[2366.5, 2289.0], [2366.75, 6700.0], [2368.75, 2153.0], [2369.0, 7212.0], [2370.25, 6411.0], [2370.5, 21477.0], [2372.5, 400.0], [2373.75, 4882.0], [2374.0, 14706.0], [2374.5, 40000.0], [2376.0, 30076.0], [2377.0, 29134.0], [2379.25, 40000.0], [2380.5, 36.0], [2380.75, 29795.0], [2381.0, 9.0], [2381.75, 40000.0], [2383.0, 29577.0], [2387.5, 19707.0], [2393.75, 20028.0]]}}}
