{"jsonrpc": "2.0", "method": "subscription", "params": {"channel": "book.ETH-14MAR25.none.20.100ms", "data": {"timestamp": 1741761802489, "change_id": 61985666690, "instrument_name": "ETH-14MAR25", "bids": [[1869.75, 2313.0], [1869.5, 48983.0], [1869.25, 5649.0], [1869.0, 1960.0], [1868.75, 2462.0], [1868.5, 2320.0], [1868.25, 8618.0], [1868.0, 26815.0], [1867.75, 26348.0], [1867.5, 5445.0], [1867.25, 14709.0], [1867.0, 28945.0], [1866.75, 107110.0], [1866.5, 52519.0], [1866.25, 1956.0], [1866.0, 1969.0], [1865.75, 2441.0], [1865.5, 1513.0], [1865.0, 22351.0], [1864.75, 50187.0]], "asks": [[1870.0, 5100.0], [1870.25, 8121.0], [1870.5, 11735.0], [1870.75, 16644.0], [1871.0, 9343.0], [1871.25, 18655.0], [1871.5, 22494.0], [1871.75, 31264.0], [1872.0, 2968.0], [1872.25, 1932.0], [1872.5, 1905.0], [1872.75, 1916.0], [1873.0, 4059.0], [1873.25, 9160.0], [1873.5, 1508.0], [1874.25, 440.0], [1874.5, 9202.0], [1874.75, 25786.0], [1875.0, 50422.0], [1875.25, 1535.0]]}}}
{"jsonrpc": "2.0", "method": "subscription", "params": {"channel": "book.ETH-21MAR25.none.20.100ms", "data": {"timestamp": 1741761802256, "change_id": 61985666523, "instrument_name": "ETH-21MAR25", "bids": [[1870.75, 27904.0], [1870.5, 29168.0], [1870.25, 3978.0], [1870.0, 9465.0], [1869.75, 360.0], [1869.5, 28558.0], [1869.25, 91553.0], [1869.0, 1558.0], [1868.75, 1535.0], [1868.5, 1919.0], [1868.25, 9364.0], [1868.0, 22861.0], [1867.75, 1546.0], [1867.5, 15136.0], [1867.25, 46818.0], [1867.0, 2025.0], [1866.75, 3632.0], [1866.5, 6775.0], [1866.25, 46774.0], [1865.75, 1219.0]], "asks": [[1871.25, 8436.0], [1871.5, 10810.0], [1871.75, 9742.0], [1872.0, 16972.0], [1872.25, 6868.0], [1872.5, 15017.0], [1872.75, 7591.0], [1873.0, 6121.0], [1873.25, 5743.0], [1873.5, 1585.0], [1873.75, 5932.0], [1874.0, 16330.0], [1874.25, 1562.0], [1874.5, 8568.0], [1874.75, 31613.0], [1875.0, 23198.0], [1875.25, 46432.0], [1876.5, 1210.0], [1876.75, 1221.0], [1877.0, 47332.0]]}}}
{"jsonrpc": "2.0", "method": "subscription", "params": {"channel": "book.ETH-14MAR25.none.20.100ms", "data": {"timestamp": 1741761802837, "change_id": 61985667066, "instrument_name": "ETH-14MAR25", "bids": [[1869.75, 2313.0], [1869.5, 40189.0], [1869.25, 28614.0], [1869.0, 1960.0], [1868.75, 1921.0], [1868.5, 2320.0], [1868.25, 8618.0], [1868.0, 26815.0], [1867.75, 26348.0], [1867.5, 5445.0], [1867.25, 14709.0], [1867.0, 28945.0], [1866.75, 107110.0], [1866.5, 52519.0], [1866.25, 1956.0], [1866.0, 1969.0], [1865.75, 2441.0], [1865.5, 1513.0], [1865.0, 23844.0], [1864.75, 50187.0]], "asks": [[1870.0, 6594.0], [1870.25, 8121.0], [1870.5, 11735.0], [1870.75, 16644.0], [1871.0, 9343.0], [1871.25, 18655.0], [1871.5, 22494.0], [1871.75, 31264.0], [1872.0, 2968.0], [1872.25, 1932.0], [1872.5, 1905.0], [1872.75, 1916.0], [1873.0, 4059.0], [1873.25, 9160.0], [1873.5, 1508.0], [1874.25, 440.0], [1874.5, 9202.0], [1874.75, 25786.0], [1875.0, 50422.0], [1875.25, 1535.0]]}}}
{"jsonrpc": "2.0", "method": "subscription", "params": {"channel": "book.ETH-21MAR25.none.20.100ms", "data": {"timestamp": 1741761802837, "change_id": 61985667068, "instrument_name": "ETH-21MAR25", "bids": [[1870.75, 2196.0], [1870.5, 31378.0], [1870.25, 4098.0], [1870.0, 9465.0], [1869.75, 360.0], [1869.5, 28558.0], [1869.25, 91553.0], [1869.0, 1558.0], [1868.75, 1535.0], [1868.5, 1919.0], [1868.25, 9364.0], [1868.0, 22861.0], [1867.75, 1546.0], [1867.5, 15136.0], [1867.25, 46818.0], [1867.0, 2025.0], [1866.75, 3632.0], [1866.5, 6775.0], [1866.25, 46774.0], [1865.75, 1219.0]], "asks": [[1871.25, 8436.0], [1871.5, 10810.0], [1871.75, 9862.0], [1872.0, 16852.0], [1872.25, 6868.0], [1872.5, 15017.0], [1872.75, 7591.0], [1873.0, 6121.0], [1873.25, 5743.0], [1873.5, 1585.0], [1873.75, 5932.0], [1874.0, 16330.0], [1874.25, 1562.0], [1874.5, 8568.0], [1874.75, 31613.0], [1875.0, 23198.0], [1875.25, 46432.0], [1876.5, 1210.0], [1876.75, 1221.0], [1877.0, 47332.0]]}}}
{"jsonrpc": "2.0", "method": "subscription", "params": {"channel": "book.ETH-14MAR25.none.20.100ms", "data": {"timestamp": 1741761803138, "change_id": 61985667703, "instrument_name": "ETH-14MAR25", "bids": [[1869.5, 7414.0], [1869.25, 62939.0], [1869.0, 1960.0], [1868.75, 2462.0], [1868.5, 2320.0], [1868.25, 8618.0], [1868.0, 26815.0], [1867.75, 26348.0], [1867.5, 4094.0], [1867.25, 7509.0], [1867.0, 28945.0], [1866.75, 114310.0], [1866.5, 52519.0], [1866.25, 1956.0], [1866.0, 1969.0], [1865.75, 2441.0], [1865.5, 1513.0], [1865.0, 23844.0], [1864.75, 50187.0], [1864.5, 78702.0]], "asks": [[1869.75, 3600.0], [1870.0, 8571.0], [1870.25, 6621.0], [1870.5, 14326.0], [1870.75, 26332.0], [1871.0, 6592.0], [1871.25, 8967.0], [1871.5, 22494.0], [1871.75, 31264.0], [1872.0, 2968.0], [1872.25, 1932.0], [1872.5, 1905.0], [1872.75, 1916.0], [1873.0, 4059.0], [1873.25, 9160.0], [1873.5, 1508.0], [1874.25, 440.0], [1874.5, 9202.0], [1874.75, 25786.0], [1875.0, 50422.0]]}}}
{"jsonrpc": "2.0", "method": "subscription", "params": {"channel": "book.ETH-21MAR25.none.20.100ms", "data": {"timestamp": 1741761803018, "change_id": 61985667580, "instrument_name": "ETH-21MAR25", "bids": [[1870.75, 2196.0], [1870.5, 39265.0], [1870.25, 14098.0], [1870.0, 9465.0], [1869.75, 360.0], [1869.5, 28558.0], [1869.25, 91553.0], [1869.0, 1558.0], [1868.75, 1535.0], [1868.5, 1919.0], [1868.25, 9364.0], [1868.0, 22861.0], [1867.75, 1546.0], [1867.5, 15136.0], [1867.25, 46818.0], [1867.0, 2025.0], [1866.75, 3632.0], [1866.5, 6775.0], [1866.25, 46774.0], [1865.75, 1219.0]], "asks": [[1871.25, 8436.0], [1871.5, 13066.0], [1871.75, 16965.0], [1872.0, 6852.0], [1872.25, 9023.0], [1872.5, 15017.0], [1872.75, 7591.0], [1873.0, 6121.0], [1873.25, 5743.0], [1873.5, 1585.0], [1873.75, 5932.0], [1874.0, 16330.0], [1874.25, 1562.0], [1874.5, 8568.0], [1874.75, 31613.0], [1875.0, 23198.0], [1875.25, 46432.0], [1876.5, 1210.0], [1876.75, 1221.0], [1877.0, 47332.0]]}}}
{"jsonrpc": "2.0", "method": "subscription", "params": {"channel": "book.ETH-14MAR25.none.20.100ms", "data": {"timestamp": 1741761803440, "change_id": 61985668025, "instrument_name": "ETH-14MAR25", "bids": [[1869.5, 7414.0], [1869.25, 62939.0], [1869.0, 1960.0], [1868.75, 2462.0], [1868.5, 2320.0], [1868.25, 8618.0], [1868.0, 26815.0], [1867.75, 26348.0], [1867.5, 4094.0], [1867.25, 7509.0], [1867.0, 28945.0], [1866.75, 114310.0], [1866.5, 52519.0], [1866.25, 1956.0], [1866.0, 1969.0], [1865.75, 2441.0], [1865.5, 1513.0], [1865.0, 23844.0], [1864.75, 50187.0], [1864.5, 78702.0]], "asks": [[1869.75, 3600.0], [1870.0, 7078.0], [1870.25, 6621.0], [1870.5, 14326.0], [1870.75, 26332.0], [1871.0, 6592.0], [1871.25, 8967.0], [1871.5, 22494.0], [1871.75, 31264.0], [1872.0, 2968.0], [1872.25, 1932.0], [1872.5, 1905.0], [1872.75, 1916.0], [1873.0, 4059.0], [1873.25, 9160.0], [1873.5, 1508.0], [1874.25, 440.0], [1874.5, 9202.0], [1874.75, 25786.0], [1875.0, 50422.0]]}}}
{"jsonrpc": "2.0", "method": "subscription", "params": {"channel": "book.ETH-14MAR25.none.20.100ms", "data": {"timestamp": 1741761803814, "change_id": 61985668315, "instrument_name": "ETH-14MAR25", "bids": [[1869.75, 5913.0], [1869.5, 23848.0], [1869.25, 62939.0], [1869.0, 1960.0], [1868.75, 2462.0], [1868.5, 2320.0], [1868.25, 8618.0], [1868.0, 26815.0], [1867.75, 26348.0], [1867.5, 4094.0], [1867.25, 7509.0], [1867.0, 28945.0], [1866.75, 114310.0], [1866.5, 52519.0], [1866.25, 1956.0], [1866.0, 1969.0], [1865.75, 2441.0], [1865.5, 1513.0], [1865.0, 23844.0], [1864.75, 50187.0]], "asks": [[1870.0, 5100.0], [1870.25, 6621.0], [1870.5, 14326.0], [1870.75, 26332.0], [1871.0, 6592.0], [1871.25, 8967.0], [1871.5, 22494.0], [1871.75, 31264.0], [1872.0, 2968.0], [1872.25, 1932.0], [1872.5, 1905.0], [1872.75, 1916.0], [1873.0, 4059.0], [1873.25, 9160.0], [1873.5, 1508.0], [1874.25, 440.0], [1874.5, 9202.0], [1874.75, 25786.0], [1875.0, 50422.0], [1875.25, 1535.0]]}}}
{"jsonrpc": "2.0", "method": "subscription", "params": {"channel": "book.ETH-21MAR25.none.20.100ms", "data": {"timestamp": 1741761803668, "change_id": 61985668199, "instrument_name": "ETH-21MAR25", "bids": [[1870.75, 6876.0], [1870.5, 26932.0], [1870.25, 18077.0], [1870.0, 24114.0], [1869.75, 360.0], [1869.5, 28558.0], [1869.25, 91553.0], [1869.0, 1558.0], [1868.75, 1535.0], [1868.5, 1919.0], [1868.25, 9364.0], [1868.0, 22861.0], [1867.75, 1546.0], [1867.5, 15136.0], [1867.25, 46818.0], [1867.0, 2025.0], [1866.75, 3632.0], [1866.5, 6775.0], [1866.25, 46774.0], [1865.75, 1219.0]], "asks": [[1871.25, 8436.0], [1871.5, 13066.0], [1871.75, 16965.0], [1872.0, 6852.0], [1872.25, 9023.0], [1872.5, 15017.0], [1872.75, 7591.0], [1873.0, 6121.0], [1873.25, 5743.0], [1873.5, 1585.0], [1873.75, 5932.0], [1874.0, 16330.0], [1874.25, 1562.0], [1874.5, 8568.0], [1874.75, 31613.0], [1875.0, 23198.0], [1875.25, 46432.0], [1876.5, 1210.0], [1876.75, 1221.0], [1877.0, 47332.0]]}}}
{"jsonrpc": "2.0", "method": "subscription", "params": {"channel": "book.ETH-21MAR25.none.20.100ms", "data": {"timestamp": 1741761804159, "change_id": 61985668796, "instrument_name": "ETH-21MAR25", "bids": [[1870.75, 10976.0], [1870.5, 26932.0], [1870.25, 18077.0], [1870.0, 24114.0], [1869.75, 360.0], [1869.5, 28558.0], [1869.25, 91553.0], [1869.0, 1558.0], [1868.75, 1535.0], [1868.5, 1919.0], [1868.25, 9364.0], [1868.0, 22861.0], [1867.75, 1546.0], [1867.5, 15136.0], [1867.25, 46818.0], [1867.0, 2025.0], [1866.75, 3632.0], [1866.5, 6775.0], [1866.25, 46774.0], [1865.75, 1219.0]], "asks": [[1871.25, 8436.0], [1871.5, 13066.0], [1871.75, 16965.0], [1872.0, 6852.0], [1872.25, 9023.0], [1872.5, 15017.0], [1872.75, 7591.0], [1873.0, 6121.0], [1873.25, 5743.0], [1873.5, 1585.0], [1873.75, 5932.0], [1874.0, 16330.0], [1874.25, 1562.0], [1874.5, 8568.0], [1874.75, 31613.0], [1875.0, 23198.0], [1875.25, 46432.0], [1876.5, 1210.0], [1876.75, 1221.0], [1877.0, 47332.0]]}}}
{"jsonrpc": "2.0", "method": "subscription", "params": {"channel": "book.ETH-14MAR25.none.20.100ms", "data": {"timestamp": 1741761804034, "change_id": 61985668691, "instrument_name": "ETH-14MAR25", "bids": [[1869.75, 5913.0], [1869.5, 23968.0], [1869.25, 62819.0], [1869.0, 1960.0], [1868.75, 2462.0], [1868.5, 2320.0], [1868.25, 8618.0], [1868.0, 26815.0], [1867.75, 26348.0], [1867.5, 4094.0], [1867.25, 7509.0], [1867.0, 28945.0], [1866.75, 114310.0], [1866.5, 52519.0], [1866.25, 1956.0], [1866.0, 1969.0], [1865.75, 2441.0], [1865.5, 1513.0], [1865.0, 23844.0], [1864.75, 50187.0]], "asks": [[1870.0, 5100.0], [1870.25, 6621.0], [1870.5, 14326.0], [1870.75, 26332.0], [1871.0, 6592.0], [1871.25, 8967.0], [1871.5, 22494.0], [1871.75, 31264.0], [1872.0, 2968.0], [1872.25, 1932.0], [1872.5, 1905.0], [1872.75, 1916.0], [1873.0, 4059.0], [1873.25, 9160.0], [1873.5, 1508.0], [1874.25, 440.0], [1874.5, 9202.0], [1874.75, 25786.0], [1875.0, 50422.0], [1875.25, 1535.0]]}}}
{"jsonrpc": "2.0", "method": "subscription", "params": {"channel": "book.ETH-14MAR25.none.20.100ms", "data": {"timestamp": 1741761804484, "change_id": 61985669043, "instrument_name": "ETH-14MAR25", "bids": [[1869.75, 2313.0], [1869.5, 22468.0], [1869.25, 62819.0], [1869.0, 1960.0], [1868.75, 2462.0], [1868.5, 2320.0], [1868.25, 8618.0], [1868.0, 26815.0], [1867.75, 26348.0], [1867.5, 4094.0], [1867.25, 7509.0], [1867.0, 28945.0], [1866.75, 114310.0], [1866.5, 52519.0], [1866.25, 1956.0], [1866.0, 1969.0], [1865.75, 2441.0], [1865.5, 1513.0], [1865.0, 23844.0], [1864.75, 50187.0]], "asks": [[1870.0, 6593.0], [1870.25, 6621.0], [1870.5, 14326.0], [1870.75, 26332.0], [1871.0, 6592.0], [1871.25, 8967.0], [1871.5, 22494.0], [1871.75, 31264.0], [1872.0, 2968.0], [1872.25, 1932.0], [1872.5, 1905.0], [1872.75, 1916.0], [1873.0, 4059.0], [1873.25, 9160.0], [1873.5, 1508.0], [1874.25, 440.0], [1874.5, 9202.0], [1874.75, 25786.0], [1875.0, 50422.0], [1875.25, 1535.0]]}}}
{"jsonrpc": "2.0", "method": "subscription", "params": {"channel": "book.ETH-21MAR25.none.20.100ms", "data": {"timestamp": 1741761804467, "change_id": 61985669036, "instrument_name": "ETH-21MAR25", "bids": [[1870.75, 2210.0], [1870.5, 24722.0], [1870.25, 18077.0], [1870.0, 24114.0], [1869.75, 360.0], [1869.5, 28558.0], [1869.25, 91553.0], [1869.0, 1558.0], [1868.75, 1535.0], [1868.5, 1919.0], [1868.25, 9364.0], [1868.0, 22861.0], [1867.75, 1546.0], [1867.5, 15136.0], [1867.25, 46818.0], [1867.0, 2025.0], [1866.75, 3632.0], [1866.5, 6775.0], [1866.25, 46774.0], [1865.75, 1219.0]], "asks": [[1871.0, 1619.0], [1871.25, 8436.0], [1871.5, 11866.0], [1871.75, 16965.0], [1872.0, 6852.0], [1872.25, 9023.0], [1872.5, 15017.0], [1872.75, 7591.0], [1873.0, 6121.0], [1873.25, 5743.0], [1873.5, 1585.0], [1873.75, 5932.0], [1874.0, 16330.0], [1874.25, 1562.0], [1874.5, 8568.0], [1874.75, 31613.0], [1875.0, 23198.0], [1875.25, 46432.0], [1876.5, 1210.0], [1876.75, 1221.0]]}}}
{"jsonrpc": "2.0", "method": "subscription", "params": {"channel": "book.ETH-14MAR25.none.20.100ms", "data": {"timestamp": 1741761804817, "change_id": 61985669380, "instrument_name": "ETH-14MAR25", "bids": [[1869.5, 2314.0], [1869.25, 54808.0], [1869.0, 4632.0], [1868.75, 10742.0], [1868.5, 2320.0], [1868.25, 8618.0], [1868.0, 26815.0], [1867.75, 26348.0], [1867.5, 4094.0], [1867.25, 7509.0], [1867.0, 28945.0], [1866.75, 114310.0], [1866.5, 52519.0], [1866.25, 1956.0], [1866.0, 1969.0], [1865.75, 2441.0], [1865.5, 1513.0], [1865.0, 23844.0], [1864.75, 50187.0], [1864.5, 78702.0]], "asks": [[1869.75, 5100.0], [1870.0, 8121.0], [1870.25, 8934.0], [1870.5, 12013.0], [1870.75, 26332.0], [1871.0, 6592.0], [1871.25, 8967.0], [1871.5, 22494.0], [1871.75, 31264.0], [1872.0, 2968.0], [1872.25, 1932.0], [1872.5, 1905.0], [1872.75, 1916.0], [1873.0, 4059.0], [1873.25, 9160.0], [1873.5, 1508.0], [1874.25, 440.0], [1874.5, 9202.0], [1874.75, 25786.0], [1875.0, 50422.0]]}}}
{"jsonrpc": "2.0", "method": "subscription", "params": {"channel": "book.ETH-21MAR25.none.20.100ms", "data": {"timestamp": 1741761804805, "change_id": 61985669321, "instrument_name": "ETH-21MAR25", "bids": [[1870.5, 22439.0], [1870.25, 14409.0], [1870.0, 18327.0], [1869.75, 9777.0], [1869.5, 28558.0], [1869.25, 91553.0], [1869.0, 1558.0], [1868.75, 1535.0], [1868.5, 1919.0], [1868.25, 9364.0], [1868.0, 22861.0], [1867.75, 1546.0], [1867.5, 15136.0], [1867.25, 46818.0], [1867.0, 2025.0], [1866.75, 3632.0], [1866.5, 6775.0], [1866.25, 46774.0], [1865.75, 1219.0], [1865.5, 1224.0]], "asks": [[1871.0, 4283.0], [1871.25, 7236.0], [1871.5, 11866.0], [1871.75, 16965.0], [1872.0, 6852.0], [1872.25, 9023.0], [1872.5, 15017.0], [1872.75, 7591.0], [1873.0, 6121.0], [1873.25, 5743.0], [1873.5, 1585.0], [1873.75, 5932.0], [1874.0, 16330.0], [1874.25, 1562.0], [1874.5, 8568.0], [1874.75, 31613.0], [1875.0, 23198.0], [1875.25, 46432.0], [1876.5, 1210.0], [1876.75, 1221.0]]}}}
{"jsonrpc": "2.0", "method": "subscription", "params": {"channel": "book.ETH-21MAR25.none.20.100ms", "data": {"timestamp": 1741761805147, "change_id": 61985669941, "instrument_name": "ETH-21MAR25", "bids": [[1870.5, 24343.0], [1870.25, 12615.0], [1870.0, 8064.0], [1869.75, 24351.0], [1869.5, 28558.0], [1869.25, 91553.0], [1869.0, 1558.0], [1868.75, 1535.0], [1868.5, 1919.0], [1868.25, 9364.0], [1868.0, 22861.0], [1867.75, 1546.0], [1867.5, 15136.0], [1867.25, 46818.0], [1867.0, 2025.0], [1866.75, 3632.0], [1866.5, 6775.0], [1866.25, 46774.0], [1865.75, 1219.0], [1865.5, 1224.0]], "asks": [[1871.0, 3094.0], [1871.25, 7236.0], [1871.5, 11866.0], [1871.75, 16965.0], [1872.0, 6852.0], [1872.25, 9023.0], [1872.5, 15017.0], [1872.75, 7591.0], [1873.0, 6121.0], [1873.25, 5743.0], [1873.5, 1585.0], [1873.75, 5932.0], [1874.0, 16330.0], [1874.25, 1562.0], [1874.5, 8568.0], [1874.75, 31613.0], [1875.0, 23198.0], [1875.25, 46432.0], [1876.5, 1210.0], [1876.75, 1221.0]]}}}
{"jsonrpc": "2.0", "method": "subscription", "params": {"channel": "book.ETH-14MAR25.none.20.100ms", "data": {"timestamp": 1741761805116, "change_id": 61985669935, "instrument_name": "ETH-14MAR25", "bids": [[1869.5, 5913.0], [1869.25, 22891.0], [1869.0, 26285.0], [1868.75, 1921.0], [1868.5, 11037.0], [1868.25, 8618.0], [1868.0, 26815.0], [1867.75, 26348.0], [1867.5, 4094.0], [1867.25, 7509.0], [1867.0, 28945.0], [1866.75, 114310.0], [1866.5, 52519.0], [1866.25, 1956.0], [1866.0, 1969.0], [1865.75, 2441.0], [1865.5, 1513.0], [1865.0, 23844.0], [1864.75, 50187.0], [1864.5, 78702.0]], "asks": [[1869.75, 5101.0], [1870.0, 8121.0], [1870.25, 8934.0], [1870.5, 12133.0], [1870.75, 26212.0], [1871.0, 13997.0], [1871.25, 34289.0], [1871.5, 14029.0], [1871.75, 2342.0], [1872.0, 2968.0], [1872.25, 1932.0], [1872.5, 1905.0], [1872.75, 1916.0], [1873.0, 4059.0], [1873.25, 9160.0], [1873.5, 1508.0], [1874.25, 440.0], [1874.5, 9202.0], [1874.75, 25786.0], [1875.0, 50422.0]]}}}
{"jsonrpc": "2.0", "method": "subscription", "params": {"channel": "book.ETH-14MAR25.none.20.100ms", "data": {"timestamp": 1741761805479, "change_id": 61985670166, "instrument_name": "ETH-14MAR25", "bids": [[1869.5, 5913.0], [1869.25, 22891.0], [1869.0, 26285.0], [1868.75, 1921.0], [1868.5, 11037.0], [1868.25, 8618.0], [1868.0, 26815.0], [1867.75, 26348.0], [1867.5, 4094.0], [1867.25, 7509.0], [1867.0, 28945.0], [1866.75, 114310.0], [1866.5, 52519.0], [1866.25, 1956.0], [1866.0, 1969.0], [1865.75, 2441.0], [1865.5, 1513.0], [1865.0, 23844.0], [1864.75, 50187.0], [1864.5, 78702.0]], "asks": [[1869.75, 3600.0], [1870.0, 8121.0], [1870.25, 8934.0], [1870.5, 19542.0], [1870.75, 16212.0], [1871.0, 13997.0], [1871.25, 34289.0], [1871.5, 14029.0], [1871.75, 2342.0], [1872.0, 2968.0], [1872.25, 1932.0], [1872.5, 1905.0], [1872.75, 1916.0], [1873.0, 4059.0], [1873.25, 9160.0], [1873.5, 1508.0], [1874.25, 440.0], [1874.5, 9202.0], [1874.75, 25786.0], [1875.0, 50422.0]]}}}
{"jsonrpc": "2.0", "method": "subscription", "params": {"channel": "book.ETH-14MAR25.none.20.100ms", "data": {"timestamp": 1741761805801, "change_id": 61985670346, "instrument_name": "ETH-14MAR25", "bids": [[1869.5, 2313.0], [1869.25, 22891.0], [1869.0, 26285.0], [1868.75, 1921.0], [1868.5, 11037.0], [1868.25, 8618.0], [1868.0, 26815.0], [1867.75, 26348.0], [1867.5, 4094.0], [1867.25, 7509.0], [1867.0, 28945.0], [1866.75, 114310.0], [1866.5, 52519.0], [1866.25, 1956.0], [1866.0, 1969.0], [1865.75, 2441.0], [1865.5, 1513.0], [1865.0, 23844.0], [1864.75, 50187.0], [1864.5, 78702.0]], "asks": [[1869.75, 3600.0], [1870.0, 8121.0], [1870.25, 8934.0], [1870.5, 19542.0], [1870.75, 16212.0], [1871.0, 13997.0], [1871.25, 34289.0], [1871.5, 14029.0], [1871.75, 2342.0], [1872.0, 2968.0], [1872.25, 1932.0], [1872.5, 1905.0], [1872.75, 1916.0], [1873.0, 4059.0], [1873.25, 9160.0], [1873.5, 1508.0], [1874.25, 440.0], [1874.5, 9202.0], [1874.75, 25786.0], [1875.0, 50422.0]]}}}
{"jsonrpc": "2.0", "method": "subscription", "params": {"channel": "book.ETH-21MAR25.none.20.100ms", "data": {"timestamp": 1741761805655, "change_id": 61985670254, "instrument_name": "ETH-21MAR25", "bids": [[1870.5, 24343.0], [1870.25, 12615.0], [1870.0, 8064.0], [1869.75, 24351.0], [1869.5, 28558.0], [1869.25, 91553.0], [1869.0, 1558.0], [1868.75, 1535.0], [1868.5, 1919.0], [1868.25, 9364.0], [1868.0, 22861.0], [1867.75, 1546.0], [1867.5, 15136.0], [1867.25, 46818.0], [1867.0, 2025.0], [1866.75, 3632.0], [1866.5, 6775.0], [1866.25, 46774.0], [1865.75, 1219.0], [1865.5, 1224.0]], "asks": [[1871.0, 3094.0], [1871.25, 7236.0], [1871.5, 11986.0], [1871.75, 16845.0], [1872.0, 6852.0], [1872.25, 9023.0], [1872.5, 15017.0], [1872.75, 7591.0], [1873.0, 6121.0], [1873.25, 5743.0], [1873.5, 1585.0], [1873.75, 5932.0], [1874.0, 16330.0], [1874.25, 1562.0], [1874.5, 8568.0], [1874.75, 31613.0], [1875.0, 23198.0], [1875.25, 46432.0], [1876.5, 1210.0], [1876.75, 1221.0]]}}}
{"jsonrpc": "2.0", "method": "subscription", "params": {"channel": "book.ETH-14MAR25.none.20.100ms", "data": {"timestamp": 1741761806105, "change_id": 61985670840, "instrument_name": "ETH-14MAR25", "bids": [[1869.5, 5913.0], [1869.25, 22891.0], [1869.0, 26285.0], [1868.75, 4480.0], [1868.5, 11037.0], [1868.25, 8618.0], [1868.0, 26815.0], [1867.75, 26348.0], [1867.5, 4094.0], [1867.25, 7509.0], [1867.0, 28945.0], [1866.75, 114310.0], [1866.5, 52519.0], [1866.25, 1956.0], [1866.0, 1969.0], [1865.75, 2441.0], [1865.5, 1513.0], [1865.0, 23844.0], [1864.75, 50187.0], [1864.5, 78702.0]], "asks": [[1869.75, 5100.0], [1870.0, 8121.0], [1870.25, 8934.0], [1870.5, 19542.0], [1870.75, 16212.0], [1871.0, 13997.0], [1871.25, 34289.0], [1871.5, 14029.0], [1871.75, 2342.0], [1872.0, 2968.0], [1872.25, 1932.0], [1872.5, 1905.0], [1872.75, 1916.0], [1873.0, 4059.0], [1873.25, 9160.0], [1873.5, 1508.0], [1874.25, 440.0], [1874.5, 9202.0], [1874.75, 25786.0], [1875.0, 50422.0]]}}}
{"jsonrpc": "2.0", "method": "subscription", "params": {"channel": "book.ETH-14MAR25.none.20.100ms", "data": {"timestamp": 1741761806423, "change_id": 61985671090, "instrument_name": "ETH-14MAR25", "bids": [[1869.5, 5914.0], [1869.25, 22891.0], [1869.0, 26285.0], [1868.75, 4480.0], [1868.5, 11037.0], [1868.25, 8618.0], [1868.0, 26815.0], [1867.75, 26348.0], [1867.5, 4094.0], [1867.25, 7509.0], [1867.0, 28945.0], [1866.75, 114310.0], [1866.5, 52519.0], [1866.25, 1956.0], [1866.0, 1969.0], [1865.75, 2441.0], [1865.5, 1513.0], [1865.0, 23844.0], [1864.75, 50187.0], [1864.5, 78702.0]], "asks": [[1869.75, 3600.0], [1870.0, 8121.0], [1870.25, 8934.0], [1870.5, 19542.0], [1870.75, 16212.0], [1871.0, 13997.0], [1871.25, 34289.0], [1871.5, 14029.0], [1871.75, 2342.0], [1872.0, 2968.0], [1872.25, 1932.0], [1872.5, 1905.0], [1872.75, 1916.0], [1873.0, 4059.0], [1873.25, 9160.0], [1873.5, 1508.0], [1874.25, 440.0], [1874.5, 9202.0], [1874.75, 25786.0], [1875.0, 50422.0]]}}}
{"jsonrpc": "2.0", "method": "subscription", "params": {"channel": "book.ETH-14MAR25.none.20.100ms", "data": {"timestamp": 1741761806774, "change_id": 61985671323, "instrument_name": "ETH-14MAR25", "bids": [[1869.5, 7413.0], [1869.25, 22891.0], [1869.0, 41238.0], [1868.75, 4480.0], [1868.5, 11037.0], [1868.25, 8618.0], [1868.0, 26815.0], [1867.75, 26348.0], [1867.5, 4094.0], [1867.25, 7509.0], [1867.0, 28945.0], [1866.75, 114310.0], [1866.5, 52519.0], [1866.25, 1956.0], [1866.0, 1969.0], [1865.75, 2441.0], [1865.5, 1513.0], [1865.0, 23844.0], [1864.75, 50187.0], [1864.5, 78702.0]], "asks": [[1869.75, 3600.0], [1870.0, 6628.0], [1870.25, 8934.0], [1870.5, 19542.0], [1870.75, 16212.0], [1871.0, 13997.0], [1871.25, 34289.0], [1871.5, 14029.0], [1871.75, 2342.0], [1872.0, 2968.0], [1872.25, 1932.0], [1872.5, 1905.0], [1872.75, 1916.0], [1873.0, 4059.0], [1873.25, 9160.0], [1873.5, 1508.0], [1874.25, 440.0], [1874.5, 9202.0], [1874.75, 25786.0], [1875.0, 50422.0]]}}}
{"jsonrpc": "2.0", "method": "subscription", "params": {"channel": "book.ETH-21MAR25.none.20.100ms", "data": {"timestamp": 1741761806499, "change_id": 61985671113, "instrument_name": "ETH-21MAR25", "bids": [[1870.5, 25543.0], [1870.25, 13787.0], [1870.0, 8064.0], [1869.75, 24351.0], [1869.5, 28558.0], [1869.25, 91553.0], [1869.0, 1558.0], [1868.75, 1535.0], [1868.5, 1919.0], [1868.25, 9364.0], [1868.0, 22861.0], [1867.75, 1546.0], [1867.5, 15136.0], [1867.25, 46818.0], [1867.0, 2025.0], [1866.75, 3632.0], [1866.5, 6775.0], [1866.25, 46774.0], [1865.75, 1219.0], [1865.5, 1224.0]], "asks": [[1871.0, 3094.0], [1871.25, 7236.0], [1871.5, 11986.0], [1871.75, 16845.0], [1872.0, 6852.0], [1872.25, 9023.0], [1872.5, 15017.0], [1872.75, 7591.0], [1873.0, 6121.0], [1873.25, 5743.0], [1873.5, 1585.0], [1873.75, 5932.0], [1874.0, 16330.0], [1874.25, 1562.0], [1874.5, 8568.0], [1874.75, 31613.0], [1875.0, 23198.0], [1875.25, 46432.0], [1876.5, 1210.0], [1876.75, 1221.0]]}}}
{"jsonrpc": "2.0", "method": "subscription", "params": {"channel": "book.ETH-14MAR25.none.20.100ms", "data": {"timestamp": 1741761806859, "change_id": 61985671412, "instrument_name": "ETH-14MAR25", "bids": [[1869.5, 7414.0], [1869.25, 26472.0], [1869.0, 41238.0], [1868.75, 4480.0], [1868.5, 11037.0], [1868.25, 8618.0], [1868.0, 26815.0], [1867.75, 26348.0], [1867.5, 4094.0], [1867.25, 7509.0], [1867.0, 28945.0], [1866.75, 114310.0], [1866.5, 52519.0], [1866.25, 1956.0], [1866.0, 1969.0], [1865.75, 2441.0], [1865.5, 1513.0], [1865.0, 23844.0], [1864.75, 50187.0], [1864.5, 78702.0]], "asks": [[1869.75, 3600.0], [1870.0, 6628.0], [1870.25, 8934.0], [1870.5, 19542.0], [1870.75, 16212.0], [1871.0, 13997.0], [1871.25, 34289.0], [1871.5, 14029.0], [1871.75, 2342.0], [1872.0, 2968.0], [1872.25, 1932.0], [1872.5, 1905.0], [1872.75, 1916.0], [1873.0, 4059.0], [1873.25, 9160.0], [1873.5, 1508.0], [1874.25, 440.0], [1874.5, 9202.0], [1874.75, 25786.0], [1875.0, 50422.0]]}}}
{"jsonrpc": "2.0", "method": "subscription", "params": {"channel": "book.ETH-14MAR25.none.20.100ms", "data": {"timestamp": 1741761807410, "change_id": 61985671955, "instrument_name": "ETH-14MAR25", "bids": [[1869.5, 7414.0], [1869.25, 26472.0], [1869.0, 41238.0], [1868.75, 4480.0], [1868.5, 11037.0], [1868.25, 8618.0], [1868.0, 26815.0], [1867.75, 26348.0], [1867.5, 4094.0], [1867.25, 7509.0], [1867.0, 28945.0], [1866.75, 114310.0], [1866.5, 52519.0], [1866.25, 1956.0], [1866.0, 1969.0], [1865.75, 2441.0], [1865.5, 1513.0], [1865.0, 23844.0], [1864.75, 50187.0], [1864.5, 78702.0]], "asks": [[1869.75, 3600.0], [1870.0, 8111.0], [1870.25, 11779.0], [1870.5, 19542.0], [1870.75, 16212.0], [1871.0, 13997.0], [1871.25, 34289.0], [1871.5, 14029.0], [1871.75, 2342.0], [1872.0, 2968.0], [1872.25, 1932.0], [1872.5, 1905.0], [1872.75, 1916.0], [1873.0, 4059.0], [1873.25, 9160.0], [1873.5, 1508.0], [1874.25, 440.0], [1874.5, 9202.0], [1874.75, 25786.0], [1875.0, 50422.0]]}}}
{"jsonrpc": "2.0", "method": "subscription", "params": {"channel": "book.ETH-14MAR25.none.20.100ms", "data": {"timestamp": 1741761807788, "change_id": 61985672126, "instrument_name": "ETH-14MAR25", "bids": [[1869.5, 7414.0], [1869.25, 26472.0], [1869.0, 41238.0], [1868.75, 4480.0], [1868.5, 11037.0], [1868.25, 8618.0], [1868.0, 26815.0], [1867.75, 26348.0], [1867.5, 4094.0], [1867.25, 7509.0], [1867.0, 28945.0], [1866.75, 114310.0], [1866.5, 52519.0], [1866.25, 1956.0], [1866.0, 1969.0], [1865.75, 2441.0], [1865.5, 1513.0], [1865.0, 23844.0], [1864.75, 50187.0], [1864.5, 78702.0]], "asks": [[1869.75, 3600.0], [1870.0, 8111.0], [1870.25, 11779.0], [1870.5, 19542.0], [1870.75, 16212.0], [1871.0, 13997.0], [1871.25, 34289.0], [1871.5, 14029.0], [1871.75, 2342.0], [1872.0, 2968.0], [1872.25, 1932.0], [1872.5, 1905.0], [1872.75, 1916.0], [1873.0, 4059.0], [1873.25, 9160.0], [1873.5, 1508.0], [1874.25, 440.0], [1874.5, 9202.0], [1874.75, 25786.0], [1875.0, 50422.0]]}}}
{"jsonrpc": "2.0", "method": "subscription", "params": {"channel": "book.ETH-14MAR25.none.20.100ms", "data": {"timestamp": 1741761808036, "change_id": 61985672503, "instrument_name": "ETH-14MAR25", "bids": [[1869.5, 7413.0], [1869.25, 26472.0], [1869.0, 41238.0], [1868.75, 4480.0], [1868.5, 11037.0], [1868.25, 8618.0], [1868.0, 26815.0], [1867.75, 26348.0], [1867.5, 4094.0], [1867.25, 7509.0], [1867.0, 28945.0], [1866.75, 114310.0], [1866.5, 52519.0], [1866.25, 1956.0], [1866.0, 1969.0], [1865.75, 2441.0], [1865.5, 1513.0], [1865.0, 23844.0], [1864.75, 50187.0], [1864.5, 78702.0]], "asks": [[1869.75, 3600.0], [1870.0, 8111.0], [1870.25, 11779.0], [1870.5, 19542.0], [1870.75, 16212.0], [1871.0, 13997.0], [1871.25, 34289.0], [1871.5, 14029.0], [1871.75, 2342.0], [1872.0, 2968.0], [1872.25, 1932.0], [1872.5, 1905.0], [1872.75, 1916.0], [1873.0, 4059.0], [1873.25, 9160.0], [1873.5, 1508.0], [1874.25, 440.0], [1874.5, 9202.0], [1874.75, 25786.0], [1875.0, 50422.0]]}}}
{"jsonrpc": "2.0", "method": "subscription", "params": {"channel": "book.ETH-14MAR25.none.20.100ms", "data": {"timestamp": 1741761808429, "change_id": 61985672825, "instrument_name": "ETH-14MAR25", "bids": [[1869.5, 7413.0], [1869.25, 26472.0], [1869.0, 41238.0], [1868.75, 4480.0], [1868.5, 11037.0], [1868.25, 8618.0], [1868.0, 26815.0], [1867.75, 26348.0], [1867.5, 4094.0], [1867.25, 7509.0], [1867.0, 28945.0], [1866.75, 114310.0], [1866.5, 52519.0], [1866.25, 1956.0], [1866.0, 1969.0], [1865.75, 2441.0], [1865.5, 1513.0], [1865.0, 23844.0], [1864.75, 50187.0], [1864.5, 78702.0]], "asks": [[1869.75, 3600.0], [1870.0, 5128.0], [1870.25, 9466.0], [1870.5, 21855.0], [1870.75, 16212.0], [1871.0, 13997.0], [1871.25, 34289.0], [1871.5, 14029.0], [1871.75, 2342.0], [1872.0, 2968.0], [1872.25, 1932.0], [1872.5, 1905.0], [1872.75, 1916.0], [1873.0, 4059.0], [1873.25, 9160.0], [1873.5, 1508.0], [1874.25, 440.0], [1874.5, 9202.0], [1874.75, 25786.0], [1875.0, 50422.0]]}}}
{"jsonrpc": "2.0", "method": "subscription", "params": {"channel": "book.ETH-14MAR25.none.20.100ms", "data": {"timestamp": 1741761808784, "change_id": 61985673020, "instrument_name": "ETH-14MAR25", "bids": [[1869.5, 7413.0], [1869.25, 22891.0], [1869.0, 26285.0], [1868.75, 4480.0], [1868.5, 11037.0], [1868.25, 8618.0], [1868.0, 26815.0], [1867.75, 26348.0], [1867.5, 4094.0], [1867.25, 7509.0], [1867.0, 28945.0], [1866.75, 114310.0], [1866.5, 52519.0], [1866.25, 1956.0], [1866.0, 1969.0], [1865.75, 2441.0], [1865.5, 1513.0], [1865.0, 23844.0], [1864.75, 50187.0], [1864.5, 78702.0]], "asks": [[1869.75, 3600.0], [1870.0, 5128.0], [1870.25, 9466.0], [1870.5, 21855.0], [1870.75, 16212.0], [1871.0, 13997.0], [1871.25, 34289.0], [1871.5, 14029.0], [1871.75, 2342.0], [1872.0, 2968.0], [1872.25, 1932.0], [1872.5, 1905.0], [1872.75, 1916.0], [1873.0, 4059.0], [1873.25, 9160.0], [1873.5, 1508.0], [1874.25, 440.0], [1874.5, 9202.0], [1874.75, 25786.0], [1875.0, 50422.0]]}}}
{"jsonrpc": "2.0", "method": "subscription", "params": {"channel": "book.ETH-14MAR25.none.20.100ms", "data": {"timestamp": 1741761809099, "change_id": 61985673490, "instrument_name": "ETH-14MAR25", "bids": [[1869.5, 7414.0], [1869.25, 26472.0], [1869.0, 41238.0], [1868.75, 4480.0], [1868.5, 11037.0], [1868.25, 8618.0], [1868.0, 26815.0], [1867.75, 26348.0], [1867.5, 4094.0], [1867.25, 7509.0], [1867.0, 28945.0], [1866.75, 114310.0], [1866.5, 52519.0], [1866.25, 1956.0], [1866.0, 1969.0], [1865.75, 2441.0], [1865.5, 1513.0], [1865.0, 23844.0], [1864.75, 50187.0], [1864.5, 78702.0]], "asks": [[1869.75, 3600.0], [1870.0, 5128.0], [1870.25, 9466.0], [1870.5, 21855.0], [1870.75, 16212.0], [1871.0, 13997.0], [1871.25, 34289.0], [1871.5, 14029.0], [1871.75, 2342.0], [1872.0, 2968.0], [1872.25, 1932.0], [1872.5, 1905.0], [1872.75, 1916.0], [1873.0, 4059.0], [1873.25, 9160.0], [1873.5, 1508.0], [1874.25, 440.0], [1874.5, 9202.0], [1874.75, 25786.0], [1875.0, 50422.0]]}}}
{"jsonrpc": "2.0", "method": "subscription", "params": {"channel": "book.ETH-14MAR25.none.20.100ms", "data": {"timestamp": 1741761809409, "change_id": 61985673689, "instrument_name": "ETH-14MAR25", "bids": [[1869.5, 7413.0], [1869.25, 22891.0], [1869.0, 26285.0], [1868.75, 4480.0], [1868.5, 11037.0], [1868.25, 8618.0], [1868.0, 26815.0], [1867.75, 26348.0], [1867.5, 4094.0], [1867.25, 7509.0], [1867.0, 28945.0], [1866.75, 114310.0], [1866.5, 52519.0], [1866.25, 1956.0], [1866.0, 1969.0], [1865.75, 2441.0], [1865.5, 1513.0], [1865.0, 23844.0], [1864.75, 50187.0], [1864.5, 78702.0]], "asks": [[1869.75, 3600.0], [1870.0, 6611.0], [1870.25, 9466.0], [1870.5, 21855.0], [1870.75, 16212.0], [1871.0, 13997.0], [1871.25, 34289.0], [1871.5, 14029.0], [1871.75, 2342.0], [1872.0, 2968.0], [1872.25, 1932.0], [1872.5, 1905.0], [1872.75, 1916.0], [1873.0, 4059.0], [1873.25, 9160.0], [1873.5, 1508.0], [1874.25, 440.0], [1874.5, 9202.0], [1874.75, 25786.0], [1875.0, 50422.0]]}}}
{"jsonrpc": "2.0", "method": "subscription", "params": {"channel": "book.ETH-14MAR25.none.20.100ms", "data": {"timestamp": 1741761809720, "change_id": 61985673827, "instrument_name": "ETH-14MAR25", "bids": [[1869.5, 7414.0], [1869.25, 22891.0], [1869.0, 26285.0], [1868.75, 4480.0], [1868.5, 11037.0], [1868.25, 8618.0], [1868.0, 26815.0], [1867.75, 26348.0], [1867.5, 4094.0], [1867.25, 7509.0], [1867.0, 28945.0], [1866.75, 114310.0], [1866.5, 52519.0], [1866.25, 1956.0], [1866.0, 1969.0], [1865.75, 2441.0], [1865.5, 1513.0], [1865.0, 23844.0], [1864.75, 50187.0], [1864.5, 78702.0]], "asks": [[1869.75, 3600.0], [1870.0, 6611.0], [1870.25, 9466.0], [1870.5, 21855.0], [1870.75, 16212.0], [1871.0, 13997.0], [1871.25, 34289.0], [1871.5, 14029.0], [1871.75, 2342.0], [1872.0, 2968.0], [1872.25, 1932.0], [1872.5, 1905.0], [1872.75, 1916.0], [1873.0, 4059.0], [1873.25, 9160.0], [1873.5, 1508.0], [1874.25, 440.0], [1874.5, 9202.0], [1874.75, 25786.0], [1875.0, 50422.0]]}}}
{"jsonrpc": "2.0", "method": "subscription", "params": {"channel": "book.ETH-14MAR25.none.20.100ms", "data": {"timestamp": 1741761810052, "change_id": 61985674274, "instrument_name": "ETH-14MAR25", "bids": [[1869.5, 7413.0], [1869.25, 37845.0], [1869.0, 26285.0], [1868.75, 4480.0], [1868.5, 11037.0], [1868.25, 8618.0], [1868.0, 26815.0], [1867.75, 26348.0], [1867.5, 4094.0], [1867.25, 7509.0], [1867.0, 28945.0], [1866.75, 114310.0], [1866.5, 52519.0], [1866.25, 1956.0], [1866.0, 1969.0], [1865.75, 2441.0], [1865.5, 1513.0], [1865.0, 23844.0], [1864.75, 50187.0], [1864.5, 78702.0]], "asks": [[1869.75, 3600.0], [1870.0, 5128.0], [1870.25, 9466.0], [1870.5, 21855.0], [1870.75, 16212.0], [1871.0, 13997.0], [1871.25, 34289.0], [1871.5, 14029.0], [1871.75, 2342.0], [1872.0, 2968.0], [1872.25, 1932.0], [1872.5, 1905.0], [1872.75, 1916.0], [1873.0, 4059.0], [1873.25, 9160.0], [1873.5, 8793.0], [1873.75, 24282.0], [1874.25, 440.0], [1874.5, 1942.0], [1874.75, 1504.0]]}}}
{"jsonrpc": "2.0", "method": "subscription", "params": {"channel": "book.ETH-21MAR25.none.20.100ms", "data": {"timestamp": 1741761810176, "change_id": 61985674309, "instrument_name": "ETH-21MAR25", "bids": [[1870.5, 10578.0], [1870.25, 13787.0], [1870.0, 8064.0], [1869.75, 24351.0], [1869.5, 28558.0], [1869.25, 91553.0], [1869.0, 1558.0], [1868.75, 1535.0], [1868.5, 1919.0], [1868.25, 9364.0], [1868.0, 22861.0], [1867.75, 1546.0], [1867.5, 15136.0], [1867.25, 46818.0], [1867.0, 2025.0], [1866.75, 3632.0], [1866.5, 6775.0], [1866.25, 46774.0], [1865.75, 1219.0], [1865.5, 1224.0]], "asks": [[1871.0, 3094.0], [1871.25, 7236.0], [1871.5, 11986.0], [1871.75, 16845.0], [1872.0, 6852.0], [1872.25, 9023.0], [1872.5, 15017.0], [1872.75, 7591.0], [1873.0, 6121.0], [1873.25, 5743.0], [1873.5, 1585.0], [1873.75, 5932.0], [1874.0, 16330.0], [1874.25, 1562.0], [1874.5, 8568.0], [1874.75, 31613.0], [1875.0, 23198.0], [1875.25, 46432.0], [1876.5, 1210.0], [1876.75, 1221.0]]}}}
{"jsonrpc": "2.0", "method": "subscription", "params": {"channel": "book.ETH-14MAR25.none.20.100ms", "data": {"timestamp": 1741761810419, "change_id": 61985674504, "instrument_name": "ETH-14MAR25", "bids": [[1869.5, 7413.0], [1869.25, 22891.0], [1869.0, 26285.0], [1868.75, 4480.0], [1868.5, 11037.0], [1868.25, 8618.0], [1868.0, 26815.0], [1867.75, 26348.0], [1867.5, 4094.0], [1867.25, 7509.0], [1867.0, 28945.0], [1866.75, 114310.0], [1866.5, 52519.0], [1866.25, 1956.0], [1866.0, 1969.0], [1865.75, 2441.0], [1865.5, 1513.0], [1865.0, 23844.0], [1864.75, 50187.0], [1864.5, 78702.0]], "asks": [[1869.75, 3600.0], [1870.0, 5128.0], [1870.25, 9466.0], [1870.5, 21855.0], [1870.75, 16212.0], [1871.0, 13997.0], [1871.25, 34289.0], [1871.5, 14029.0], [1871.75, 2342.0], [1872.0, 2968.0], [1872.25, 1932.0], [1872.5, 1905.0], [1872.75, 1916.0], [1873.0, 4059.0], [1873.25, 9160.0], [1873.5, 8793.0], [1873.75, 24282.0], [1874.25, 440.0], [1874.5, 1942.0], [1874.75, 1504.0]]}}}
{"jsonrpc": "2.0", "method": "subscription", "params": {"channel": "book.ETH-21MAR25.none.20.100ms", "data": {"timestamp": 1741761810633, "change_id": 61985674601, "instrument_name": "ETH-21MAR25", "bids": [[1870.5, 25543.0], [1870.25, 13787.0], [1870.0, 8064.0], [1869.75, 24351.0], [1869.5, 28558.0], [1869.25, 91553.0], [1869.0, 1558.0], [1868.75, 1535.0], [1868.5, 1919.0], [1868.25, 9364.0], [1868.0, 22861.0], [1867.75, 1546.0], [1867.5, 15136.0], [1867.25, 46818.0], [1867.0, 2025.0], [1866.75, 3632.0], [1866.5, 6775.0], [1866.25, 46774.0], [1865.75, 1219.0], [1865.5, 1224.0]], "asks": [[1871.0, 3094.0], [1871.25, 7236.0], [1871.5, 11986.0], [1871.75, 16845.0], [1872.0, 6852.0], [1872.25, 9023.0], [1872.5, 15017.0], [1872.75, 7591.0], [1873.0, 6121.0], [1873.25, 5743.0], [1873.5, 1585.0], [1873.75, 5932.0], [1874.0, 16330.0], [1874.25, 1562.0], [1874.5, 8568.0], [1874.75, 31613.0], [1875.0, 23198.0], [1875.25, 46432.0], [1876.5, 1210.0], [1876.75, 1221.0]]}}}
{"jsonrpc": "2.0", "method": "subscription", "params": {"channel": "book.ETH-14MAR25.none.20.100ms", "data": {"timestamp": 1741761810635, "change_id": 61985674603, "instrument_name": "ETH-14MAR25", "bids": [[1869.5, 7413.0], [1869.25, 37845.0], [1869.0, 26285.0], [1868.75, 4480.0], [1868.5, 11037.0], [1868.25, 8618.0], [1868.0, 26815.0], [1867.75, 26348.0], [1867.5, 4094.0], [1867.25, 7509.0], [1867.0, 28945.0], [1866.75, 114310.0], [1866.5, 52519.0], [1866.25, 1956.0], [1866.0, 1969.0], [1865.75, 2441.0], [1865.5, 1513.0], [1865.0, 23844.0], [1864.75, 50187.0], [1864.5, 78702.0]], "asks": [[1869.75, 3600.0], [1870.0, 5128.0], [1870.25, 9466.0], [1870.5, 21855.0], [1870.75, 16212.0], [1871.0, 13997.0], [1871.25, 34289.0], [1871.5, 14029.0], [1871.75, 2342.0], [1872.0, 2968.0], [1872.25, 1932.0], [1872.5, 1905.0], [1872.75, 1916.0], [1873.0, 4059.0], [1873.25, 9160.0], [1873.5, 8793.0], [1873.75, 24282.0], [1874.25, 440.0], [1874.5, 1942.0], [1874.75, 1504.0]]}}}
{"jsonrpc": "2.0", "method": "subscription", "params": {"channel": "book.ETH-14MAR25.none.20.100ms", "data": {"timestamp": 1741761811088, "change_id": 61985675106, "instrument_name": "ETH-14MAR25", "bids": [[1869.5, 7413.0], [1869.25, 22891.0], [1869.0, 26285.0], [1868.75, 4480.0], [1868.5, 11037.0], [1868.25, 8618.0], [1868.0, 26815.0], [1867.75, 26348.0], [1867.5, 4094.0], [1867.25, 7509.0], [1867.0, 28945.0], [1866.75, 114310.0], [1866.5, 52519.0], [1866.25, 1956.0], [1866.0, 1969.0], [1865.75, 2441.0], [1865.5, 1513.0], [1865.0, 23844.0], [1864.75, 50187.0], [1864.5, 78702.0]], "asks": [[1869.75, 3600.0], [1870.0, 5128.0], [1870.25, 9466.0], [1870.5, 21855.0], [1870.75, 16212.0], [1871.0, 13997.0], [1871.25, 34289.0], [1871.5, 14029.0], [1871.75, 2342.0], [1872.0, 2968.0], [1872.25, 1932.0], [1872.5, 1905.0], [1872.75, 1916.0], [1873.0, 4059.0], [1873.25, 9160.0], [1873.5, 8793.0], [1873.75, 24282.0], [1874.25, 440.0], [1874.5, 1942.0], [1874.75, 1504.0]]}}}
{"jsonrpc": "2.0", "method": "subscription", "params": {"channel": "book.ETH-14MAR25.none.20.100ms", "data": {"timestamp": 1741761811400, "change_id": 61985675655, "instrument_name": "ETH-14MAR25", "bids": [[1869.75, 9424.0], [1869.5, 21952.0], [1869.25, 54808.0], [1869.0, 1960.0], [1868.75, 4480.0], [1868.5, 11037.0], [1868.25, 8618.0], [1868.0, 26815.0], [1867.75, 26348.0], [1867.5, 4094.0], [1867.25, 7509.0], [1867.0, 28945.0], [1866.75, 114310.0], [1866.5, 52519.0], [1866.25, 1956.0], [1866.0, 1969.0], [1865.75, 2441.0], [1865.5, 1513.0], [1865.0, 23844.0], [1864.75, 50187.0]], "asks": [[1870.25, 5128.0], [1870.5, 9542.0], [1870.75, 21402.0], [1871.0, 23997.0], [1871.25, 31942.0], [1871.5, 13723.0], [1871.75, 2342.0], [1872.0, 2968.0], [1872.25, 1932.0], [1872.5, 1905.0], [1872.75, 1916.0], [1873.0, 4059.0], [1873.25, 9160.0], [1873.5, 8793.0], [1873.75, 24282.0], [1874.25, 440.0], [1874.5, 1942.0], [1874.75, 1504.0], [1875.0, 50422.0], [1875.25, 1535.0]]}}}
{"jsonrpc": "2.0", "method": "subscription", "params": {"channel": "book.ETH-21MAR25.none.20.100ms", "data": {"timestamp": 1741761811409, "change_id": 61985675653, "instrument_name": "ETH-21MAR25", "bids": [[1870.75, 14289.0], [1870.5, 24505.0], [1870.25, 13787.0], [1870.0, 8064.0], [1869.75, 24351.0], [1869.5, 28558.0], [1869.25, 91553.0], [1869.0, 1558.0], [1868.75, 1535.0], [1868.5, 1919.0], [1868.25, 9364.0], [1868.0, 22861.0], [1867.75, 1546.0], [1867.5, 15136.0], [1867.25, 46818.0], [1867.0, 2025.0], [1866.75, 3632.0], [1866.5, 6775.0], [1866.25, 46774.0], [1865.75, 1219.0]], "asks": [[1871.25, 1178.0], [1871.5, 8467.0], [1871.75, 19055.0], [1872.0, 6972.0], [1872.25, 6868.0], [1872.5, 15109.0], [1872.75, 7591.0], [1873.0, 6121.0], [1873.25, 5743.0], [1873.5, 1585.0], [1873.75, 5932.0], [1874.0, 16330.0], [1874.25, 1562.0], [1874.5, 8568.0], [1874.75, 31613.0], [1875.0, 23198.0], [1875.25, 46432.0], [1876.5, 1210.0], [1876.75, 1221.0], [1877.0, 47332.0]]}}}
{"jsonrpc": "2.0", "method": "subscription", "params": {"channel": "book.ETH-14MAR25.none.20.100ms", "data": {"timestamp": 1741761811642, "change_id": 61985676012, "instrument_name": "ETH-14MAR25", "bids": [[1870.0, 7413.0], [1869.75, 10893.0], [1869.5, 30452.0], [1869.25, 53091.0], [1869.0, 1960.0], [1868.75, 1921.0], [1868.5, 2861.0], [1868.25, 8618.0], [1868.0, 26815.0], [1867.75, 26348.0], [1867.5, 4094.0], [1867.25, 7509.0], [1867.0, 28945.0], [1866.75, 114310.0], [1866.5, 52519.0], [1866.25, 1956.0], [1866.0, 1969.0], [1865.75, 2441.0], [1865.5, 1513.0], [1865.0, 23844.0]], "asks": [[1870.25, 3601.0], [1870.5, 9422.0], [1870.75, 21402.0], [1871.0, 24117.0], [1871.25, 32483.0], [1871.5, 13723.0], [1871.75, 2342.0], [1872.0, 2968.0], [1872.25, 1932.0], [1872.5, 1905.0], [1872.75, 1916.0], [1873.0, 4059.0], [1873.25, 9160.0], [1873.5, 8793.0], [1873.75, 24282.0], [1874.25, 440.0], [1874.5, 1942.0], [1874.75, 1504.0], [1875.0, 50422.0], [1875.25, 1535.0]]}}}
{"jsonrpc": "2.0", "method": "subscription", "params": {"channel": "book.ETH-21MAR25.none.20.100ms", "data": {"timestamp": 1741761811733, "change_id": 61985676110, "instrument_name": "ETH-21MAR25", "bids": [[1871.0, 9100.0], [1870.75, 11157.0], [1870.5, 16230.0], [1870.25, 3787.0], [1870.0, 8064.0], [1869.75, 24351.0], [1869.5, 28558.0], [1869.25, 91553.0], [1869.0, 1558.0], [1868.75, 1535.0], [1868.5, 1919.0], [1868.25, 9364.0], [1868.0, 22861.0], [1867.75, 1546.0], [1867.5, 15136.0], [1867.25, 46818.0], [1867.0, 2025.0], [1866.75, 3632.0], [1866.5, 6775.0], [1866.25, 46774.0]], "asks": [[1871.5, 7411.0], [1871.75, 9055.0], [1872.0, 9775.0], [1872.25, 19051.0], [1872.5, 15109.0], [1872.75, 7591.0], [1873.0, 6121.0], [1873.25, 5743.0], [1873.5, 1585.0], [1873.75, 5932.0], [1874.0, 16330.0], [1874.25, 1562.0], [1874.5, 8568.0], [1874.75, 31613.0], [1875.0, 23198.0], [1875.25, 46432.0], [1876.5, 1210.0], [1876.75, 1221.0], [1877.0, 47332.0], [1877.25, 1697.0]]}}}
{"jsonrpc": "2.0", "method": "subscription", "params": {"channel": "book.ETH-14MAR25.none.20.100ms", "data": {"timestamp": 1741761812083, "change_id": 61985676663, "instrument_name": "ETH-14MAR25", "bids": [[1870.0, 7414.0], [1869.75, 11013.0], [1869.5, 23560.0], [1869.25, 38137.0], [1869.0, 1960.0], [1868.75, 1921.0], [1868.5, 2861.0], [1868.25, 8618.0], [1868.0, 26815.0], [1867.75, 26348.0], [1867.5, 4094.0], [1867.25, 7509.0], [1867.0, 28945.0], [1866.75, 114310.0], [1866.5, 52519.0], [1866.25, 1956.0], [1866.0, 1969.0], [1865.75, 2441.0], [1865.5, 1513.0], [1865.0, 23844.0]], "asks": [[1870.25, 3600.0], [1870.5, 9422.0], [1870.75, 21402.0], [1871.0, 24117.0], [1871.25, 32483.0], [1871.5, 13723.0], [1871.75, 2342.0], [1872.0, 2968.0], [1872.25, 1932.0], [1872.5, 1905.0], [1872.75, 1916.0], [1873.0, 4059.0], [1873.25, 9160.0], [1873.5, 8793.0], [1873.75, 24282.0], [1874.25, 440.0], [1874.5, 1942.0], [1874.75, 1504.0], [1875.0, 50422.0], [1875.25, 1535.0]]}}}
{"jsonrpc": "2.0", "method": "subscription", "params": {"channel": "book.ETH-21MAR25.none.20.100ms", "data": {"timestamp": 1741761811865, "change_id": 61985676231, "instrument_name": "ETH-21MAR25", "bids": [[1871.0, 9100.0], [1870.75, 11157.0], [1870.5, 16230.0], [1870.25, 3787.0], [1870.0, 8064.0], [1869.75, 24351.0], [1869.5, 28558.0], [1869.25, 91553.0], [1869.0, 1558.0], [1868.75, 1535.0], [1868.5, 1919.0], [1868.25, 9364.0], [1868.0, 22861.0], [1867.75, 1546.0], [1867.5, 15136.0], [1867.25, 46818.0], [1867.0, 2025.0], [1866.75, 3632.0], [1866.5, 6775.0], [1866.25, 46774.0]], "asks": [[1871.5, 7411.0], [1871.75, 9742.0], [1872.0, 19182.0], [1872.25, 9051.0], [1872.5, 15109.0], [1872.75, 7591.0], [1873.0, 6121.0], [1873.25, 5743.0], [1873.5, 1585.0], [1873.75, 5932.0], [1874.0, 16330.0], [1874.25, 1562.0], [1874.5, 8568.0], [1874.75, 31613.0], [1875.0, 23198.0], [1875.25, 46432.0], [1876.5, 1210.0], [1876.75, 1221.0], [1877.0, 47332.0], [1877.25, 1697.0]]}}}
{"jsonrpc": "2.0", "method": "subscription", "params": {"channel": "book.ETH-21MAR25.none.20.100ms", "data": {"timestamp": 1741761812278, "change_id": 61985676826, "instrument_name": "ETH-21MAR25", "bids": [[1871.0, 2210.0], [1870.75, 24952.0], [1870.5, 16230.0], [1870.25, 3787.0], [1870.0, 8064.0], [1869.75, 24351.0], [1869.5, 28558.0], [1869.25, 91553.0], [1869.0, 1558.0], [1868.75, 1535.0], [1868.5, 1919.0], [1868.25, 9364.0], [1868.0, 22861.0], [1867.75, 1546.0], [1867.5, 15136.0], [1867.25, 46818.0], [1867.0, 2025.0], [1866.75, 3632.0], [1866.5, 6775.0], [1866.25, 46774.0]], "asks": [[1871.25, 5300.0], [1871.5, 7411.0], [1871.75, 11952.0], [1872.0, 16972.0], [1872.25, 9051.0], [1872.5, 15109.0], [1872.75, 7591.0], [1873.0, 6121.0], [1873.25, 5743.0], [1873.5, 1585.0], [1873.75, 5932.0], [1874.0, 16330.0], [1874.25, 1562.0], [1874.5, 8568.0], [1874.75, 31613.0], [1875.0, 23198.0], [1875.25, 46432.0], [1876.5, 1210.0], [1876.75, 1221.0], [1877.0, 47332.0]]}}}
{"jsonrpc": "2.0", "method": "subscription", "params": {"channel": "book.ETH-14MAR25.none.20.100ms", "data": {"timestamp": 1741761812367, "change_id": 61985676929, "instrument_name": "ETH-14MAR25", "bids": [[1870.0, 2313.0], [1869.75, 15176.0], [1869.5, 38516.0], [1869.25, 38137.0], [1869.0, 1960.0], [1868.75, 1921.0], [1868.5, 2861.0], [1868.25, 8618.0], [1868.0, 26815.0], [1867.75, 26348.0], [1867.5, 4094.0], [1867.25, 7509.0], [1867.0, 28945.0], [1866.75, 114310.0], [1866.5, 52519.0], [1866.25, 1956.0], [1866.0, 1969.0], [1865.75, 2441.0], [1865.5, 1513.0], [1865.0, 23844.0]], "asks": [[1870.25, 5101.0], [1870.5, 9422.0], [1870.75, 21402.0], [1871.0, 24117.0], [1871.25, 32483.0], [1871.5, 13723.0], [1871.75, 2342.0], [1872.0, 2968.0], [1872.25, 1932.0], [1872.5, 1905.0], [1872.75, 1916.0], [1873.0, 4059.0], [1873.25, 9160.0], [1873.5, 8793.0], [1873.75, 24282.0], [1874.25, 440.0], [1874.5, 1942.0], [1874.75, 1504.0], [1875.0, 50422.0], [1875.25, 1535.0]]}}}
{"jsonrpc": "2.0", "method": "subscription", "params": {"channel": "book.ETH-21MAR25.none.20.100ms", "data": {"timestamp": 1741761812628, "change_id": 61985677072, "instrument_name": "ETH-21MAR25", "bids": [[1871.0, 2210.0], [1870.75, 24952.0], [1870.5, 22162.0], [1870.25, 16240.0], [1870.0, 3960.0], [1869.75, 9702.0], [1869.5, 28558.0], [1869.25, 91553.0], [1869.0, 1558.0], [1868.75, 1535.0], [1868.5, 1919.0], [1868.25, 9364.0], [1868.0, 22861.0], [1867.75, 1546.0], [1867.5, 15136.0], [1867.25, 46818.0], [1867.0, 2025.0], [1866.75, 3632.0], [1866.5, 6775.0], [1866.25, 46774.0]], "asks": [[1871.25, 5300.0], [1871.5, 7411.0], [1871.75, 11952.0], [1872.0, 16972.0], [1872.25, 9051.0], [1872.5, 15109.0], [1872.75, 7591.0], [1873.0, 6121.0], [1873.25, 5743.0], [1873.5, 1585.0], [1873.75, 5932.0], [1874.0, 16330.0], [1874.25, 1562.0], [1874.5, 8568.0], [1874.75, 31613.0], [1875.0, 23198.0], [1875.25, 46432.0], [1876.5, 1210.0], [1876.75, 1221.0], [1877.0, 47332.0]]}}}
{"jsonrpc": "2.0", "method": "subscription", "params": {"channel": "book.ETH-14MAR25.none.20.100ms", "data": {"timestamp": 1741761812719, "change_id": 61985677170, "instrument_name": "ETH-14MAR25", "bids": [[1870.0, 2313.0], [1869.75, 15176.0], [1869.5, 38516.0], [1869.25, 38137.0], [1869.0, 1960.0], [1868.75, 1921.0], [1868.5, 2861.0], [1868.25, 8618.0], [1868.0, 26815.0], [1867.75, 26348.0], [1867.5, 4094.0], [1867.25, 7509.0], [1867.0, 28945.0], [1866.75, 114310.0], [1866.5, 52519.0], [1866.25, 1956.0], [1866.0, 1969.0], [1865.75, 2441.0], [1865.5, 1513.0], [1865.0, 23844.0]], "asks": [[1870.25, 5100.0], [1870.5, 9422.0], [1870.75, 21402.0], [1871.0, 24117.0], [1871.25, 34738.0], [1871.5, 13723.0], [1871.75, 2342.0], [1872.0, 2968.0], [1872.25, 1932.0], [1872.5, 1905.0], [1872.75, 1916.0], [1873.0, 4059.0], [1873.25, 9160.0], [1873.5, 8793.0], [1873.75, 24282.0], [1874.25, 440.0], [1874.5, 1942.0], [1874.75, 1504.0], [1875.0, 50422.0], [1875.25, 1535.0]]}}}
{"jsonrpc": "2.0", "method": "subscription", "params": {"channel": "book.ETH-14MAR25.none.20.100ms", "data": {"timestamp": 1741761813079, "change_id": 61985677687, "instrument_name": "ETH-14MAR25", "bids": [[1870.0, 2313.0], [1869.75, 15176.0], [1869.5, 38516.0], [1869.25, 38137.0], [1869.0, 1960.0], [1868.75, 1921.0], [1868.5, 2861.0], [1868.25, 8618.0], [1868.0, 26815.0], [1867.75, 26348.0], [1867.5, 4094.0], [1867.25, 7509.0], [1867.0, 28945.0], [1866.75, 114310.0], [1866.5, 52519.0], [1866.25, 1956.0], [1866.0, 1969.0], [1865.75, 2441.0], [1865.5, 1513.0], [1865.0, 23844.0]], "asks": [[1870.25, 3600.0], [1870.5, 9422.0], [1870.75, 21522.0], [1871.0, 23997.0], [1871.25, 34738.0], [1871.5, 13723.0], [1871.75, 2342.0], [1872.0, 2968.0], [1872.25, 1932.0], [1872.5, 1905.0], [1872.75, 1916.0], [1873.0, 4059.0], [1873.25, 9160.0], [1873.5, 8793.0], [1873.75, 24282.0], [1874.25, 440.0], [1874.5, 1942.0], [1874.75, 1504.0], [1875.0, 50422.0], [1875.25, 1535.0]]}}}
{"jsonrpc": "2.0", "method": "subscription", "params": {"channel": "book.ETH-21MAR25.none.20.100ms", "data": {"timestamp": 1741761813058, "change_id": 61985677684, "instrument_name": "ETH-21MAR25", "bids": [[1871.0, 6010.0], [1870.75, 24952.0], [1870.5, 22162.0], [1870.25, 16240.0], [1870.0, 3960.0], [1869.75, 9702.0], [1869.5, 28558.0], [1869.25, 91553.0], [1869.0, 1558.0], [1868.75, 1535.0], [1868.5, 1919.0], [1868.25, 9364.0], [1868.0, 22861.0], [1867.75, 1546.0], [1867.5, 15136.0], [1867.25, 46818.0], [1867.0, 2025.0], [1866.75, 3632.0], [1866.5, 6775.0], [1866.25, 46774.0]], "asks": [[1871.25, 4100.0], [1871.5, 8583.0], [1871.75, 11952.0], [1872.0, 16972.0], [1872.25, 9051.0], [1872.5, 15109.0], [1872.75, 7591.0], [1873.0, 6121.0], [1873.25, 5743.0], [1873.5, 1585.0], [1873.75, 5932.0], [1874.0, 16330.0], [1874.25, 1562.0], [1874.5, 8568.0], [1874.75, 31613.0], [1875.0, 23198.0], [1875.25, 46432.0], [1876.5, 1210.0], [1876.75, 1221.0], [1877.0, 47332.0]]}}}
{"jsonrpc": "2.0", "method": "subscription", "params": {"channel": "book.ETH-14MAR25.none.20.100ms", "data": {"timestamp": 1741761813342, "change_id": 61985677866, "instrument_name": "ETH-14MAR25", "bids": [[1870.0, 2313.0], [1869.75, 15176.0], [1869.5, 38516.0], [1869.25, 38137.0], [1869.0, 1960.0], [1868.75, 1921.0], [1868.5, 2861.0], [1868.25, 8618.0], [1868.0, 26815.0], [1867.75, 26348.0], [1867.5, 4094.0], [1867.25, 7509.0], [1867.0, 28945.0], [1866.75, 114310.0], [1866.5, 52519.0], [1866.25, 1956.0], [1866.0, 1969.0], [1865.75, 2441.0], [1865.5, 1513.0], [1865.0, 23844.0]], "asks": [[1870.25, 5100.0], [1870.5, 9422.0], [1870.75, 21522.0], [1871.0, 23997.0], [1871.25, 34738.0], [1871.5, 13723.0], [1871.75, 2342.0], [1872.0, 2968.0], [1872.25, 1932.0], [1872.5, 1905.0], [1872.75, 1916.0], [1873.0, 4059.0], [1873.25, 9160.0], [1873.5, 8793.0], [1873.75, 24282.0], [1874.25, 440.0], [1874.5, 1942.0], [1874.75, 1504.0], [1875.0, 50422.0], [1875.25, 1535.0]]}}}
{"jsonrpc": "2.0", "method": "subscription", "params": {"channel": "book.ETH-14MAR25.none.20.100ms", "data": {"timestamp": 1741761813717, "change_id": 61985678060, "instrument_name": "ETH-14MAR25", "bids": [[1870.0, 2313.0], [1869.75, 13693.0], [1869.5, 38516.0], [1869.25, 38137.0], [1869.0, 1960.0], [1868.75, 1921.0], [1868.5, 2861.0], [1868.25, 8618.0], [1868.0, 26815.0], [1867.75, 26348.0], [1867.5, 4094.0], [1867.25, 7509.0], [1867.0, 28945.0], [1866.75, 114310.0], [1866.5, 52519.0], [1866.25, 1956.0], [1866.0, 1969.0], [1865.75, 2441.0], [1865.5, 1513.0], [1865.0, 23844.0]], "asks": [[1870.25, 6584.0], [1870.5, 9422.0], [1870.75, 21522.0], [1871.0, 23997.0], [1871.25, 34738.0], [1871.5, 13723.0], [1871.75, 2342.0], [1872.0, 2968.0], [1872.25, 1932.0], [1872.5, 1905.0], [1872.75, 1916.0], [1873.0, 4059.0], [1873.25, 9160.0], [1873.5, 8793.0], [1873.75, 24282.0], [1874.25, 440.0], [1874.5, 1942.0], [1874.75, 1504.0], [1875.0, 50422.0], [1875.25, 1535.0]]}}}
{"jsonrpc": "2.0", "method": "subscription", "params": {"channel": "book.ETH-21MAR25.none.20.100ms", "data": {"timestamp": 1741761813544, "change_id": 61985677890, "instrument_name": "ETH-21MAR25", "bids": [[1871.0, 2210.0], [1870.75, 24952.0], [1870.5, 22162.0], [1870.25, 16240.0], [1870.0, 3960.0], [1869.75, 9702.0], [1869.5, 28558.0], [1869.25, 91553.0], [1869.0, 1558.0], [1868.75, 1535.0], [1868.5, 1919.0], [1868.25, 9364.0], [1868.0, 22861.0], [1867.75, 1546.0], [1867.5, 15136.0], [1867.25, 46818.0], [1867.0, 2025.0], [1866.75, 3632.0], [1866.5, 6775.0], [1866.25, 46774.0]], "asks": [[1871.25, 5300.0], [1871.5, 8583.0], [1871.75, 11952.0], [1872.0, 16972.0], [1872.25, 9051.0], [1872.5, 15109.0], [1872.75, 7591.0], [1873.0, 6121.0], [1873.25, 5743.0], [1873.5, 1585.0], [1873.75, 5932.0], [1874.0, 16330.0], [1874.25, 1562.0], [1874.5, 8568.0], [1874.75, 31613.0], [1875.0, 23198.0], [1875.25, 46432.0], [1876.5, 1210.0], [1876.75, 1221.0], [1877.0, 47332.0]]}}}
{"jsonrpc": "2.0", "method": "subscription", "params": {"channel": "book.ETH-14MAR25.none.20.100ms", "data": {"timestamp": 1741761814046, "change_id": 61985678451, "instrument_name": "ETH-14MAR25", "bids": [[1870.0, 5913.0], [1869.75, 15176.0], [1869.5, 38516.0], [1869.25, 38137.0], [1869.0, 1960.0], [1868.75, 1921.0], [1868.5, 2861.0], [1868.25, 8618.0], [1868.0, 26815.0], [1867.75, 26348.0], [1867.5, 4094.0], [1867.25, 7509.0], [1867.0, 28945.0], [1866.75, 114310.0], [1866.5, 52519.0], [1866.25, 1956.0], [1866.0, 1969.0], [1865.75, 2441.0], [1865.5, 1513.0], [1865.0, 23844.0]], "asks": [[1870.25, 3601.0], [1870.5, 9422.0], [1870.75, 21522.0], [1871.0, 23997.0], [1871.25, 34738.0], [1871.5, 13723.0], [1871.75, 2342.0], [1872.0, 2968.0], [1872.25, 1932.0], [1872.5, 1905.0], [1872.75, 1916.0], [1873.0, 4059.0], [1873.25, 9160.0], [1873.5, 8793.0], [1873.75, 24282.0], [1874.25, 440.0], [1874.5, 1942.0], [1874.75, 1504.0], [1875.0, 50422.0], [1875.25, 1535.0]]}}}
{"jsonrpc": "2.0", "method": "subscription", "params": {"channel": "book.ETH-21MAR25.none.20.100ms", "data": {"timestamp": 1741761814047, "change_id": 61985678452, "instrument_name": "ETH-21MAR25", "bids": [[1871.0, 7510.0], [1870.75, 24952.0], [1870.5, 22162.0], [1870.25, 16240.0], [1870.0, 3960.0], [1869.75, 9702.0], [1869.5, 28558.0], [1869.25, 91553.0], [1869.0, 1558.0], [1868.75, 1535.0], [1868.5, 1919.0], [1868.25, 9364.0], [1868.0, 22861.0], [1867.75, 1546.0], [1867.5, 15136.0], [1867.25, 46818.0], [1867.0, 2025.0], [1866.75, 3632.0], [1866.5, 6775.0], [1866.25, 46774.0]], "asks": [[1871.25, 4100.0], [1871.5, 7411.0], [1871.75, 11952.0], [1872.0, 16972.0], [1872.25, 9051.0], [1872.5, 15109.0], [1872.75, 7591.0], [1873.0, 6121.0], [1873.25, 5743.0], [1873.5, 1585.0], [1873.75, 5932.0], [1874.0, 16330.0], [1874.25, 1562.0], [1874.5, 8568.0], [1874.75, 31613.0], [1875.0, 23198.0], [1875.25, 46432.0], [1876.5, 1210.0], [1876.75, 1221.0], [1877.0, 47332.0]]}}}
{"jsonrpc": "2.0", "method": "subscription", "params": {"channel": "book.ETH-14MAR25.none.20.100ms", "data": {"timestamp": 1741761814358, "change_id": 61985678769, "instrument_name": "ETH-14MAR25", "bids": [[1870.0, 2313.0], [1869.75, 15176.0], [1869.5, 38516.0], [1869.25, 38137.0], [1869.0, 1960.0], [1868.75, 1921.0], [1868.5, 2861.0], [1868.25, 8618.0], [1868.0, 26815.0], [1867.75, 26348.0], [1867.5, 4094.0], [1867.25, 7509.0], [1867.0, 28945.0], [1866.75, 114310.0], [1866.5, 52519.0], [1866.25, 1956.0], [1866.0, 1969.0], [1865.75, 2441.0], [1865.5, 1513.0], [1865.0, 23844.0]], "asks": [[1870.25, 6584.0], [1870.5, 9422.0], [1870.75, 21522.0], [1871.0, 23997.0], [1871.25, 34738.0], [1871.5, 13723.0], [1871.75, 2342.0], [1872.0, 2968.0], [1872.25, 1932.0], [1872.5, 1905.0], [1872.75, 1916.0], [1873.0, 4059.0], [1873.25, 9160.0], [1873.5, 8793.0], [1873.75, 24282.0], [1874.25, 440.0], [1874.5, 1942.0], [1874.75, 1504.0], [1875.0, 50422.0], [1875.25, 1535.0]]}}}
{"jsonrpc": "2.0", "method": "subscription", "params": {"channel": "book.ETH-21MAR25.none.20.100ms", "data": {"timestamp": 1741761814297, "change_id": 61985678668, "instrument_name": "ETH-21MAR25", "bids": [[1871.0, 2210.0], [1870.75, 24952.0], [1870.5, 22162.0], [1870.25, 16240.0], [1870.0, 3960.0], [1869.75, 9702.0], [1869.5, 28558.0], [1869.25, 91553.0], [1869.0, 1558.0], [1868.75, 1535.0], [1868.5, 1919.0], [1868.25, 9364.0], [1868.0, 22861.0], [1867.75, 1546.0], [1867.5, 15136.0], [1867.25, 46818.0], [1867.0, 2025.0], [1866.75, 3632.0], [1866.5, 6775.0], [1866.25, 46774.0]], "asks": [[1871.25, 5300.0], [1871.5, 8583.0], [1871.75, 11952.0], [1872.0, 16972.0], [1872.25, 9051.0], [1872.5, 15109.0], [1872.75, 7591.0], [1873.0, 6121.0], [1873.25, 5743.0], [1873.5, 1585.0], [1873.75, 5932.0], [1874.0, 16330.0], [1874.25, 1562.0], [1874.5, 8568.0], [1874.75, 31613.0], [1875.0, 23198.0], [1875.25, 46432.0], [1876.5, 1210.0], [1876.75, 1221.0], [1877.0, 47332.0]]}}}
{"jsonrpc": "2.0", "method": "subscription", "params": {"channel": "book.ETH-21MAR25.none.20.100ms", "data": {"timestamp": 1741761814706, "change_id": 61985679029, "instrument_name": "ETH-21MAR25", "bids": [[1870.75, 27162.0], [1870.5, 22162.0], [1870.25, 16240.0], [1870.0, 3960.0], [1869.75, 9702.0], [1869.5, 1619.0], [1869.25, 1553.0], [1869.0, 1558.0], [1868.75, 1535.0], [1868.5, 1919.0], [1868.25, 9364.0], [1868.0, 22861.0], [1867.75, 1546.0], [1867.5, 15136.0], [1867.25, 46818.0], [1867.0, 2025.0], [1866.75, 3632.0], [1866.5, 6775.0], [1866.25, 46774.0], [1865.75, 1219.0]], "asks": [[1871.25, 7242.0], [1871.5, 8583.0], [1871.75, 11952.0], [1872.0, 16972.0], [1872.25, 9051.0], [1872.5, 15109.0], [1872.75, 7591.0], [1873.0, 6121.0], [1873.25, 5743.0], [1873.5, 1585.0], [1873.75, 5932.0], [1874.0, 16330.0], [1874.25, 1562.0], [1874.5, 8568.0], [1874.75, 31613.0], [1875.0, 23198.0], [1875.25, 46432.0], [1876.5, 1210.0], [1876.75, 1221.0], [1877.0, 47332.0]]}}}
{"jsonrpc": "2.0", "method": "subscription", "params": {"channel": "book.ETH-14MAR25.none.20.100ms", "data": {"timestamp": 1741761814612, "change_id": 61985678930, "instrument_name": "ETH-14MAR25", "bids": [[1869.75, 17489.0], [1869.5, 38516.0], [1869.25, 38137.0], [1869.0, 1960.0], [1868.75, 1921.0], [1868.5, 2861.0], [1868.25, 8618.0], [1868.0, 26815.0], [1867.75, 26348.0], [1867.5, 4094.0], [1867.25, 7509.0], [1867.0, 28945.0], [1866.75, 114310.0], [1866.5, 52519.0], [1866.25, 1956.0], [1866.0, 1969.0], [1865.75, 2441.0], [1865.5, 1513.0], [1865.0, 23844.0], [1864.75, 50187.0]], "asks": [[1870.25, 5128.0], [1870.5, 9422.0], [1870.75, 21522.0], [1871.0, 23997.0], [1871.25, 34738.0], [1871.5, 13723.0], [1871.75, 2342.0], [1872.0, 2968.0], [1872.25, 1932.0], [1872.5, 1905.0], [1872.75, 1916.0], [1873.0, 4059.0], [1873.25, 9160.0], [1873.5, 8793.0], [1873.75, 24282.0], [1874.25, 440.0], [1874.5, 1942.0], [1874.75, 1504.0], [1875.0, 50422.0], [1875.25, 1535.0]]}}}
{"jsonrpc": "2.0", "method": "subscription", "params": {"channel": "book.ETH-14MAR25.none.20.100ms", "data": {"timestamp": 1741761814980, "change_id": 61985679414, "instrument_name": "ETH-14MAR25", "bids": [[1869.75, 17489.0], [1869.5, 38516.0], [1869.25, 38137.0], [1869.0, 1960.0], [1868.75, 1921.0], [1868.5, 2861.0], [1868.25, 8618.0], [1868.0, 26815.0], [1867.75, 26348.0], [1867.5, 4094.0], [1867.25, 7509.0], [1867.0, 28945.0], [1866.75, 114310.0], [1866.5, 52519.0], [1866.25, 1956.0], [1866.0, 1969.0], [1865.75, 2441.0], [1865.5, 1513.0], [1865.0, 23844.0], [1864.75, 50187.0]], "asks": [[1870.25, 5128.0], [1870.5, 9422.0], [1870.75, 21522.0], [1871.0, 23997.0], [1871.25, 34738.0], [1871.5, 13723.0], [1871.75, 2342.0], [1872.0, 2968.0], [1872.25, 1932.0], [1872.5, 1905.0], [1872.75, 1916.0], [1873.0, 4059.0], [1873.25, 9160.0], [1873.5, 8793.0], [1873.75, 24282.0], [1874.25, 440.0], [1874.5, 1942.0], [1874.75, 1504.0], [1875.0, 50422.0], [1875.25, 1535.0]]}}}
{"jsonrpc": "2.0", "method": "subscription", "params": {"channel": "book.ETH-21MAR25.none.20.100ms", "data": {"timestamp": 1741761814930, "change_id": 61985679186, "instrument_name": "ETH-21MAR25", "bids": [[1870.75, 27162.0], [1870.5, 22162.0], [1870.25, 16240.0], [1870.0, 3960.0], [1869.75, 9702.0], [1869.5, 1619.0], [1869.25, 1553.0], [1869.0, 1558.0], [1868.75, 1535.0], [1868.5, 1919.0], [1868.25, 9364.0], [1868.0, 22861.0], [1867.75, 1546.0], [1867.5, 15136.0], [1867.25, 46818.0], [1867.0, 2025.0], [1866.75, 3632.0], [1866.5, 6775.0], [1866.25, 46774.0], [1865.75, 1219.0]], "asks": [[1871.25, 6042.0], [1871.5, 8583.0], [1871.75, 11952.0], [1872.0, 16972.0], [1872.25, 9051.0], [1872.5, 15109.0], [1872.75, 7591.0], [1873.0, 6121.0], [1873.25, 5743.0], [1873.5, 1585.0], [1873.75, 5932.0], [1874.0, 16330.0], [1874.25, 1562.0], [1874.5, 8568.0], [1874.75, 31613.0], [1875.0, 23198.0], [1875.25, 46432.0], [1876.5, 1210.0], [1876.75, 1221.0], [1877.0, 47332.0]]}}}
{"jsonrpc": "2.0", "method": "subscription", "params": {"channel": "book.ETH-14MAR25.none.20.100ms", "data": {"timestamp": 1741761815383, "change_id": 61985679785, "instrument_name": "ETH-14MAR25", "bids": [[1869.75, 2434.0], [1869.5, 46775.0], [1869.25, 29854.0], [1869.0, 1960.0], [1868.75, 1921.0], [1868.5, 2861.0], [1868.25, 8618.0], [1868.0, 26815.0], [1867.75, 26348.0], [1867.5, 4094.0], [1867.25, 7509.0], [1867.0, 28945.0], [1866.75, 114310.0], [1866.5, 52519.0], [1866.25, 1956.0], [1866.0, 1969.0], [1865.75, 2441.0], [1865.5, 1513.0], [1865.0, 23844.0], [1864.75, 50187.0]], "asks": [[1870.0, 3600.0], [1870.25, 8111.0], [1870.5, 9422.0], [1870.75, 21522.0], [1871.0, 23997.0], [1871.25, 34738.0], [1871.5, 13723.0], [1871.75, 2342.0], [1872.0, 2968.0], [1872.25, 1932.0], [1872.5, 1905.0], [1872.75, 1916.0], [1873.0, 4059.0], [1873.25, 9160.0], [1873.5, 8793.0], [1873.75, 24282.0], [1874.25, 440.0], [1874.5, 1942.0], [1874.75, 1504.0], [1875.0, 50422.0]]}}}
{"jsonrpc": "2.0", "method": "subscription", "params": {"channel": "book.ETH-21MAR25.none.20.100ms", "data": {"timestamp": 1741761815294, "change_id": 61985679640, "instrument_name": "ETH-21MAR25", "bids": [[1870.75, 25962.0], [1870.5, 22162.0], [1870.25, 16240.0], [1870.0, 3960.0], [1869.75, 9702.0], [1869.5, 1619.0], [1869.25, 1553.0], [1869.0, 1558.0], [1868.75, 1535.0], [1868.5, 1919.0], [1868.25, 9364.0], [1868.0, 22861.0], [1867.75, 28500.0], [1867.5, 105136.0], [1867.25, 46818.0], [1867.0, 2025.0], [1866.75, 3632.0], [1866.5, 6775.0], [1866.25, 46774.0], [1865.75, 1219.0]], "asks": [[1871.25, 7242.0], [1871.5, 8583.0], [1871.75, 11952.0], [1872.0, 16972.0], [1872.25, 9051.0], [1872.5, 15109.0], [1872.75, 7591.0], [1873.0, 6121.0], [1873.25, 5743.0], [1873.5, 1585.0], [1873.75, 5932.0], [1874.0, 16330.0], [1874.25, 1562.0], [1874.5, 8568.0], [1874.75, 31613.0], [1875.0, 23198.0], [1875.25, 46432.0], [1876.5, 1210.0], [1876.75, 1221.0], [1877.0, 47332.0]]}}}
{"jsonrpc": "2.0", "method": "subscription", "params": {"channel": "book.ETH-14MAR25.none.20.100ms", "data": {"timestamp": 1741761815681, "change_id": 61985679907, "instrument_name": "ETH-14MAR25", "bids": [[1869.75, 2433.0], [1869.5, 31819.0], [1869.25, 29854.0], [1869.0, 1960.0], [1868.75, 1921.0], [1868.5, 2861.0], [1868.25, 8618.0], [1868.0, 26815.0], [1867.75, 26348.0], [1867.5, 4094.0], [1867.25, 7509.0], [1867.0, 28945.0], [1866.75, 114310.0], [1866.5, 52519.0], [1866.25, 1956.0], [1866.0, 1969.0], [1865.75, 2441.0], [1865.5, 1513.0], [1865.0, 23844.0], [1864.75, 50187.0]], "asks": [[1870.0, 3600.0], [1870.25, 8111.0], [1870.5, 9422.0], [1870.75, 21522.0], [1871.0, 23997.0], [1871.25, 34738.0], [1871.5, 13723.0], [1871.75, 2342.0], [1872.0, 2968.0], [1872.25, 1932.0], [1872.5, 1905.0], [1872.75, 1916.0], [1873.0, 4059.0], [1873.25, 9160.0], [1873.5, 8793.0], [1873.75, 24282.0], [1874.25, 440.0], [1874.5, 1942.0], [1874.75, 1504.0], [1875.0, 50422.0]]}}}
{"jsonrpc": "2.0", "method": "subscription", "params": {"channel": "book.ETH-14MAR25.none.20.100ms", "data": {"timestamp": 1741761816010, "change_id": 61985680370, "instrument_name": "ETH-14MAR25", "bids": [[1869.75, 7533.0], [1869.5, 35592.0], [1869.25, 44809.0], [1869.0, 1960.0], [1868.75, 1921.0], [1868.5, 2861.0], [1868.25, 8618.0], [1868.0, 26815.0], [1867.75, 26348.0], [1867.5, 4094.0], [1867.25, 7509.0], [1867.0, 28945.0], [1866.75, 114310.0], [1866.5, 52519.0], [1866.25, 1956.0], [1866.0, 1969.0], [1865.75, 2441.0], [1865.5, 1513.0], [1865.0, 23844.0], [1864.75, 50187.0]], "asks": [[1870.0, 3600.0], [1870.25, 8111.0], [1870.5, 9422.0], [1870.75, 21522.0], [1871.0, 23997.0], [1871.25, 34738.0], [1871.5, 13723.0], [1871.75, 2342.0], [1872.0, 2968.0], [1872.25, 1932.0], [1872.5, 1905.0], [1872.75, 1916.0], [1873.0, 4059.0], [1873.25, 9160.0], [1873.5, 8793.0], [1873.75, 24282.0], [1874.25, 440.0], [1874.5, 1942.0], [1874.75, 1504.0], [1875.0, 50422.0]]}}}
{"jsonrpc": "2.0", "method": "subscription", "params": {"channel": "book.ETH-14MAR25.none.20.100ms", "data": {"timestamp": 1741761816330, "change_id": 61985680629, "instrument_name": "ETH-14MAR25", "bids": [[1869.75, 2433.0], [1869.5, 35592.0], [1869.25, 44809.0], [1869.0, 1960.0], [1868.75, 1921.0], [1868.5, 2861.0], [1868.25, 8618.0], [1868.0, 26815.0], [1867.75, 26348.0], [1867.5, 4094.0], [1867.25, 7509.0], [1867.0, 28945.0], [1866.75, 114310.0], [1866.5, 52519.0], [1866.25, 1956.0], [1866.0, 1969.0], [1865.75, 2441.0], [1865.5, 1513.0], [1865.0, 23844.0], [1864.75, 50187.0]], "asks": [[1870.0, 5101.0], [1870.25, 8111.0], [1870.5, 9422.0], [1870.75, 21522.0], [1871.0, 23997.0], [1871.25, 34738.0], [1871.5, 13723.0], [1871.75, 2342.0], [1872.0, 2968.0], [1872.25, 1932.0], [1872.5, 1905.0], [1872.75, 1916.0], [1873.0, 4059.0], [1873.25, 9160.0], [1873.5, 8793.0], [1873.75, 24282.0], [1874.25, 440.0], [1874.5, 1942.0], [1874.75, 1504.0], [1875.0, 50422.0]]}}}
{"jsonrpc": "2.0", "method": "subscription", "params": {"channel": "book.ETH-21MAR25.none.20.100ms", "data": {"timestamp": 1741761816293, "change_id": 61985680562, "instrument_name": "ETH-21MAR25", "bids": [[1870.75, 25962.0], [1870.5, 22162.0], [1870.25, 16240.0], [1870.0, 3960.0], [1869.75, 9702.0], [1869.5, 1619.0], [1869.25, 1553.0], [1869.0, 1558.0], [1868.75, 1535.0], [1868.5, 1919.0], [1868.25, 9364.0], [1868.0, 22861.0], [1867.75, 28500.0], [1867.5, 105136.0], [1867.25, 46818.0], [1867.0, 2025.0], [1866.75, 3632.0], [1866.5, 6775.0], [1866.25, 46774.0], [1865.75, 1219.0]], "asks": [[1871.25, 7242.0], [1871.5, 8583.0], [1871.75, 11952.0], [1872.0, 16972.0], [1872.25, 9051.0], [1872.5, 15109.0], [1872.75, 7591.0], [1873.0, 6121.0], [1873.25, 5743.0], [1873.5, 1585.0], [1873.75, 5932.0], [1874.0, 16330.0], [1874.25, 1562.0], [1874.5, 8568.0], [1874.75, 31613.0], [1875.0, 23198.0], [1875.25, 46432.0], [1876.5, 1210.0], [1876.75, 1221.0], [1877.0, 47332.0]]}}}
{"jsonrpc": "2.0", "method": "subscription", "params": {"channel": "book.ETH-21MAR25.none.20.100ms", "data": {"timestamp": 1741761816711, "change_id": 61985680873, "instrument_name": "ETH-21MAR25", "bids": [[1870.75, 25962.0], [1870.5, 22162.0], [1870.25, 16240.0], [1870.0, 3960.0], [1869.75, 9702.0], [1869.5, 1619.0], [1869.25, 1553.0], [1869.0, 1558.0], [1868.75, 1535.0], [1868.5, 1919.0], [1868.25, 9364.0], [1868.0, 22861.0], [1867.75, 34087.0], [1867.5, 105136.0], [1867.25, 46818.0], [1867.0, 2025.0], [1866.75, 1600.0], [1866.5, 1188.0], [1866.25, 46774.0], [1865.75, 1219.0]], "asks": [[1871.25, 7242.0], [1871.5, 8583.0], [1871.75, 11952.0], [1872.0, 16972.0], [1872.25, 9051.0], [1872.5, 15109.0], [1872.75, 7591.0], [1873.0, 6121.0], [1873.25, 5743.0], [1873.5, 1585.0], [1873.75, 5932.0], [1874.0, 16330.0], [1874.25, 1562.0], [1874.5, 8568.0], [1874.75, 31613.0], [1875.0, 23198.0], [1875.25, 46432.0], [1876.5, 1210.0], [1876.75, 1221.0], [1877.0, 47332.0]]}}}
{"jsonrpc": "2.0", "method": "subscription", "params": {"channel": "book.ETH-14MAR25.none.20.100ms", "data": {"timestamp": 1741761816698, "change_id": 61985680802, "instrument_name": "ETH-14MAR25", "bids": [[1869.75, 2434.0], [1869.5, 35592.0], [1869.25, 44809.0], [1869.0, 1960.0], [1868.75, 1921.0], [1868.5, 2861.0], [1868.25, 8618.0], [1868.0, 26815.0], [1867.75, 26348.0], [1867.5, 4094.0], [1867.25, 7509.0], [1867.0, 28945.0], [1866.75, 114310.0], [1866.5, 52519.0], [1866.25, 1956.0], [1866.0, 1969.0], [1865.75, 2441.0], [1865.5, 1513.0], [1865.0, 23844.0], [1864.75, 50187.0]], "asks": [[1870.0, 3600.0], [1870.25, 8111.0], [1870.5, 12707.0], [1870.75, 28645.0], [1871.0, 13997.0], [1871.25, 34738.0], [1871.5, 13723.0], [1871.75, 2342.0], [1872.0, 2968.0], [1872.25, 1932.0], [1872.5, 1905.0], [1872.75, 1916.0], [1873.0, 4059.0], [1873.25, 9160.0], [1873.5, 8793.0], [1873.75, 24282.0], [1874.25, 440.0], [1874.5, 1942.0], [1874.75, 1504.0], [1875.0, 50422.0]]}}}
{"jsonrpc": "2.0", "method": "subscription", "params": {"channel": "book.ETH-14MAR25.none.20.100ms", "data": {"timestamp": 1741761817048, "change_id": 61985681393, "instrument_name": "ETH-14MAR25", "bids": [[1869.75, 2313.0], [1869.5, 17333.0], [1869.25, 47874.0], [1869.0, 14228.0], [1868.75, 9797.0], [1868.5, 2320.0], [1868.25, 8618.0], [1868.0, 26815.0], [1867.75, 26348.0], [1867.5, 4094.0], [1867.25, 7509.0], [1867.0, 28945.0], [1866.75, 114310.0], [1866.5, 52519.0], [1866.25, 1956.0], [1866.0, 1969.0], [1865.75, 2441.0], [1865.5, 1513.0], [1865.0, 23844.0], [1864.75, 50187.0]], "asks": [[1870.0, 6584.0], [1870.25, 8111.0], [1870.5, 12707.0], [1870.75, 28645.0], [1871.0, 13997.0], [1871.25, 34738.0], [1871.5, 13723.0], [1871.75, 2342.0], [1872.0, 2968.0], [1872.25, 1932.0], [1872.5, 1905.0], [1872.75, 1916.0], [1873.0, 4059.0], [1873.25, 9160.0], [1873.5, 8793.0], [1873.75, 24282.0], [1874.25, 440.0], [1874.5, 1942.0], [1874.75, 1504.0], [1875.0, 50422.0]]}}}
{"jsonrpc": "2.0", "method": "subscription", "params": {"channel": "book.ETH-21MAR25.none.20.100ms", "data": {"timestamp": 1741761817030, "change_id": 61985681366, "instrument_name": "ETH-21MAR25", "bids": [[1870.75, 17177.0], [1870.5, 10990.0], [1870.25, 19252.0], [1870.0, 13960.0], [1869.75, 9702.0], [1869.5, 1619.0], [1869.25, 1553.0], [1869.0, 1558.0], [1868.75, 1535.0], [1868.5, 1919.0], [1868.25, 9364.0], [1868.0, 24493.0], [1867.75, 34087.0], [1867.5, 105136.0], [1867.25, 46818.0], [1867.0, 2025.0], [1866.75, 1600.0], [1866.5, 1188.0], [1866.25, 46774.0], [1865.75, 1219.0]], "asks": [[1871.0, 1200.0], [1871.25, 8468.0], [1871.5, 7383.0], [1871.75, 12072.0], [1872.0, 16852.0], [1872.25, 9051.0], [1872.5, 15109.0], [1872.75, 7591.0], [1873.0, 6121.0], [1873.25, 5743.0], [1873.5, 1585.0], [1873.75, 5932.0], [1874.0, 16330.0], [1874.25, 1562.0], [1874.5, 8568.0], [1874.75, 31613.0], [1875.0, 23198.0], [1875.25, 46432.0], [1876.5, 1210.0], [1876.75, 1221.0]]}}}
{"jsonrpc": "2.0", "method": "subscription", "params": {"channel": "book.ETH-14MAR25.none.20.100ms", "data": {"timestamp": 1741761817295, "change_id": 61985681777, "instrument_name": "ETH-14MAR25", "bids": [[1869.5, 7314.0], [1869.25, 31978.0], [1869.0, 38553.0], [1868.75, 10337.0], [1868.5, 2320.0], [1868.25, 8618.0], [1868.0, 26815.0], [1867.75, 26348.0], [1867.5, 4094.0], [1867.25, 7509.0], [1867.0, 28945.0], [1866.75, 114310.0], [1866.5, 52519.0], [1866.25, 1956.0], [1866.0, 1969.0], [1865.75, 2441.0], [1865.5, 1513.0], [1865.0, 23844.0], [1864.75, 50187.0], [1864.5, 78702.0]], "asks": [[1869.75, 3976.0], [1870.0, 8558.0], [1870.25, 8111.0], [1870.5, 15140.0], [1870.75, 26212.0], [1871.0, 13997.0], [1871.25, 34738.0], [1871.5, 13723.0], [1871.75, 2342.0], [1872.0, 2968.0], [1872.25, 1932.0], [1872.5, 1905.0], [1872.75, 1916.0], [1873.0, 4059.0], [1873.25, 9160.0], [1873.5, 8793.0], [1873.75, 24282.0], [1874.25, 440.0], [1874.5, 1942.0], [1874.75, 1504.0]]}}}
{"jsonrpc": "2.0", "method": "subscription", "params": {"channel": "book.ETH-21MAR25.none.20.100ms", "data": {"timestamp": 1741761817208, "change_id": 61985681740, "instrument_name": "ETH-21MAR25", "bids": [[1870.5, 14400.0], [1870.25, 19252.0], [1870.0, 13960.0], [1869.75, 9702.0], [1869.5, 1619.0], [1869.25, 1553.0], [1869.0, 1558.0], [1868.75, 1535.0], [1868.5, 1919.0], [1868.25, 9364.0], [1868.0, 24493.0], [1867.75, 34087.0], [1867.5, 105136.0], [1867.25, 46818.0], [1867.0, 2025.0], [1866.75, 1600.0], [1866.5, 1188.0], [1866.25, 46774.0], [1865.75, 1219.0], [1865.5, 1224.0]], "asks": [[1871.0, 3158.0], [1871.25, 8468.0], [1871.5, 12512.0], [1871.75, 16965.0], [1872.0, 6852.0], [1872.25, 9051.0], [1872.5, 15109.0], [1872.75, 7591.0], [1873.0, 6121.0], [1873.25, 5743.0], [1873.5, 1585.0], [1873.75, 5932.0], [1874.0, 16330.0], [1874.25, 1562.0], [1874.5, 8568.0], [1874.75, 31613.0], [1875.0, 23198.0], [1875.25, 46432.0], [1876.5, 1210.0], [1876.75, 1221.0]]}}}
{"jsonrpc": "2.0", "method": "subscription", "params": {"channel": "book.ETH-21MAR25.none.20.100ms", "data": {"timestamp": 1741761817702, "change_id": 61985682554, "instrument_name": "ETH-21MAR25", "bids": [[1870.5, 17160.0], [1870.25, 20290.0], [1870.0, 13960.0], [1869.75, 9702.0], [1869.5, 1619.0], [1869.25, 1553.0], [1869.0, 1558.0], [1868.75, 1535.0], [1868.5, 1919.0], [1868.25, 9364.0], [1868.0, 24493.0], [1867.75, 34087.0], [1867.5, 105136.0], [1867.25, 46818.0], [1867.0, 1525.0], [1866.75, 1600.0], [1866.5, 1188.0], [1866.25, 46774.0], [1865.75, 1219.0], [1865.5, 1224.0]], "asks": [[1871.0, 4384.0], [1871.25, 13774.0], [1871.5, 17503.0], [1871.75, 6845.0], [1872.0, 6852.0], [1872.25, 9051.0], [1872.5, 15109.0], [1872.75, 7591.0], [1873.0, 6121.0], [1873.25, 5743.0], [1873.5, 1585.0], [1873.75, 5932.0], [1874.0, 16330.0], [1874.25, 1562.0], [1874.5, 8568.0], [1874.75, 31613.0], [1875.0, 23198.0], [1875.25, 46432.0], [1876.5, 1210.0], [1876.75, 1221.0]]}}}
{"jsonrpc": "2.0", "method": "subscription", "params": {"channel": "book.ETH-14MAR25.none.20.100ms", "data": {"timestamp": 1741761817707, "change_id": 61985682565, "instrument_name": "ETH-14MAR25", "bids": [[1869.25, 2433.0], [1869.0, 38553.0], [1868.75, 9797.0], [1868.5, 2320.0], [1868.25, 9158.0], [1868.0, 26815.0], [1867.75, 26348.0], [1867.5, 4094.0], [1867.25, 7509.0], [1867.0, 28945.0], [1866.75, 114310.0], [1866.5, 52519.0], [1866.25, 1956.0], [1866.0, 1969.0], [1865.75, 2441.0], [1865.5, 1513.0], [1865.0, 23844.0], [1864.75, 50187.0], [1864.5, 78702.0], [1864.0, 51465.0]], "asks": [[1869.5, 3600.0], [1869.75, 8414.0], [1870.0, 9371.0], [1870.25, 10150.0], [1870.5, 19542.0], [1870.75, 16212.0], [1871.0, 13997.0], [1871.25, 34738.0], [1871.5, 13723.0], [1871.75, 2342.0], [1872.0, 2968.0], [1872.25, 1932.0], [1872.5, 1905.0], [1872.75, 1916.0], [1873.0, 4059.0], [1873.25, 9160.0], [1873.5, 8793.0], [1873.75, 24282.0], [1874.25, 440.0], [1874.5, 1942.0]]}}}
{"jsonrpc": "2.0", "method": "subscription", "params": {"channel": "book.ETH-21MAR25.none.20.100ms", "data": {"timestamp": 1741761817849, "change_id": 61985682882, "instrument_name": "ETH-21MAR25", "bids": [[1870.5, 2196.0], [1870.25, 20290.0], [1870.0, 13960.0], [1869.75, 9702.0], [1869.5, 1619.0], [1869.25, 1553.0], [1869.0, 1558.0], [1868.75, 1535.0], [1868.5, 1919.0], [1868.25, 9364.0], [1868.0, 24493.0], [1867.75, 34087.0], [1867.5, 105136.0], [1867.25, 46818.0], [1867.0, 1525.0], [1866.75, 1600.0], [1866.5, 1188.0], [1866.25, 46774.0], [1865.75, 1219.0], [1865.5, 1224.0]], "asks": [[1871.0, 4384.0], [1871.25, 13774.0], [1871.5, 17503.0], [1871.75, 6845.0], [1872.0, 6852.0], [1872.25, 9051.0], [1872.5, 15109.0], [1872.75, 7591.0], [1873.0, 6121.0], [1873.25, 5743.0], [1873.5, 1585.0], [1873.75, 5932.0], [1874.0, 16330.0], [1874.25, 1562.0], [1874.5, 8568.0], [1874.75, 31613.0], [1875.0, 23198.0], [1875.25, 46432.0], [1876.5, 1210.0], [1876.75, 1221.0]]}}}
{"jsonrpc": "2.0", "method": "subscription", "params": {"channel": "book.ETH-14MAR25.none.20.100ms", "data": {"timestamp": 1741761818022, "change_id": 61985683452, "instrument_name": "ETH-14MAR25", "bids": [[1869.25, 7434.0], [1869.0, 38553.0], [1868.75, 9797.0], [1868.5, 2320.0], [1868.25, 9158.0], [1868.0, 26815.0], [1867.75, 26348.0], [1867.5, 4094.0], [1867.25, 7509.0], [1867.0, 28945.0], [1866.75, 114310.0], [1866.5, 52519.0], [1866.25, 1956.0], [1866.0, 1969.0], [1865.75, 2441.0], [1865.5, 1513.0], [1865.0, 23844.0], [1864.75, 50187.0], [1864.5, 78702.0], [1864.0, 51465.0]], "asks": [[1869.5, 3600.0], [1869.75, 8414.0], [1870.0, 9371.0], [1870.25, 10270.0], [1870.5, 19422.0], [1870.75, 16212.0], [1871.0, 13997.0], [1871.25, 34738.0], [1871.5, 14723.0], [1871.75, 1968.0], [1872.0, 1968.0], [1872.25, 1932.0], [1872.5, 1905.0], [1872.75, 1916.0], [1873.0, 4059.0], [1873.25, 9160.0], [1873.5, 8793.0], [1873.75, 24282.0], [1874.25, 440.0], [1874.5, 1942.0]]}}}
{"jsonrpc": "2.0", "method": "subscription", "params": {"channel": "book.ETH-21MAR25.none.20.100ms", "data": {"timestamp": 1741761818306, "change_id": 61985683758, "instrument_name": "ETH-21MAR25", "bids": [[1870.5, 2196.0], [1870.25, 30866.0], [1870.0, 13960.0], [1869.75, 9702.0], [1869.5, 1619.0], [1869.25, 1553.0], [1869.0, 1558.0], [1868.75, 1535.0], [1868.5, 1919.0], [1868.25, 9364.0], [1868.0, 24493.0], [1867.75, 34087.0], [1867.5, 105136.0], [1867.25, 46818.0], [1867.0, 1525.0], [1866.75, 1600.0], [1866.5, 1188.0], [1866.25, 46774.0], [1865.75, 1219.0], [1865.5, 1224.0]], "asks": [[1871.0, 4384.0], [1871.25, 13774.0], [1871.5, 17503.0], [1871.75, 6845.0], [1872.0, 6852.0], [1872.25, 9051.0], [1872.5, 15109.0], [1872.75, 7591.0], [1873.0, 6121.0], [1873.25, 5743.0], [1873.5, 1585.0], [1873.75, 5932.0], [1874.0, 16330.0], [1874.25, 1562.0], [1874.5, 8568.0], [1874.75, 31613.0], [1875.0, 23198.0], [1875.25, 46932.0], [1876.5, 1210.0], [1876.75, 1221.0]]}}}
{"jsonrpc": "2.0", "method": "subscription", "params": {"channel": "book.ETH-14MAR25.none.20.100ms", "data": {"timestamp": 1741761818337, "change_id": 61985683768, "instrument_name": "ETH-14MAR25", "bids": [[1869.25, 7434.0], [1869.0, 41440.0], [1868.75, 20365.0], [1868.5, 2320.0], [1868.25, 9158.0], [1868.0, 26815.0], [1867.75, 26348.0], [1867.5, 4094.0], [1867.25, 7509.0], [1867.0, 28945.0], [1866.75, 114310.0], [1866.5, 52519.0], [1866.25, 1956.0], [1866.0, 1969.0], [1865.75, 2441.0], [1865.5, 1513.0], [1865.0, 23844.0], [1864.75, 50187.0], [1864.5, 78702.0], [1864.0, 51465.0]], "asks": [[1869.5, 3600.0], [1869.75, 6915.0], [1870.0, 9371.0], [1870.25, 10270.0], [1870.5, 19422.0], [1870.75, 16212.0], [1871.0, 13997.0], [1871.25, 34738.0], [1871.5, 14723.0], [1871.75, 1968.0], [1872.0, 1968.0], [1872.25, 1932.0], [1872.5, 1905.0], [1872.75, 1916.0], [1873.0, 4059.0], [1873.25, 9160.0], [1873.5, 8793.0], [1873.75, 24282.0], [1874.25, 440.0], [1874.5, 1942.0]]}}}
{"jsonrpc": "2.0", "method": "subscription", "params": {"channel": "book.ETH-14MAR25.none.20.100ms", "data": {"timestamp": 1741761818574, "change_id": 61985683935, "instrument_name": "ETH-14MAR25", "bids": [[1869.25, 7434.0], [1869.0, 38553.0], [1868.75, 14863.0], [1868.5, 10421.0], [1868.25, 9158.0], [1868.0, 26815.0], [1867.75, 26348.0], [1867.5, 4094.0], [1867.25, 7509.0], [1867.0, 28945.0], [1866.75, 114310.0], [1866.5, 52519.0], [1866.25, 1956.0], [1866.0, 1969.0], [1865.75, 2441.0], [1865.5, 1513.0], [1865.0, 23844.0], [1864.75, 50187.0], [1864.5, 78702.0], [1864.0, 51465.0]], "asks": [[1869.5, 3600.0], [1869.75, 6915.0], [1870.0, 9371.0], [1870.25, 10270.0], [1870.5, 19422.0], [1870.75, 16212.0], [1871.0, 13997.0], [1871.25, 34738.0], [1871.5, 14723.0], [1871.75, 1968.0], [1872.0, 1968.0], [1872.25, 1932.0], [1872.5, 1905.0], [1872.75, 1916.0], [1873.0, 4059.0], [1873.25, 9160.0], [1873.5, 8793.0], [1873.75, 24282.0], [1874.25, 440.0], [1874.5, 1942.0]]}}}
{"jsonrpc": "2.0", "method": "subscription", "params": {"channel": "book.ETH-21MAR25.none.20.100ms", "data": {"timestamp": 1741761818563, "change_id": 61985683928, "instrument_name": "ETH-21MAR25", "bids": [[1870.25, 17417.0], [1870.0, 16156.0], [1869.75, 14052.0], [1869.5, 16268.0], [1869.25, 1553.0], [1869.0, 1558.0], [1868.75, 1535.0], [1868.5, 1919.0], [1868.25, 9364.0], [1868.0, 24493.0], [1867.75, 34087.0], [1867.5, 105136.0], [1867.25, 46818.0], [1867.0, 1525.0], [1866.75, 1600.0], [1866.5, 15220.0], [1866.25, 46774.0], [1865.75, 1219.0], [1865.5, 1224.0], [1865.25, 1216.0]], "asks": [[1870.75, 728.0], [1871.0, 4384.0], [1871.25, 13774.0], [1871.5, 17503.0], [1871.75, 6845.0], [1872.0, 6852.0], [1872.25, 9051.0], [1872.5, 15109.0], [1872.75, 11845.0], [1873.0, 20828.0], [1873.25, 5743.0], [1873.5, 1585.0], [1873.75, 1565.0], [1874.0, 1623.0], [1874.25, 1562.0], [1874.5, 8568.0], [1874.75, 31613.0], [1875.0, 23198.0], [1875.25, 46932.0], [1876.5, 1210.0]]}}}
{"jsonrpc": "2.0", "method": "subscription", "params": {"channel": "book.ETH-14MAR25.none.20.100ms", "data": {"timestamp": 1741761819029, "change_id": 61985684788, "instrument_name": "ETH-14MAR25", "bids": [[1869.25, 2433.0], [1869.0, 11960.0], [1868.75, 11296.0], [1868.5, 26309.0], [1868.25, 7222.0], [1868.0, 19521.0], [1867.75, 1938.0], [1867.5, 1968.0], [1867.25, 1922.0], [1867.0, 28945.0], [1866.75, 138720.0], [1866.5, 52519.0], [1866.25, 1956.0], [1866.0, 1969.0], [1865.75, 2441.0], [1865.5, 1513.0], [1865.0, 1493.0], [1864.75, 50187.0], [1864.5, 78702.0], [1864.0, 1465.0]], "asks": [[1869.5, 5100.0], [1869.75, 8414.0], [1870.0, 14324.0], [1870.25, 26419.0], [1870.5, 6612.0], [1870.75, 6524.0], [1871.0, 13997.0], [1871.25, 34738.0], [1871.5, 14723.0], [1871.75, 1968.0], [1872.0, 1968.0], [1872.25, 1932.0], [1872.5, 1905.0], [1872.75, 1916.0], [1873.0, 4059.0], [1873.25, 9160.0], [1873.5, 8793.0], [1873.75, 24282.0], [1874.25, 440.0], [1874.5, 1942.0]]}}}
{"jsonrpc": "2.0", "method": "subscription", "params": {"channel": "book.ETH-21MAR25.none.20.100ms", "data": {"timestamp": 1741761819034, "change_id": 61985684798, "instrument_name": "ETH-21MAR25", "bids": [[1870.25, 11268.0], [1870.0, 17925.0], [1869.75, 5899.0], [1869.5, 16268.0], [1869.25, 9444.0], [1869.0, 1558.0], [1868.75, 1535.0], [1868.5, 1546.0], [1868.25, 7968.0], [1868.0, 22861.0], [1867.75, 28500.0], [1867.5, 105136.0], [1867.25, 46818.0], [1867.0, 1525.0], [1866.75, 1600.0], [1866.5, 15220.0], [1866.25, 46774.0], [1865.75, 1219.0], [1865.5, 1224.0], [1865.25, 1216.0]], "asks": [[1870.75, 3154.0], [1871.0, 4384.0], [1871.25, 12574.0], [1871.5, 17503.0], [1871.75, 6845.0], [1872.0, 6852.0], [1872.25, 9051.0], [1872.5, 15109.0], [1872.75, 11845.0], [1873.0, 19350.0], [1873.25, 1643.0], [1873.5, 1585.0], [1873.75, 1565.0], [1874.0, 1623.0], [1874.25, 1562.0], [1874.5, 8568.0], [1874.75, 31613.0], [1875.0, 23198.0], [1875.25, 46932.0], [1876.5, 1210.0]]}}}
{"jsonrpc": "2.0", "method": "subscription", "params": {"channel": "book.ETH-14MAR25.none.20.100ms", "data": {"timestamp": 1741761819350, "change_id": 61985685415, "instrument_name": "ETH-14MAR25", "bids": [[1869.25, 2313.0], [1869.0, 4901.0], [1868.75, 21416.0], [1868.5, 28636.0], [1868.25, 15796.0], [1868.0, 19521.0], [1867.75, 1938.0], [1867.5, 1968.0], [1867.25, 1922.0], [1867.0, 28945.0], [1866.75, 138720.0], [1866.5, 52519.0], [1866.25, 1956.0], [1866.0, 1969.0], [1865.75, 1941.0], [1865.5, 1513.0], [1865.0, 1493.0], [1864.75, 50687.0], [1864.5, 78702.0], [1864.0, 1465.0]], "asks": [[1869.5, 6599.0], [1869.75, 8414.0], [1870.0, 14324.0], [1870.25, 26419.0], [1870.5, 6612.0], [1870.75, 6524.0], [1871.0, 13997.0], [1871.25, 34738.0], [1871.5, 14723.0], [1871.75, 1968.0], [1872.0, 1968.0], [1872.25, 1932.0], [1872.5, 1905.0], [1872.75, 1916.0], [1873.0, 4059.0], [1873.25, 9160.0], [1873.5, 8793.0], [1873.75, 24282.0], [1874.25, 440.0], [1874.5, 1942.0]]}}}
{"jsonrpc": "2.0", "method": "subscription", "params": {"channel": "book.ETH-21MAR25.none.20.100ms", "data": {"timestamp": 1741761819311, "change_id": 61985685282, "instrument_name": "ETH-21MAR25", "bids": [[1870.25, 2210.0], [1870.0, 31795.0], [1869.75, 5899.0], [1869.5, 18522.0], [1869.25, 9444.0], [1869.0, 1558.0], [1868.75, 1535.0], [1868.5, 1546.0], [1868.25, 7968.0], [1868.0, 24087.0], [1867.75, 28500.0], [1867.5, 105136.0], [1867.25, 46818.0], [1867.0, 1525.0], [1866.75, 1600.0], [1866.5, 15220.0], [1866.25, 46774.0], [1865.75, 1219.0], [1865.5, 1224.0], [1865.25, 1216.0]], "asks": [[1870.5, 5300.0], [1870.75, 3726.0], [1871.0, 7825.0], [1871.25, 17388.0], [1871.5, 7383.0], [1871.75, 6845.0], [1872.0, 6852.0], [1872.25, 9051.0], [1872.5, 15109.0], [1872.75, 11845.0], [1873.0, 19350.0], [1873.25, 1643.0], [1873.5, 1585.0], [1873.75, 1565.0], [1874.0, 1623.0], [1874.25, 1562.0], [1874.5, 1571.0], [1874.75, 8142.0], [1875.0, 23198.0], [1875.25, 46932.0]]}}}
{"jsonrpc": "2.0", "method": "subscription", "params": {"channel": "book.ETH-21MAR25.none.20.100ms", "data": {"timestamp": 1741761819666, "change_id": 61985685748, "instrument_name": "ETH-21MAR25", "bids": [[1870.25, 6310.0], [1870.0, 25880.0], [1869.75, 15899.0], [1869.5, 18522.0], [1869.25, 9444.0], [1869.0, 1558.0], [1868.75, 1535.0], [1868.5, 1546.0], [1868.25, 7968.0], [1868.0, 24087.0], [1867.75, 28500.0], [1867.5, 105136.0], [1867.25, 46818.0], [1867.0, 1525.0], [1866.75, 1600.0], [1866.5, 15220.0], [1866.25, 46774.0], [1865.75, 1219.0], [1865.5, 1224.0], [1865.25, 1216.0]], "asks": [[1870.5, 4100.0], [1870.75, 2500.0], [1871.0, 7825.0], [1871.25, 17388.0], [1871.5, 7383.0], [1871.75, 6845.0], [1872.0, 6852.0], [1872.25, 9051.0], [1872.5, 15109.0], [1872.75, 11845.0], [1873.0, 19350.0], [1873.25, 1643.0], [1873.5, 1585.0], [1873.75, 1565.0], [1874.0, 1623.0], [1874.25, 1562.0], [1874.5, 1571.0], [1874.75, 8142.0], [1875.0, 23198.0], [1875.25, 46932.0]]}}}
{"jsonrpc": "2.0", "method": "subscription", "params": {"channel": "book.ETH-14MAR25.none.20.100ms", "data": {"timestamp": 1741761819651, "change_id": 61985685651, "instrument_name": "ETH-14MAR25", "bids": [[1869.25, 5813.0], [1869.0, 6416.0], [1868.75, 21416.0], [1868.5, 28636.0], [1868.25, 15796.0], [1868.0, 19521.0], [1867.75, 1938.0], [1867.5, 3551.0], [1867.25, 7509.0], [1867.0, 28945.0], [1866.75, 138720.0], [1866.5, 52519.0], [1866.25, 1956.0], [1866.0, 1969.0], [1865.75, 1941.0], [1865.5, 1513.0], [1865.0, 1493.0], [1864.75, 50687.0], [1864.5, 1465.0], [1864.0, 1465.0]], "asks": [[1869.5, 3601.0], [1869.75, 8414.0], [1870.0, 14324.0], [1870.25, 26419.0], [1870.5, 14019.0], [1870.75, 31846.0], [1871.0, 6592.0], [1871.25, 9416.0], [1871.5, 14723.0], [1871.75, 1968.0], [1872.0, 1968.0], [1872.25, 1932.0], [1872.5, 1905.0], [1872.75, 1916.0], [1873.0, 4059.0], [1873.25, 9160.0], [1873.5, 8793.0], [1873.75, 24282.0], [1874.25, 440.0], [1874.5, 1942.0]]}}}
{"jsonrpc": "2.0", "method": "subscription", "params": {"channel": "book.ETH-21MAR25.none.20.100ms", "data": {"timestamp": 1741761819995, "change_id": 61985686272, "instrument_name": "ETH-21MAR25", "bids": [[1870.25, 6310.0], [1870.0, 25880.0], [1869.75, 15899.0], [1869.5, 18522.0], [1869.25, 9444.0], [1869.0, 1558.0], [1868.75, 1535.0], [1868.5, 1546.0], [1868.25, 7968.0], [1868.0, 24087.0], [1867.75, 28500.0], [1867.5, 105136.0], [1867.25, 46818.0], [1867.0, 1525.0], [1866.75, 1600.0], [1866.5, 15220.0], [1866.25, 46774.0], [1865.75, 1219.0], [1865.5, 1224.0], [1865.25, 1216.0]], "asks": [[1870.5, 4100.0], [1870.75, 2500.0], [1871.0, 7825.0], [1871.25, 17388.0], [1871.5, 7383.0], [1871.75, 6845.0], [1872.0, 6852.0], [1872.25, 9051.0], [1872.5, 15109.0], [1872.75, 11845.0], [1873.0, 16350.0], [1873.25, 1643.0], [1873.5, 1585.0], [1873.75, 1565.0], [1874.0, 1623.0], [1874.25, 1562.0], [1874.5, 1571.0], [1874.75, 8142.0], [1875.0, 23198.0], [1875.25, 46932.0]]}}}
{"jsonrpc": "2.0", "method": "subscription", "params": {"channel": "book.ETH-14MAR25.none.20.100ms", "data": {"timestamp": 1741761820025, "change_id": 61985686284, "instrument_name": "ETH-14MAR25", "bids": [[1869.25, 2313.0], [1869.0, 12387.0], [1868.75, 30879.0], [1868.5, 28636.0], [1868.25, 15796.0], [1868.0, 19521.0], [1867.75, 1938.0], [1867.5, 3551.0], [1867.25, 7509.0], [1867.0, 28945.0], [1866.75, 138720.0], [1866.5, 52519.0], [1866.25, 1956.0], [1866.0, 1969.0], [1865.75, 1941.0], [1865.5, 1513.0], [1865.0, 1493.0], [1864.75, 50687.0], [1864.5, 1465.0], [1864.0, 1465.0]], "asks": [[1869.5, 5100.0], [1869.75, 8414.0], [1870.0, 14324.0], [1870.25, 26419.0], [1870.5, 14019.0], [1870.75, 31846.0], [1871.0, 6592.0], [1871.25, 9416.0], [1871.5, 14723.0], [1871.75, 1968.0], [1872.0, 1968.0], [1872.25, 1932.0], [1872.5, 1905.0], [1872.75, 1916.0], [1873.0, 4059.0], [1873.25, 9160.0], [1873.5, 8793.0], [1873.75, 24282.0], [1874.25, 440.0], [1874.5, 1942.0]]}}}
{"jsonrpc": "2.0", "method": "subscription", "params": {"channel": "book.ETH-21MAR25.none.20.100ms", "data": {"timestamp": 1741761820171, "change_id": 61985686433, "instrument_name": "ETH-21MAR25", "bids": [[1870.25, 6310.0], [1870.0, 25880.0], [1869.75, 15899.0], [1869.5, 18522.0], [1869.25, 9444.0], [1869.0, 1558.0], [1868.75, 1535.0], [1868.5, 1546.0], [1868.25, 7968.0], [1868.0, 24087.0], [1867.75, 28500.0], [1867.5, 105136.0], [1867.25, 46818.0], [1867.0, 1525.0], [1866.75, 1600.0], [1866.5, 15220.0], [1866.25, 46774.0], [1865.75, 1219.0], [1865.5, 1224.0], [1865.25, 1216.0]], "asks": [[1870.5, 4100.0], [1870.75, 3726.0], [1871.0, 7825.0], [1871.25, 17388.0], [1871.5, 7383.0], [1871.75, 6845.0], [1872.0, 6852.0], [1872.25, 9051.0], [1872.5, 15109.0], [1872.75, 11845.0], [1873.0, 16350.0], [1873.25, 1643.0], [1873.5, 1585.0], [1873.75, 1565.0], [1874.0, 1623.0], [1874.25, 1562.0], [1874.5, 1571.0], [1874.75, 8142.0], [1875.0, 23198.0], [1875.25, 46932.0]]}}}
{"jsonrpc": "2.0", "method": "subscription", "params": {"channel": "book.ETH-14MAR25.none.20.100ms", "data": {"timestamp": 1741761820339, "change_id": 61985686515, "instrument_name": "ETH-14MAR25", "bids": [[1869.25, 2313.0], [1869.0, 12507.0], [1868.75, 30759.0], [1868.5, 28636.0], [1868.25, 15796.0], [1868.0, 19521.0], [1867.75, 1938.0], [1867.5, 3551.0], [1867.25, 7509.0], [1867.0, 28945.0], [1866.75, 138720.0], [1866.5, 52519.0], [1866.25, 1956.0], [1866.0, 1969.0], [1865.75, 1941.0], [1865.5, 1513.0], [1865.0, 1493.0], [1864.75, 50687.0], [1864.5, 1465.0], [1864.0, 1465.0]], "asks": [[1869.5, 5101.0], [1869.75, 8414.0], [1870.0, 14324.0], [1870.25, 26419.0], [1870.5, 14019.0], [1870.75, 31846.0], [1871.0, 6592.0], [1871.25, 9416.0], [1871.5, 14723.0], [1871.75, 1968.0], [1872.0, 1968.0], [1872.25, 1932.0], [1872.5, 1905.0], [1872.75, 1916.0], [1873.0, 4059.0], [1873.25, 9160.0], [1873.5, 8793.0], [1873.75, 24282.0], [1874.25, 440.0], [1874.5, 1942.0]]}}}
{"jsonrpc": "2.0", "method": "subscription", "params": {"channel": "book.ETH-14MAR25.none.20.100ms", "data": {"timestamp": 1741761820676, "change_id": 61985686670, "instrument_name": "ETH-14MAR25", "bids": [[1869.25, 2313.0], [1869.0, 12507.0], [1868.75, 30759.0], [1868.5, 28636.0], [1868.25, 15796.0], [1868.0, 19521.0], [1867.75, 1938.0], [1867.5, 3551.0], [1867.25, 8905.0], [1867.0, 28945.0], [1866.75, 138720.0], [1866.5, 52519.0], [1866.25, 1956.0], [1866.0, 1969.0], [1865.75, 1941.0], [1865.5, 1513.0], [1865.0, 1493.0], [1864.75, 50687.0], [1864.5, 1465.0], [1864.0, 1465.0]], "asks": [[1869.5, 5100.0], [1869.75, 8414.0], [1870.0, 14324.0], [1870.25, 26419.0], [1870.5, 14019.0], [1870.75, 31846.0], [1871.0, 6592.0], [1871.25, 9416.0], [1871.5, 14723.0], [1871.75, 1968.0], [1872.0, 1968.0], [1872.25, 1932.0], [1872.5, 1905.0], [1872.75, 1916.0], [1873.0, 4059.0], [1873.25, 9160.0], [1873.5, 8793.0], [1873.75, 24282.0], [1874.25, 440.0], [1874.5, 1942.0]]}}}
{"jsonrpc": "2.0", "method": "subscription", "params": {"channel": "book.ETH-21MAR25.none.20.100ms", "data": {"timestamp": 1741761820574, "change_id": 61985686612, "instrument_name": "ETH-21MAR25", "bids": [[1870.25, 6310.0], [1870.0, 25880.0], [1869.75, 15899.0], [1869.5, 18522.0], [1869.25, 9444.0], [1869.0, 1558.0], [1868.75, 1535.0], [1868.5, 1546.0], [1868.25, 7968.0], [1868.0, 24087.0], [1867.75, 28500.0], [1867.5, 105136.0], [1867.25, 46818.0], [1867.0, 1525.0], [1866.75, 1600.0], [1866.5, 15220.0], [1866.25, 46774.0], [1865.75, 1219.0], [1865.5, 1224.0], [1865.25, 1216.0]], "asks": [[1870.5, 4100.0], [1870.75, 3726.0], [1871.0, 7825.0], [1871.25, 17388.0], [1871.5, 7383.0], [1871.75, 6845.0], [1872.0, 6852.0], [1872.25, 9051.0], [1872.5, 15109.0], [1872.75, 11845.0], [1873.0, 16350.0], [1873.25, 1643.0], [1873.5, 1585.0], [1873.75, 1565.0], [1874.0, 1623.0], [1874.25, 1562.0], [1874.5, 1571.0], [1874.75, 8142.0], [1875.0, 23198.0], [1875.25, 46932.0]]}}}
{"jsonrpc": "2.0", "method": "subscription", "params": {"channel": "book.ETH-14MAR25.none.20.100ms", "data": {"timestamp": 1741761821015, "change_id": 61985687169, "instrument_name": "ETH-14MAR25", "bids": [[1869.25, 2313.0], [1869.0, 12507.0], [1868.75, 30759.0], [1868.5, 28636.0], [1868.25, 15256.0], [1868.0, 19521.0], [1867.75, 1938.0], [1867.5, 3551.0], [1867.25, 8905.0], [1867.0, 28945.0], [1866.75, 138720.0], [1866.5, 52519.0], [1866.25, 1956.0], [1866.0, 1969.0], [1865.75, 1941.0], [1865.5, 1513.0], [1865.0, 1493.0], [1864.75, 50687.0], [1864.5, 1465.0], [1864.0, 1465.0]], "asks": [[1869.5, 6600.0], [1869.75, 8414.0], [1870.0, 14324.0], [1870.25, 26419.0], [1870.5, 14019.0], [1870.75, 31846.0], [1871.0, 6592.0], [1871.25, 9416.0], [1871.5, 14723.0], [1871.75, 1968.0], [1872.0, 1968.0], [1872.25, 1932.0], [1872.5, 1905.0], [1872.75, 1916.0], [1873.0, 4059.0], [1873.25, 9160.0], [1873.5, 8793.0], [1873.75, 24282.0], [1874.25, 440.0], [1874.5, 1942.0]]}}}
{"jsonrpc": "2.0", "method": "subscription", "params": {"channel": "book.ETH-21MAR25.none.20.100ms", "data": {"timestamp": 1741761820969, "change_id": 61985687155, "instrument_name": "ETH-21MAR25", "bids": [[1870.25, 5310.0], [1870.0, 25880.0], [1869.75, 15899.0], [1869.5, 18522.0], [1869.25, 9444.0], [1869.0, 1558.0], [1868.75, 1535.0], [1868.5, 1546.0], [1868.25, 7968.0], [1868.0, 24087.0], [1867.75, 28500.0], [1867.5, 105136.0], [1867.25, 46818.0], [1867.0, 1525.0], [1866.75, 1600.0], [1866.5, 15220.0], [1866.25, 46774.0], [1865.75, 1219.0], [1865.5, 1224.0], [1865.25, 1216.0]], "asks": [[1870.5, 5300.0], [1870.75, 6726.0], [1871.0, 7825.0], [1871.25, 17388.0], [1871.5, 7383.0], [1871.75, 6845.0], [1872.0, 6852.0], [1872.25, 9051.0], [1872.5, 15109.0], [1872.75, 11845.0], [1873.0, 16350.0], [1873.25, 1643.0], [1873.5, 1585.0], [1873.75, 1565.0], [1874.0, 1623.0], [1874.25, 1562.0], [1874.5, 1571.0], [1874.75, 8142.0], [1875.0, 23198.0], [1875.25, 46932.0]]}}}
{"jsonrpc": "2.0", "method": "subscription", "params": {"channel": "book.ETH-21MAR25.none.20.100ms", "data": {"timestamp": 1741761821316, "change_id": 61985688274, "instrument_name": "ETH-21MAR25", "bids": [[1870.0, 2210.0], [1869.75, 15008.0], [1869.5, 13540.0], [1869.25, 16202.0], [1869.0, 1558.0], [1868.75, 1535.0], [1868.5, 1546.0], [1868.25, 7968.0], [1868.0, 25719.0], [1867.75, 34087.0], [1867.5, 105136.0], [1867.25, 46818.0], [1867.0, 1525.0], [1866.75, 1600.0], [1866.5, 15220.0], [1866.25, 46774.0], [1865.75, 1219.0], [1865.5, 1224.0], [1865.25, 1216.0], [1865.0, 500.0]], "asks": [[1870.25, 1200.0], [1870.5, 8154.0], [1870.75, 7164.0], [1871.0, 5735.0], [1871.25, 17268.0], [1871.5, 8977.0], [1871.75, 14758.0], [1872.0, 6852.0], [1872.25, 7868.0], [1872.5, 7169.0], [1872.75, 10845.0], [1873.0, 16350.0], [1873.25, 1643.0], [1873.5, 1585.0], [1873.75, 1565.0], [1874.0, 1623.0], [1874.25, 1562.0], [1874.5, 1571.0], [1874.75, 8142.0], [1875.0, 23198.0]]}}}
{"jsonrpc": "2.0", "method": "subscription", "params": {"channel": "book.ETH-14MAR25.none.20.100ms", "data": {"timestamp": 1741761821322, "change_id": 61985688299, "instrument_name": "ETH-14MAR25", "bids": [[1869.0, 2313.0], [1868.75, 21447.0], [1868.5, 28714.0], [1868.25, 15516.0], [1868.0, 19521.0], [1867.75, 1938.0], [1867.5, 3551.0], [1867.25, 8905.0], [1867.0, 28945.0], [1866.75, 138720.0], [1866.5, 52519.0], [1866.25, 1956.0], [1866.0, 1969.0], [1865.75, 1941.0], [1865.5, 1513.0], [1865.0, 1493.0], [1864.75, 50687.0], [1864.0, 1465.0], [1863.75, 1492.0], [1863.0, 51499.0]], "asks": [[1869.25, 6976.0], [1869.5, 8549.0], [1869.75, 11634.0], [1870.0, 19517.0], [1870.25, 16299.0], [1870.5, 14019.0], [1870.75, 40157.0], [1871.0, 6592.0], [1871.25, 7161.0], [1871.5, 6568.0], [1871.75, 1968.0], [1872.0, 1968.0], [1872.25, 1932.0], [1872.5, 1905.0], [1872.75, 1916.0], [1873.0, 4059.0], [1873.25, 9160.0], [1873.5, 8793.0], [1873.75, 24282.0], [1874.25, 440.0]]}}}
{"jsonrpc": "2.0", "method": "subscription", "params": {"channel": "book.ETH-14MAR25.none.20.100ms", "data": {"timestamp": 1741761821671, "change_id": 61985688668, "instrument_name": "ETH-14MAR25", "bids": [[1868.75, 13760.0], [1868.5, 29226.0], [1868.25, 17222.0], [1868.0, 28180.0], [1867.75, 1938.0], [1867.5, 3551.0], [1867.25, 8905.0], [1867.0, 28945.0], [1866.75, 138720.0], [1866.5, 52519.0], [1866.25, 1956.0], [1866.0, 1969.0], [1865.75, 1941.0], [1865.5, 1513.0], [1865.0, 1493.0], [1864.75, 50687.0], [1864.0, 1465.0], [1863.75, 1492.0], [1863.0, 51499.0], [1862.5, 23850.0]], "asks": [[1869.25, 8420.0], [1869.5, 8549.0], [1869.75, 11634.0], [1870.0, 19517.0], [1870.25, 16299.0], [1870.5, 14019.0], [1870.75, 40157.0], [1871.0, 6592.0], [1871.25, 7161.0], [1871.5, 6568.0], [1871.75, 1968.0], [1872.0, 1968.0], [1872.25, 1932.0], [1872.5, 1905.0], [1872.75, 1916.0], [1873.0, 4059.0], [1873.25, 9160.0], [1873.5, 8793.0], [1873.75, 24282.0], [1874.25, 440.0]]}}}
{"jsonrpc": "2.0", "method": "subscription", "params": {"channel": "book.ETH-21MAR25.none.20.100ms", "data": {"timestamp": 1741761821493, "change_id": 61985688529, "instrument_name": "ETH-21MAR25", "bids": [[1870.0, 2210.0], [1869.75, 23933.0], [1869.5, 7817.0], [1869.25, 24258.0], [1869.0, 1558.0], [1868.75, 1535.0], [1868.5, 1546.0], [1868.25, 7968.0], [1868.0, 25719.0], [1867.75, 34087.0], [1867.5, 105136.0], [1867.25, 46818.0], [1867.0, 1525.0], [1866.75, 1600.0], [1866.5, 15220.0], [1866.25, 46774.0], [1865.75, 1219.0], [1865.5, 1224.0], [1865.25, 1216.0], [1865.0, 500.0]], "asks": [[1870.25, 1200.0], [1870.5, 8154.0], [1870.75, 9749.0], [1871.0, 13304.0], [1871.25, 7268.0], [1871.5, 8977.0], [1871.75, 14758.0], [1872.0, 6852.0], [1872.25, 7868.0], [1872.5, 7169.0], [1872.75, 10845.0], [1873.0, 16350.0], [1873.25, 1643.0], [1873.5, 1585.0], [1873.75, 1565.0], [1874.0, 1623.0], [1874.25, 1562.0], [1874.5, 1571.0], [1874.75, 8142.0], [1875.0, 23198.0]]}}}
{"jsonrpc": "2.0", "method": "subscription", "params": {"channel": "book.ETH-14MAR25.none.20.100ms", "data": {"timestamp": 1741761821954, "change_id": 61985689029, "instrument_name": "ETH-14MAR25", "bids": [[1869.0, 3501.0], [1868.75, 21439.0], [1868.5, 51257.0], [1868.25, 7222.0], [1868.0, 28180.0], [1867.75, 1938.0], [1867.5, 3551.0], [1867.25, 8905.0], [1867.0, 28945.0], [1866.75, 138720.0], [1866.5, 52519.0], [1866.25, 1956.0], [1866.0, 1969.0], [1865.75, 1941.0], [1865.5, 1513.0], [1865.0, 1493.0], [1864.75, 50687.0], [1864.0, 1465.0], [1863.75, 1492.0], [1863.0, 51499.0]], "asks": [[1869.25, 3976.0], [1869.5, 8549.0], [1869.75, 11634.0], [1870.0, 19517.0], [1870.25, 16299.0], [1870.5, 14019.0], [1870.75, 40157.0], [1871.0, 6592.0], [1871.25, 6321.0], [1871.5, 2968.0], [1871.75, 1968.0], [1872.0, 1968.0], [1872.25, 1932.0], [1872.5, 1905.0], [1872.75, 1916.0], [1873.0, 4059.0], [1873.25, 9160.0], [1873.5, 8793.0], [1873.75, 24282.0], [1874.25, 440.0]]}}}
{"jsonrpc": "2.0", "method": "subscription", "params": {"channel": "book.ETH-21MAR25.none.20.100ms", "data": {"timestamp": 1741761821958, "change_id": 61985689076, "instrument_name": "ETH-21MAR25", "bids": [[1870.0, 8783.0], [1869.75, 19098.0], [1869.5, 20542.0], [1869.25, 24258.0], [1869.0, 1558.0], [1868.75, 1535.0], [1868.5, 1546.0], [1868.25, 7968.0], [1868.0, 25719.0], [1867.75, 34087.0], [1867.5, 105136.0], [1867.25, 46818.0], [1867.0, 1525.0], [1866.75, 1600.0], [1866.5, 15220.0], [1866.25, 46774.0], [1865.75, 1219.0], [1865.5, 1224.0], [1865.25, 1216.0], [1865.0, 500.0]], "asks": [[1870.5, 6928.0], [1870.75, 9749.0], [1871.0, 13304.0], [1871.25, 7268.0], [1871.5, 8977.0], [1871.75, 14758.0], [1872.0, 6852.0], [1872.25, 7868.0], [1872.5, 7169.0], [1872.75, 10845.0], [1873.0, 16350.0], [1873.25, 1643.0], [1873.5, 1585.0], [1873.75, 1565.0], [1874.0, 1623.0], [1874.25, 1562.0], [1874.5, 1571.0], [1874.75, 8142.0], [1875.0, 23198.0], [1875.25, 46932.0]]}}}
