{"jsonrpc": "2.0", "method": "subscription", "params": {"channel": "book.ETH-18APR25.none.20.100ms", "data": {"timestamp": 1744057557627, "change_id": 64817000483, "instrument_name": "ETH-18APR25", "bids": [[1562.75, 3716.0], [1562.5, 11527.0], [1562.25, 5428.0], [1562.0, 1230.0], [1561.75, 4100.0], [1561.5, 764.0], [1561.25, 2714.0], [1561.0, 3533.0], [1560.75, 13519.0], [1560.5, 20598.0], [1560.25, 1745.0], [1560.0, 1737.0], [1559.75, 1356.0], [1559.5, 36488.0], [1558.5, 1370.0], [1558.25, 6869.0], [1557.5, 1367.0], [1557.25, 37762.0], [1556.75, 1380.0], [1556.0, 39104.0]], "asks": [[1563.25, 1527.0], [1563.5, 9242.0], [1563.75, 13918.0], [1564.25, 1890.0], [1564.5, 6301.0], [1564.75, 228.0], [1565.0, 1729.0], [1565.25, 7267.0], [1565.5, 20766.0], [1567.75, 1322.0], [1568.0, 39028.0], [1568.75, 2672.0], [1569.0, 38161.0], [1569.5, 1333.0], [1569.75, 1325.0], [1570.25, 1332.0], [1570.5, 39588.0], [1570.75, 1319.0], [1571.25, 1332.0], [1571.5, 1370.0]]}}}
{"jsonrpc": "2.0", "method": "subscription", "params": {"channel": "book.ETH-11APR25.none.20.100ms", "data": {"timestamp": 1744057558051, "change_id": 64817001374, "instrument_name": "ETH-11APR25", "bids": [[1561.25, 2745.0], [1561.0, 5882.0], [1560.75, 13538.0], [1560.5, 2794.0], [1560.25, 2773.0], [1560.0, 2826.0], [1559.75, 10307.0], [1559.5, 30107.0], [1559.25, 17271.0], [1559.0, 54345.0], [1558.75, 90000.0], [1558.5, 2166.0], [1558.25, 70850.0], [1556.5, 2108.0], [1556.25, 53336.0], [1555.75, 500.0], [1555.5, 2104.0], [1555.25, 24320.0], [1555.0, 255849.0], [1554.75, 2159.0]], "asks": [[1561.75, 5954.0], [1562.0, 14799.0], [1562.25, 6824.0], [1562.5, 6774.0], [1562.75, 12761.0], [1563.0, 25786.0], [1563.25, 2735.0], [1563.5, 2735.0], [1563.75, 2736.0], [1564.0, 2739.0], [1564.25, 2754.0], [1564.5, 2166.0], [1565.25, 636.0], [1565.5, 2121.0], [1565.75, 800.0], [1566.0, 3316.0], [1566.25, 2166.0], [1566.5, 43779.0], [1566.75, 2104.0], [1567.0, 92164.0]]}}}
{"jsonrpc": "2.0", "method": "subscription", "params": {"channel": "book.ETH-18APR25.none.20.100ms", "data": {"timestamp": 1744057558058, "change_id": 64817001401, "instrument_name": "ETH-18APR25", "bids": [[1562.5, 810.0], [1562.25, 5700.0], [1562.0, 11230.0], [1561.75, 3100.0], [1561.5, 665.0], [1561.25, 2384.0], [1561.0, 2203.0], [1560.75, 13519.0], [1560.5, 20598.0], [1560.25, 1745.0], [1560.0, 1737.0], [1559.75, 1356.0], [1559.5, 36488.0], [1558.5, 1370.0], [1558.25, 6869.0], [1557.5, 1367.0], [1557.25, 37762.0], [1556.75, 1380.0], [1556.0, 39104.0], [1553.75, 23503.0]], "asks": [[1563.0, 3870.0], [1563.25, 5537.0], [1563.5, 10930.0], [1564.25, 1890.0], [1564.5, 6301.0], [1564.75, 228.0], [1565.0, 1729.0], [1565.25, 7267.0], [1565.5, 19956.0], [1567.75, 1322.0], [1568.0, 39028.0], [1568.75, 2672.0], [1569.0, 38161.0], [1569.5, 1333.0], [1569.75, 1325.0], [1570.25, 1332.0], [1570.5, 39588.0], [1570.75, 1319.0], [1571.25, 1332.0], [1571.5, 1370.0]]}}}
{"jsonrpc": "2.0", "method": "subscription", "params": {"channel": "book.ETH-11APR25.none.20.100ms", "data": {"timestamp": 1744057558349, "change_id": 64817003197, "instrument_name": "ETH-11APR25", "bids": [[1561.0, 2174.0], [1560.75, 2251.0], [1560.5, 2160.0], [1560.25, 12114.0], [1560.0, 2195.0], [1559.75, 2104.0], [1559.5, 2121.0], [1559.25, 9067.0], [1559.0, 27587.0], [1558.75, 90000.0], [1558.5, 2166.0], [1558.25, 70350.0], [1557.75, 25150.0], [1557.5, 500.0], [1556.5, 2108.0], [1556.25, 53336.0], [1555.75, 500.0], [1555.5, 2104.0], [1555.25, 24320.0], [1555.0, 255849.0]], "asks": [[1561.75, 17791.0], [1562.0, 5381.0], [1562.25, 32201.0], [1562.5, 5261.0], [1562.75, 5214.0], [1563.25, 2104.0], [1563.5, 2104.0], [1563.75, 2104.0], [1564.0, 2108.0], [1564.25, 2104.0], [1564.5, 2166.0], [1565.5, 2121.0], [1566.0, 2666.0], [1566.25, 2166.0], [1566.5, 43779.0], [1566.75, 2104.0], [1567.0, 92164.0], [1567.75, 2647.0], [1568.0, 51080.0], [1569.5, 2160.0]]}}}
{"jsonrpc": "2.0", "method": "subscription", "params": {"channel": "book.ETH-18APR25.none.20.100ms", "data": {"timestamp": 1744057558347, "change_id": 64817003192, "instrument_name": "ETH-18APR25", "bids": [[1562.25, 5374.0], [1562.0, 11748.0], [1561.75, 5828.0], [1561.5, 682.0], [1561.25, 2384.0], [1560.5, 1755.0], [1560.25, 1607.0], [1560.0, 7917.0], [1559.75, 1356.0], [1559.5, 18843.0], [1558.5, 1370.0], [1558.25, 43357.0], [1557.5, 1367.0], [1557.25, 37762.0], [1556.75, 1380.0], [1556.0, 39104.0], [1553.75, 23503.0], [1553.5, 38043.0], [1553.25, 1341.0], [1553.0, 1341.0]], "asks": [[1562.75, 3102.0], [1563.0, 8395.0], [1563.25, 10536.0], [1563.5, 1786.0], [1564.0, 6703.0], [1564.25, 1341.0], [1564.75, 399.0], [1565.0, 1330.0], [1565.25, 1330.0], [1565.5, 19956.0], [1567.75, 1322.0], [1568.0, 39028.0], [1568.75, 2672.0], [1569.0, 38161.0], [1569.5, 1333.0], [1569.75, 1325.0], [1570.25, 1332.0], [1570.5, 39588.0], [1570.75, 1319.0], [1571.25, 1332.0]]}}}
{"jsonrpc": "2.0", "method": "subscription", "params": {"channel": "book.ETH-11APR25.none.20.100ms", "data": {"timestamp": 1744057558665, "change_id": 64817004014, "instrument_name": "ETH-11APR25", "bids": [[1561.0, 2849.0], [1560.75, 6718.0], [1560.5, 15524.0], [1560.25, 2773.0], [1560.0, 2826.0], [1559.75, 2511.0], [1559.5, 3180.0], [1559.25, 11807.0], [1559.0, 27994.0], [1558.75, 90000.0], [1558.5, 2166.0], [1558.25, 70350.0], [1557.75, 25150.0], [1557.5, 500.0], [1556.5, 2108.0], [1556.25, 53336.0], [1555.75, 500.0], [1555.5, 2104.0], [1555.25, 29856.0], [1555.0, 255849.0]], "asks": [[1561.5, 5337.0], [1561.75, 19525.0], [1562.0, 14386.0], [1562.25, 31994.0], [1562.5, 6825.0], [1562.75, 5214.0], [1563.0, 407.0], [1563.25, 2511.0], [1563.5, 2104.0], [1563.75, 2104.0], [1564.0, 2108.0], [1564.25, 2104.0], [1564.5, 2166.0], [1565.5, 2121.0], [1566.0, 2666.0], [1566.25, 2166.0], [1566.5, 43779.0], [1566.75, 2104.0], [1567.0, 92164.0], [1567.75, 2647.0]]}}}
{"jsonrpc": "2.0", "method": "subscription", "params": {"channel": "book.ETH-18APR25.none.20.100ms", "data": {"timestamp": 1744057558604, "change_id": 64817003885, "instrument_name": "ETH-18APR25", "bids": [[1562.25, 2700.0], [1562.0, 4530.0], [1561.75, 15828.0], [1561.5, 266.0], [1561.25, 1000.0], [1561.0, 415.0], [1560.75, 1791.0], [1560.5, 1755.0], [1560.25, 3548.0], [1560.0, 7917.0], [1559.75, 7009.0], [1559.5, 18843.0], [1558.5, 1370.0], [1558.25, 43357.0], [1557.5, 1367.0], [1557.25, 37762.0], [1556.75, 1380.0], [1556.0, 39104.0], [1553.75, 23503.0], [1553.5, 38043.0]], "asks": [[1562.75, 4061.0], [1563.0, 8395.0], [1563.25, 10000.0], [1563.75, 1890.0], [1564.0, 6703.0], [1564.25, 1341.0], [1564.75, 399.0], [1565.0, 1729.0], [1565.25, 1330.0], [1565.5, 19956.0], [1567.75, 1322.0], [1568.0, 39028.0], [1568.75, 2672.0], [1569.0, 38161.0], [1569.5, 1333.0], [1569.75, 1325.0], [1570.25, 1332.0], [1570.5, 39588.0], [1570.75, 1319.0], [1571.25, 1332.0]]}}}
{"jsonrpc": "2.0", "method": "subscription", "params": {"channel": "book.ETH-11APR25.none.20.100ms", "data": {"timestamp": 1744057558760, "change_id": 64817004088, "instrument_name": "ETH-11APR25", "bids": [[1561.0, 5949.0], [1560.75, 9818.0], [1560.5, 15524.0], [1560.25, 2773.0], [1560.0, 2826.0], [1559.75, 2511.0], [1559.5, 3180.0], [1559.25, 11807.0], [1559.0, 54536.0], [1558.75, 90000.0], [1558.5, 2166.0], [1558.25, 70350.0], [1557.75, 25150.0], [1557.5, 500.0], [1556.5, 2108.0], [1556.25, 53336.0], [1555.75, 500.0], [1555.5, 2104.0], [1555.25, 29856.0], [1555.0, 255849.0]], "asks": [[1561.5, 5337.0], [1561.75, 19525.0], [1562.0, 14386.0], [1562.25, 30823.0], [1562.5, 2568.0], [1562.75, 2114.0], [1563.0, 407.0], [1563.25, 2511.0], [1563.5, 2104.0], [1563.75, 2736.0], [1564.0, 2108.0], [1564.25, 2104.0], [1564.5, 2166.0], [1565.5, 2121.0], [1566.0, 2666.0], [1566.25, 2166.0], [1566.5, 43779.0], [1566.75, 2104.0], [1567.0, 92164.0], [1567.75, 2647.0]]}}}
{"jsonrpc": "2.0", "method": "subscription", "params": {"channel": "book.ETH-18APR25.none.20.100ms", "data": {"timestamp": 1744057558792, "change_id": 64817004108, "instrument_name": "ETH-18APR25", "bids": [[1562.25, 2700.0], [1562.0, 4530.0], [1561.75, 15828.0], [1561.5, 266.0], [1561.25, 1000.0], [1561.0, 415.0], [1560.75, 1791.0], [1560.5, 1755.0], [1560.25, 3548.0], [1560.0, 7917.0], [1559.75, 7009.0], [1559.5, 18843.0], [1558.5, 1370.0], [1558.25, 43357.0], [1557.5, 1367.0], [1557.25, 37762.0], [1556.75, 1380.0], [1556.0, 39104.0], [1553.75, 23503.0], [1553.5, 38043.0]], "asks": [[1562.75, 4061.0], [1563.0, 8395.0], [1563.25, 10000.0], [1563.75, 1890.0], [1564.0, 6703.0], [1564.25, 1341.0], [1564.75, 399.0], [1565.0, 2029.0], [1565.25, 1330.0], [1565.5, 19956.0], [1567.75, 1322.0], [1568.0, 39028.0], [1568.75, 2672.0], [1569.0, 38161.0], [1569.5, 1333.0], [1569.75, 1325.0], [1570.25, 1332.0], [1570.5, 39588.0], [1570.75, 1319.0], [1571.25, 1332.0]]}}}
{"jsonrpc": "2.0", "method": "subscription", "params": {"channel": "book.ETH-11APR25.none.20.100ms", "data": {"timestamp": 1744057559159, "change_id": 64817004877, "instrument_name": "ETH-11APR25", "bids": [[1561.0, 6795.0], [1560.75, 9818.0], [1560.5, 15524.0], [1560.25, 2773.0], [1560.0, 2826.0], [1559.75, 2511.0], [1559.5, 3180.0], [1559.25, 11807.0], [1559.0, 54536.0], [1558.75, 92811.0], [1558.5, 7925.0], [1558.25, 19198.0], [1557.75, 27311.0], [1557.5, 500.0], [1557.25, 2161.0], [1557.0, 51152.0], [1556.5, 2108.0], [1556.25, 53336.0], [1555.75, 500.0], [1555.5, 2104.0]], "asks": [[1561.5, 5337.0], [1561.75, 19525.0], [1562.0, 14386.0], [1562.25, 30823.0], [1562.5, 2568.0], [1562.75, 2114.0], [1563.0, 407.0], [1563.25, 2511.0], [1563.5, 2735.0], [1563.75, 2736.0], [1564.0, 2108.0], [1564.5, 2166.0], [1565.5, 2121.0], [1566.0, 2666.0], [1566.25, 2166.0], [1566.5, 43779.0], [1566.75, 2104.0], [1567.0, 92164.0], [1567.75, 2647.0], [1568.0, 51080.0]]}}}
{"jsonrpc": "2.0", "method": "subscription", "params": {"channel": "book.ETH-18APR25.none.20.100ms", "data": {"timestamp": 1744057559151, "change_id": 64817004832, "instrument_name": "ETH-18APR25", "bids": [[1562.25, 2700.0], [1562.0, 4530.0], [1561.75, 15828.0], [1561.5, 266.0], [1561.25, 1000.0], [1561.0, 415.0], [1560.75, 1791.0], [1560.5, 1755.0], [1560.25, 3548.0], [1560.0, 7917.0], [1559.75, 7009.0], [1559.5, 18843.0], [1558.5, 1370.0], [1558.25, 43357.0], [1557.5, 1367.0], [1557.25, 37762.0], [1556.75, 1380.0], [1556.0, 39104.0], [1553.75, 23503.0], [1553.5, 38043.0]], "asks": [[1562.75, 6941.0], [1563.0, 15828.0], [1563.75, 1890.0], [1564.0, 6703.0], [1564.25, 1341.0], [1564.75, 399.0], [1565.0, 2029.0], [1565.25, 1330.0], [1565.5, 19956.0], [1567.75, 1322.0], [1568.0, 39028.0], [1568.75, 2672.0], [1569.0, 38161.0], [1569.5, 1333.0], [1569.75, 1325.0], [1570.25, 1332.0], [1570.5, 39588.0], [1570.75, 1319.0], [1571.25, 1332.0], [1571.5, 1370.0]]}}}
{"jsonrpc": "2.0", "method": "subscription", "params": {"channel": "book.ETH-11APR25.none.20.100ms", "data": {"timestamp": 1744057559709, "change_id": 64817005547, "instrument_name": "ETH-11APR25", "bids": [[1561.0, 6795.0], [1560.75, 9818.0], [1560.5, 15524.0], [1560.25, 3773.0], [1560.0, 2826.0], [1559.75, 2511.0], [1559.5, 2528.0], [1559.25, 10423.0], [1559.0, 54536.0], [1558.75, 92811.0], [1558.5, 7925.0], [1558.25, 19198.0], [1557.75, 27311.0], [1557.5, 500.0], [1557.25, 2161.0], [1557.0, 51152.0], [1556.5, 2108.0], [1556.25, 53336.0], [1555.75, 500.0], [1555.5, 2104.0]], "asks": [[1561.5, 5337.0], [1561.75, 19525.0], [1562.0, 14386.0], [1562.25, 30823.0], [1562.5, 2568.0], [1562.75, 2756.0], [1563.0, 2709.0], [1563.25, 2511.0], [1563.5, 2735.0], [1563.75, 2736.0], [1564.0, 2108.0], [1564.5, 2166.0], [1565.5, 2121.0], [1566.0, 2666.0], [1566.25, 2166.0], [1566.5, 43779.0], [1566.75, 2104.0], [1567.0, 92164.0], [1567.75, 2647.0], [1568.0, 51080.0]]}}}
{"jsonrpc": "2.0", "method": "subscription", "params": {"channel": "book.ETH-18APR25.none.20.100ms", "data": {"timestamp": 1744057559525, "change_id": 64817005396, "instrument_name": "ETH-18APR25", "bids": [[1562.25, 2700.0], [1562.0, 4530.0], [1561.75, 15828.0], [1561.5, 266.0], [1561.25, 1000.0], [1560.75, 407.0], [1560.5, 1755.0], [1560.25, 3548.0], [1560.0, 7917.0], [1559.75, 7009.0], [1559.5, 18843.0], [1558.5, 1370.0], [1558.25, 37821.0], [1557.5, 1367.0], [1557.25, 37762.0], [1556.75, 1380.0], [1556.0, 39104.0], [1553.75, 1359.0], [1553.5, 38043.0], [1553.25, 1341.0]], "asks": [[1562.75, 6941.0], [1563.0, 15828.0], [1563.75, 1890.0], [1564.0, 9636.0], [1564.25, 1341.0], [1564.75, 399.0], [1565.0, 2029.0], [1565.25, 1330.0], [1565.5, 19956.0], [1567.75, 1322.0], [1568.0, 39028.0], [1568.75, 2672.0], [1569.0, 38161.0], [1569.5, 1333.0], [1569.75, 1325.0], [1570.25, 1332.0], [1570.5, 39588.0], [1570.75, 1319.0], [1571.25, 1332.0], [1571.5, 1370.0]]}}}
{"jsonrpc": "2.0", "method": "subscription", "params": {"channel": "book.ETH-11APR25.none.20.100ms", "data": {"timestamp": 1744057559746, "change_id": 64817005574, "instrument_name": "ETH-11APR25", "bids": [[1561.0, 6795.0], [1560.75, 9818.0], [1560.5, 15524.0], [1560.25, 3773.0], [1560.0, 2826.0], [1559.75, 2511.0], [1559.5, 2528.0], [1559.25, 10423.0], [1559.0, 54536.0], [1558.75, 92811.0], [1558.5, 7925.0], [1558.25, 19198.0], [1557.75, 27311.0], [1557.5, 500.0], [1557.25, 2161.0], [1557.0, 51152.0], [1556.5, 2108.0], [1556.25, 53336.0], [1555.75, 500.0], [1555.5, 2104.0]], "asks": [[1561.5, 8437.0], [1561.75, 19525.0], [1562.0, 14386.0], [1562.25, 30823.0], [1562.5, 2568.0], [1562.75, 2756.0], [1563.0, 2709.0], [1563.25, 2511.0], [1563.5, 2735.0], [1563.75, 2736.0], [1564.0, 2108.0], [1564.5, 2166.0], [1565.5, 2121.0], [1566.0, 2666.0], [1566.25, 2166.0], [1566.5, 43779.0], [1566.75, 2104.0], [1567.0, 92164.0], [1567.75, 2647.0], [1568.0, 51080.0]]}}}
{"jsonrpc": "2.0", "method": "subscription", "params": {"channel": "book.ETH-18APR25.none.20.100ms", "data": {"timestamp": 1744057559827, "change_id": 64817005644, "instrument_name": "ETH-18APR25", "bids": [[1562.25, 2700.0], [1562.0, 4530.0], [1561.75, 15828.0], [1561.5, 266.0], [1561.25, 1000.0], [1560.75, 407.0], [1560.5, 1755.0], [1560.25, 3548.0], [1560.0, 7917.0], [1559.75, 7009.0], [1559.5, 18843.0], [1558.5, 1370.0], [1558.25, 37821.0], [1557.5, 1367.0], [1557.25, 37762.0], [1556.75, 1380.0], [1556.0, 39104.0], [1553.75, 1359.0], [1553.5, 38043.0], [1553.25, 1341.0]], "asks": [[1562.75, 6941.0], [1563.0, 12728.0], [1563.75, 1890.0], [1564.0, 9636.0], [1564.25, 1341.0], [1564.75, 399.0], [1565.0, 2029.0], [1565.25, 1330.0], [1565.5, 19956.0], [1567.75, 1322.0], [1568.0, 39028.0], [1568.75, 2672.0], [1569.0, 38161.0], [1569.5, 1333.0], [1569.75, 1325.0], [1570.25, 1332.0], [1570.5, 39588.0], [1570.75, 1319.0], [1571.25, 1332.0], [1571.5, 1370.0]]}}}
{"jsonrpc": "2.0", "method": "subscription", "params": {"channel": "book.ETH-11APR25.none.20.100ms", "data": {"timestamp": 1744057560933, "change_id": 64817007229, "instrument_name": "ETH-11APR25", "bids": [[1561.0, 6795.0], [1560.75, 9818.0], [1560.5, 15524.0], [1560.25, 3773.0], [1560.0, 2826.0], [1559.75, 2511.0], [1559.5, 2528.0], [1559.25, 10423.0], [1559.0, 54536.0], [1558.75, 92811.0], [1558.5, 7925.0], [1558.25, 19198.0], [1557.75, 27311.0], [1557.5, 500.0], [1557.25, 2161.0], [1557.0, 51152.0], [1556.5, 2108.0], [1556.25, 53336.0], [1555.75, 500.0], [1555.5, 2104.0]], "asks": [[1561.5, 5337.0], [1561.75, 19525.0], [1562.0, 14386.0], [1562.25, 30823.0], [1562.5, 2568.0], [1562.75, 2756.0], [1563.0, 2709.0], [1563.25, 2511.0], [1563.5, 2735.0], [1563.75, 2736.0], [1564.0, 2108.0], [1564.5, 2166.0], [1565.5, 2121.0], [1566.0, 2666.0], [1566.25, 2166.0], [1566.5, 43779.0], [1566.75, 2104.0], [1567.0, 92164.0], [1567.75, 2647.0], [1568.0, 51080.0]]}}}
{"jsonrpc": "2.0", "method": "subscription", "params": {"channel": "book.ETH-18APR25.none.20.100ms", "data": {"timestamp": 1744057560940, "change_id": 64817007237, "instrument_name": "ETH-18APR25", "bids": [[1562.25, 2700.0], [1562.0, 4530.0], [1561.75, 15828.0], [1561.5, 266.0], [1561.25, 1000.0], [1560.75, 407.0], [1560.5, 1755.0], [1560.25, 3548.0], [1560.0, 7917.0], [1559.75, 7009.0], [1559.5, 18843.0], [1558.5, 1370.0], [1558.25, 37821.0], [1557.5, 1367.0], [1557.25, 37762.0], [1556.75, 1380.0], [1556.0, 39104.0], [1553.75, 6895.0], [1553.5, 38043.0], [1553.25, 1341.0]], "asks": [[1562.75, 4541.0], [1563.0, 12728.0], [1563.5, 720.0], [1563.75, 4290.0], [1564.0, 9636.0], [1564.25, 1341.0], [1564.75, 399.0], [1565.0, 2029.0], [1565.25, 1330.0], [1565.5, 19956.0], [1567.75, 1322.0], [1568.0, 39028.0], [1568.75, 2672.0], [1569.0, 38161.0], [1569.5, 1333.0], [1569.75, 1325.0], [1570.25, 1332.0], [1570.5, 39588.0], [1570.75, 1319.0], [1571.25, 1332.0]]}}}
{"jsonrpc": "2.0", "method": "subscription", "params": {"channel": "book.ETH-11APR25.none.20.100ms", "data": {"timestamp": 1744057561342, "change_id": 64817007987, "instrument_name": "ETH-11APR25", "bids": [[1561.25, 6843.0], [1561.0, 7592.0], [1560.75, 12428.0], [1560.5, 12794.0], [1560.25, 3773.0], [1560.0, 2826.0], [1559.75, 2511.0], [1559.5, 2528.0], [1559.25, 10423.0], [1559.0, 54536.0], [1558.75, 92811.0], [1558.5, 7925.0], [1558.25, 19198.0], [1557.75, 27311.0], [1557.5, 500.0], [1557.25, 2161.0], [1557.0, 51152.0], [1556.5, 2108.0], [1556.25, 53336.0], [1555.75, 500.0]], "asks": [[1561.75, 14634.0], [1562.0, 17116.0], [1562.25, 30823.0], [1562.5, 2568.0], [1562.75, 2756.0], [1563.0, 2709.0], [1563.25, 2511.0], [1563.5, 2735.0], [1563.75, 2736.0], [1564.0, 2108.0], [1564.5, 2166.0], [1565.5, 2121.0], [1566.0, 2666.0], [1566.25, 2166.0], [1566.5, 43779.0], [1566.75, 2104.0], [1567.0, 92164.0], [1567.75, 2647.0], [1568.0, 51080.0], [1569.5, 2160.0]]}}}
{"jsonrpc": "2.0", "method": "subscription", "params": {"channel": "book.ETH-18APR25.none.20.100ms", "data": {"timestamp": 1744057561343, "change_id": 64817007988, "instrument_name": "ETH-18APR25", "bids": [[1562.25, 2700.0], [1562.0, 4530.0], [1561.75, 13100.0], [1561.5, 266.0], [1561.25, 1000.0], [1560.75, 407.0], [1560.5, 1755.0], [1560.25, 3548.0], [1560.0, 7917.0], [1559.75, 7009.0], [1559.5, 18843.0], [1558.5, 1370.0], [1558.25, 37821.0], [1557.5, 1367.0], [1557.25, 37762.0], [1556.75, 1380.0], [1556.0, 39104.0], [1553.75, 6895.0], [1553.5, 38043.0], [1553.25, 1341.0]], "asks": [[1562.75, 2792.0], [1563.0, 10000.0], [1563.5, 720.0], [1563.75, 4290.0], [1564.0, 9636.0], [1564.25, 1341.0], [1564.75, 399.0], [1565.0, 2029.0], [1565.25, 1330.0], [1565.5, 19956.0], [1567.75, 1322.0], [1568.0, 39028.0], [1568.75, 2672.0], [1569.0, 38161.0], [1569.5, 1333.0], [1569.75, 1325.0], [1570.25, 1332.0], [1570.5, 39588.0], [1570.75, 1319.0], [1571.25, 1332.0]]}}}
{"jsonrpc": "2.0", "method": "subscription", "params": {"channel": "book.ETH-11APR25.none.20.100ms", "data": {"timestamp": 1744057561687, "change_id": 64817008644, "instrument_name": "ETH-11APR25", "bids": [[1561.5, 4678.0], [1561.25, 7620.0], [1561.0, 8004.0], [1560.75, 8989.0], [1560.5, 13160.0], [1560.0, 2195.0], [1559.75, 2511.0], [1559.5, 27513.0], [1559.25, 2348.0], [1559.0, 28737.0], [1558.75, 92811.0], [1558.5, 7925.0], [1558.25, 19198.0], [1557.75, 27311.0], [1557.5, 500.0], [1557.25, 2161.0], [1557.0, 51152.0], [1556.5, 2108.0], [1556.25, 53336.0], [1555.75, 500.0]], "asks": [[1562.0, 12922.0], [1562.25, 43914.0], [1562.5, 2795.0], [1562.75, 2114.0], [1563.25, 2511.0], [1563.5, 2735.0], [1563.75, 2511.0], [1564.0, 2108.0], [1565.25, 636.0], [1565.5, 2121.0], [1566.0, 2666.0], [1566.25, 2166.0], [1566.5, 43779.0], [1566.75, 2104.0], [1567.0, 92164.0], [1567.75, 2647.0], [1568.0, 51080.0], [1569.5, 2160.0], [1569.75, 128178.0], [1571.75, 2160.0]]}}}
{"jsonrpc": "2.0", "method": "subscription", "params": {"channel": "book.ETH-18APR25.none.20.100ms", "data": {"timestamp": 1744057561445, "change_id": 64817008646, "instrument_name": "ETH-18APR25", "bids": [[1562.5, 810.0], [1562.25, 3518.0], [1562.0, 7258.0], [1561.75, 13100.0], [1561.5, 266.0], [1561.25, 1000.0], [1560.75, 1748.0], [1560.5, 7935.0], [1560.25, 1607.0], [1560.0, 3121.0], [1559.75, 7009.0], [1559.5, 18843.0], [1558.5, 1370.0], [1558.25, 37821.0], [1557.5, 1367.0], [1557.25, 37762.0], [1556.75, 1380.0], [1556.0, 39104.0], [1553.75, 6895.0], [1553.5, 38043.0]], "asks": [[1563.0, 1646.0], [1563.25, 8828.0], [1563.5, 10720.0], [1563.75, 4290.0], [1564.0, 6703.0], [1564.75, 399.0], [1565.0, 2029.0], [1565.25, 7317.0], [1565.5, 19956.0], [1567.75, 1322.0], [1568.0, 39028.0], [1568.75, 2672.0], [1569.0, 38161.0], [1569.5, 1333.0], [1569.75, 1325.0], [1570.25, 1332.0], [1570.5, 39588.0], [1570.75, 1319.0], [1571.25, 1332.0], [1571.5, 1370.0]]}}}
{"jsonrpc": "2.0", "method": "subscription", "params": {"channel": "book.ETH-11APR25.none.20.100ms", "data": {"timestamp": 1744057561903, "change_id": 64817009045, "instrument_name": "ETH-11APR25", "bids": [[1561.5, 7497.0], [1561.25, 9693.0], [1561.0, 5274.0], [1560.75, 15638.0], [1560.5, 3160.0], [1560.0, 2195.0], [1559.75, 2511.0], [1559.5, 27513.0], [1559.25, 2348.0], [1559.0, 28737.0], [1558.75, 92811.0], [1558.5, 7925.0], [1558.25, 19198.0], [1557.75, 27311.0], [1557.5, 500.0], [1557.25, 2161.0], [1557.0, 51152.0], [1556.5, 2108.0], [1556.25, 53336.0], [1555.75, 500.0]], "asks": [[1562.0, 22922.0], [1562.25, 33914.0], [1562.5, 2795.0], [1562.75, 2114.0], [1563.25, 2511.0], [1563.5, 2735.0], [1563.75, 2511.0], [1564.0, 2108.0], [1565.25, 636.0], [1565.5, 2121.0], [1566.0, 2666.0], [1566.25, 2166.0], [1566.5, 43779.0], [1566.75, 2104.0], [1567.0, 92164.0], [1567.75, 2647.0], [1568.0, 51080.0], [1569.5, 2160.0], [1569.75, 128178.0], [1571.75, 2160.0]]}}}
{"jsonrpc": "2.0", "method": "subscription", "params": {"channel": "book.ETH-18APR25.none.20.100ms", "data": {"timestamp": 1744057561892, "change_id": 64817009031, "instrument_name": "ETH-18APR25", "bids": [[1562.5, 3709.0], [1562.25, 15428.0], [1562.0, 930.0], [1561.75, 3100.0], [1561.5, 266.0], [1561.25, 1000.0], [1560.75, 1748.0], [1560.5, 7935.0], [1560.25, 1607.0], [1560.0, 3121.0], [1559.75, 7009.0], [1559.5, 18843.0], [1558.5, 1370.0], [1558.25, 37821.0], [1557.5, 1367.0], [1557.25, 37762.0], [1556.75, 1380.0], [1556.0, 39104.0], [1553.75, 6895.0], [1553.5, 38043.0]], "asks": [[1563.0, 818.0], [1563.25, 6100.0], [1563.5, 13448.0], [1563.75, 4290.0], [1564.0, 6703.0], [1564.75, 399.0], [1565.0, 2029.0], [1565.25, 7317.0], [1565.5, 19956.0], [1567.75, 1322.0], [1568.0, 39028.0], [1568.75, 2672.0], [1569.0, 38161.0], [1569.5, 1333.0], [1569.75, 1325.0], [1570.25, 1332.0], [1570.5, 39588.0], [1570.75, 1319.0], [1571.25, 1332.0], [1571.5, 1370.0]]}}}
{"jsonrpc": "2.0", "method": "subscription", "params": {"channel": "book.ETH-11APR25.none.20.100ms", "data": {"timestamp": 1744057562256, "change_id": 64817010106, "instrument_name": "ETH-11APR25", "bids": [[1561.5, 3100.0], [1561.25, 9693.0], [1561.0, 5274.0], [1560.75, 15638.0], [1560.5, 3160.0], [1560.0, 2195.0], [1559.75, 2511.0], [1559.5, 27513.0], [1559.25, 2348.0], [1559.0, 28737.0], [1558.75, 92811.0], [1558.5, 7925.0], [1558.25, 19198.0], [1557.75, 27311.0], [1557.5, 500.0], [1557.25, 2161.0], [1557.0, 51152.0], [1556.5, 7644.0], [1556.25, 53336.0], [1555.75, 500.0]], "asks": [[1562.0, 22922.0], [1562.25, 33914.0], [1562.5, 2795.0], [1562.75, 2114.0], [1563.25, 2511.0], [1563.5, 2735.0], [1563.75, 2511.0], [1564.0, 2108.0], [1565.25, 636.0], [1565.5, 2121.0], [1566.0, 2666.0], [1566.25, 2166.0], [1566.5, 43779.0], [1566.75, 2104.0], [1567.0, 92164.0], [1567.75, 2647.0], [1568.0, 51080.0], [1569.5, 2160.0], [1569.75, 128178.0], [1571.75, 2160.0]]}}}
{"jsonrpc": "2.0", "method": "subscription", "params": {"channel": "book.ETH-11APR25.none.20.100ms", "data": {"timestamp": 1744057562547, "change_id": 64817010437, "instrument_name": "ETH-11APR25", "bids": [[1561.5, 3100.0], [1561.25, 7584.0], [1561.0, 8004.0], [1560.75, 15638.0], [1560.5, 3160.0], [1560.0, 2195.0], [1559.75, 2511.0], [1559.5, 27513.0], [1559.25, 2348.0], [1559.0, 28737.0], [1558.75, 92811.0], [1558.5, 7925.0], [1558.25, 19198.0], [1557.75, 27311.0], [1557.5, 500.0], [1557.25, 2161.0], [1557.0, 51152.0], [1556.5, 7644.0], [1556.25, 53336.0], [1555.75, 500.0]], "asks": [[1562.0, 22922.0], [1562.25, 33914.0], [1562.5, 2795.0], [1562.75, 2114.0], [1563.25, 2511.0], [1563.5, 2735.0], [1563.75, 2511.0], [1564.0, 2108.0], [1565.25, 636.0], [1565.5, 2121.0], [1566.0, 2666.0], [1566.25, 2166.0], [1566.5, 43779.0], [1566.75, 2104.0], [1567.0, 92164.0], [1567.75, 2647.0], [1568.0, 51080.0], [1569.5, 2160.0], [1569.75, 128178.0], [1571.75, 2160.0]]}}}
{"jsonrpc": "2.0", "method": "subscription", "params": {"channel": "book.ETH-11APR25.none.20.100ms", "data": {"timestamp": 1744057562832, "change_id": 64817010625, "instrument_name": "ETH-11APR25", "bids": [[1561.5, 5261.0], [1561.25, 7584.0], [1561.0, 8004.0], [1560.75, 15638.0], [1560.5, 3160.0], [1560.0, 2195.0], [1559.75, 2511.0], [1559.5, 27513.0], [1559.25, 3732.0], [1559.0, 28737.0], [1558.75, 92811.0], [1558.5, 7925.0], [1558.25, 19198.0], [1557.75, 27311.0], [1557.5, 500.0], [1557.25, 2161.0], [1557.0, 51152.0], [1556.5, 7644.0], [1556.25, 53336.0], [1555.75, 500.0]], "asks": [[1562.0, 22922.0], [1562.25, 33914.0], [1562.5, 2795.0], [1562.75, 2114.0], [1563.25, 2511.0], [1563.5, 2735.0], [1563.75, 2511.0], [1564.0, 2108.0], [1565.25, 636.0], [1565.5, 2121.0], [1566.0, 2666.0], [1566.25, 2166.0], [1566.5, 43779.0], [1566.75, 2104.0], [1567.0, 92164.0], [1567.75, 2647.0], [1568.0, 51080.0], [1569.5, 2160.0], [1569.75, 128178.0], [1571.75, 2160.0]]}}}
{"jsonrpc": "2.0", "method": "subscription", "params": {"channel": "book.ETH-18APR25.none.20.100ms", "data": {"timestamp": 1744057562916, "change_id": 64817010752, "instrument_name": "ETH-18APR25", "bids": [[1562.5, 3709.0], [1562.25, 13518.0], [1562.0, 3658.0], [1561.75, 3100.0], [1561.5, 266.0], [1561.25, 1000.0], [1560.75, 3551.0], [1560.5, 7935.0], [1560.25, 1607.0], [1560.0, 3121.0], [1559.75, 7009.0], [1559.5, 18843.0], [1558.5, 1370.0], [1558.25, 37821.0], [1557.5, 1367.0], [1557.25, 37762.0], [1556.75, 1380.0], [1556.0, 39104.0], [1553.75, 6895.0], [1553.5, 38043.0]], "asks": [[1563.0, 818.0], [1563.25, 6100.0], [1563.5, 13448.0], [1563.75, 4290.0], [1564.0, 6703.0], [1564.75, 399.0], [1565.0, 2029.0], [1565.25, 7317.0], [1565.5, 19956.0], [1567.75, 1322.0], [1568.0, 39028.0], [1568.75, 2672.0], [1569.0, 38161.0], [1569.5, 1333.0], [1569.75, 1325.0], [1570.25, 1332.0], [1570.5, 39588.0], [1570.75, 1319.0], [1571.25, 1332.0], [1571.5, 1370.0]]}}}
{"jsonrpc": "2.0", "method": "subscription", "params": {"channel": "book.ETH-11APR25.none.20.100ms", "data": {"timestamp": 1744057563321, "change_id": 64817011914, "instrument_name": "ETH-11APR25", "bids": [[1561.5, 3100.0], [1561.25, 7584.0], [1561.0, 8004.0], [1560.75, 15638.0], [1560.5, 3160.0], [1560.0, 2195.0], [1559.75, 2511.0], [1559.5, 27513.0], [1559.25, 3732.0], [1559.0, 28737.0], [1558.75, 92811.0], [1558.5, 7925.0], [1558.25, 19198.0], [1557.75, 27311.0], [1557.5, 500.0], [1557.25, 2161.0], [1557.0, 51152.0], [1556.5, 7644.0], [1556.25, 53336.0], [1555.75, 500.0]], "asks": [[1562.0, 23042.0], [1562.25, 33794.0], [1562.5, 2795.0], [1562.75, 2114.0], [1563.25, 2511.0], [1563.5, 2735.0], [1563.75, 2511.0], [1564.0, 2108.0], [1565.25, 636.0], [1565.5, 2121.0], [1566.0, 2666.0], [1566.25, 2166.0], [1566.5, 43779.0], [1566.75, 2104.0], [1567.0, 92164.0], [1567.75, 2647.0], [1568.0, 51080.0], [1569.5, 2160.0], [1569.75, 128178.0], [1571.75, 2160.0]]}}}
{"jsonrpc": "2.0", "method": "subscription", "params": {"channel": "book.ETH-18APR25.none.20.100ms", "data": {"timestamp": 1744057563341, "change_id": 64817011948, "instrument_name": "ETH-18APR25", "bids": [[1562.5, 3709.0], [1562.25, 13518.0], [1562.0, 3658.0], [1561.75, 3100.0], [1561.5, 266.0], [1561.25, 1000.0], [1560.75, 3551.0], [1560.5, 7935.0], [1560.25, 1607.0], [1560.0, 3121.0], [1559.75, 7009.0], [1559.5, 18843.0], [1558.5, 1370.0], [1558.25, 37821.0], [1557.5, 1367.0], [1557.25, 37762.0], [1556.75, 1380.0], [1556.0, 39104.0], [1553.75, 6895.0], [1553.5, 38043.0]], "asks": [[1563.0, 1646.0], [1563.25, 8828.0], [1563.5, 10720.0], [1563.75, 4290.0], [1564.0, 6703.0], [1564.75, 399.0], [1565.0, 2029.0], [1565.25, 7317.0], [1565.5, 19956.0], [1567.75, 1322.0], [1568.0, 39028.0], [1568.75, 2672.0], [1569.0, 38161.0], [1569.5, 1333.0], [1569.75, 1325.0], [1570.25, 1332.0], [1570.5, 39588.0], [1570.75, 1319.0], [1571.25, 1332.0], [1571.5, 1370.0]]}}}
{"jsonrpc": "2.0", "method": "subscription", "params": {"channel": "book.ETH-11APR25.none.20.100ms", "data": {"timestamp": 1744057563822, "change_id": 64817012295, "instrument_name": "ETH-11APR25", "bids": [[1561.25, 7584.0], [1561.0, 12573.0], [1560.75, 15638.0], [1560.5, 3160.0], [1560.0, 2195.0], [1559.75, 10307.0], [1559.5, 27513.0], [1559.25, 3732.0], [1559.0, 28737.0], [1558.75, 92811.0], [1558.5, 7925.0], [1558.25, 19198.0], [1557.75, 27311.0], [1557.5, 500.0], [1557.25, 2161.0], [1557.0, 51152.0], [1556.5, 7644.0], [1556.25, 53336.0], [1555.75, 500.0], [1555.5, 2104.0]], "asks": [[1561.75, 7066.0], [1562.0, 23042.0], [1562.25, 33794.0], [1562.5, 2795.0], [1562.75, 2114.0], [1563.0, 631.0], [1563.25, 2511.0], [1563.5, 5471.0], [1563.75, 2511.0], [1564.0, 2108.0], [1565.25, 636.0], [1565.5, 2121.0], [1566.0, 2666.0], [1566.25, 2166.0], [1566.5, 43779.0], [1566.75, 2104.0], [1567.0, 92164.0], [1567.75, 2647.0], [1568.0, 51080.0], [1569.5, 2160.0]]}}}
{"jsonrpc": "2.0", "method": "subscription", "params": {"channel": "book.ETH-18APR25.none.20.100ms", "data": {"timestamp": 1744057563815, "change_id": 64817012286, "instrument_name": "ETH-18APR25", "bids": [[1562.5, 3709.0], [1562.25, 13518.0], [1562.0, 3658.0], [1561.75, 3100.0], [1561.5, 266.0], [1561.25, 1000.0], [1560.75, 3551.0], [1560.5, 7935.0], [1560.25, 1607.0], [1560.0, 3121.0], [1559.75, 7009.0], [1559.5, 18843.0], [1558.5, 1370.0], [1558.25, 37821.0], [1557.5, 6903.0], [1557.25, 37762.0], [1556.75, 1380.0], [1556.0, 39104.0], [1553.75, 1359.0], [1553.5, 38043.0]], "asks": [[1563.0, 1646.0], [1563.25, 8828.0], [1563.5, 10720.0], [1563.75, 4290.0], [1564.0, 6703.0], [1564.25, 311.0], [1564.5, 2036.0], [1564.75, 399.0], [1565.0, 2029.0], [1565.25, 7317.0], [1565.5, 19956.0], [1567.75, 1322.0], [1568.0, 39028.0], [1568.75, 2672.0], [1569.0, 38161.0], [1569.5, 1333.0], [1569.75, 1325.0], [1570.25, 1332.0], [1570.5, 39588.0], [1570.75, 1319.0]]}}}
{"jsonrpc": "2.0", "method": "subscription", "params": {"channel": "book.ETH-11APR25.none.20.100ms", "data": {"timestamp": 1744057564255, "change_id": 64817013205, "instrument_name": "ETH-11APR25", "bids": [[1561.25, 7584.0], [1561.0, 12573.0], [1560.75, 15638.0], [1560.5, 3160.0], [1560.0, 2195.0], [1559.75, 10307.0], [1559.5, 27513.0], [1559.25, 3732.0], [1559.0, 28737.0], [1558.75, 92811.0], [1558.5, 7925.0], [1558.25, 19198.0], [1557.75, 27311.0], [1557.5, 500.0], [1557.25, 2161.0], [1557.0, 53276.0], [1556.5, 7644.0], [1556.25, 53336.0], [1555.75, 500.0], [1555.25, 2176.0]], "asks": [[1561.75, 7066.0], [1562.0, 23042.0], [1562.25, 33794.0], [1562.5, 2795.0], [1562.75, 2114.0], [1563.0, 631.0], [1563.25, 2511.0], [1563.5, 5471.0], [1563.75, 2511.0], [1564.0, 2108.0], [1565.25, 636.0], [1565.5, 2121.0], [1566.0, 2666.0], [1566.25, 2166.0], [1566.5, 43779.0], [1566.75, 2104.0], [1567.0, 92164.0], [1567.75, 2647.0], [1568.0, 51080.0], [1569.5, 2160.0]]}}}
{"jsonrpc": "2.0", "method": "subscription", "params": {"channel": "book.ETH-18APR25.none.20.100ms", "data": {"timestamp": 1744057564267, "change_id": 64817013286, "instrument_name": "ETH-18APR25", "bids": [[1562.5, 3709.0], [1562.25, 13518.0], [1562.0, 3658.0], [1561.75, 3100.0], [1561.5, 266.0], [1561.25, 1000.0], [1561.0, 402.0], [1560.75, 3551.0], [1560.5, 7935.0], [1560.25, 1607.0], [1560.0, 3121.0], [1559.75, 7009.0], [1559.5, 18843.0], [1558.5, 1370.0], [1558.25, 37821.0], [1557.5, 6903.0], [1557.25, 37762.0], [1556.75, 1380.0], [1556.0, 39104.0], [1553.75, 1359.0]], "asks": [[1563.0, 4543.0], [1563.25, 15828.0], [1563.5, 720.0], [1563.75, 4290.0], [1564.0, 6703.0], [1564.25, 311.0], [1564.5, 2036.0], [1564.75, 399.0], [1565.0, 2029.0], [1565.25, 7317.0], [1565.5, 19956.0], [1567.75, 1322.0], [1568.0, 39028.0], [1568.75, 2672.0], [1569.0, 38161.0], [1569.5, 1333.0], [1569.75, 1325.0], [1570.25, 1332.0], [1570.5, 39588.0], [1570.75, 1319.0]]}}}
{"jsonrpc": "2.0", "method": "subscription", "params": {"channel": "book.ETH-11APR25.none.20.100ms", "data": {"timestamp": 1744057564619, "change_id": 64817013578, "instrument_name": "ETH-11APR25", "bids": [[1561.25, 7584.0], [1561.0, 12573.0], [1560.75, 15638.0], [1560.5, 3160.0], [1560.0, 2195.0], [1559.75, 10307.0], [1559.5, 27513.0], [1559.25, 3732.0], [1559.0, 28737.0], [1558.75, 92811.0], [1558.5, 7925.0], [1558.25, 19198.0], [1557.75, 27311.0], [1557.5, 500.0], [1557.25, 2161.0], [1557.0, 53276.0], [1556.5, 7644.0], [1556.25, 53336.0], [1555.75, 500.0], [1555.25, 24320.0]], "asks": [[1561.75, 7066.0], [1562.0, 23042.0], [1562.25, 33794.0], [1562.5, 2795.0], [1562.75, 2114.0], [1563.0, 631.0], [1563.25, 2511.0], [1563.5, 5471.0], [1563.75, 2511.0], [1564.0, 2108.0], [1565.25, 636.0], [1565.5, 2121.0], [1566.0, 2666.0], [1566.25, 2166.0], [1566.5, 43779.0], [1566.75, 2104.0], [1567.0, 92164.0], [1567.75, 2647.0], [1568.0, 51080.0], [1569.5, 2160.0]]}}}
{"jsonrpc": "2.0", "method": "subscription", "params": {"channel": "book.ETH-11APR25.none.20.100ms", "data": {"timestamp": 1744057565370, "change_id": 64817014531, "instrument_name": "ETH-11APR25", "bids": [[1561.25, 5423.0], [1561.0, 12573.0], [1560.75, 15638.0], [1560.5, 3160.0], [1560.25, 659.0], [1560.0, 2195.0], [1559.75, 10307.0], [1559.5, 27513.0], [1559.25, 4164.0], [1559.0, 28737.0], [1558.75, 92811.0], [1558.5, 7925.0], [1558.25, 19198.0], [1557.75, 27311.0], [1557.5, 500.0], [1557.25, 2161.0], [1557.0, 53276.0], [1556.5, 7644.0], [1556.25, 53336.0], [1555.75, 500.0]], "asks": [[1561.75, 7066.0], [1562.0, 23042.0], [1562.25, 33794.0], [1562.5, 2795.0], [1562.75, 2114.0], [1563.0, 631.0], [1563.25, 3505.0], [1563.5, 5471.0], [1563.75, 2511.0], [1564.0, 2108.0], [1565.25, 636.0], [1565.5, 2121.0], [1566.0, 2666.0], [1566.25, 2166.0], [1566.5, 43779.0], [1566.75, 2104.0], [1567.0, 92164.0], [1567.75, 2647.0], [1568.0, 51080.0], [1569.5, 2160.0]]}}}
{"jsonrpc": "2.0", "method": "subscription", "params": {"channel": "book.ETH-18APR25.none.20.100ms", "data": {"timestamp": 1744057565368, "change_id": 64817014526, "instrument_name": "ETH-18APR25", "bids": [[1562.5, 3709.0], [1562.25, 13518.0], [1562.0, 3658.0], [1561.75, 3100.0], [1561.5, 266.0], [1561.25, 1000.0], [1561.0, 402.0], [1560.75, 3551.0], [1560.5, 7935.0], [1560.25, 2110.0], [1560.0, 3121.0], [1559.75, 7009.0], [1559.5, 18843.0], [1558.5, 1370.0], [1558.25, 37821.0], [1557.5, 6903.0], [1557.25, 37762.0], [1556.75, 1380.0], [1556.0, 39104.0], [1553.75, 1359.0]], "asks": [[1563.0, 4543.0], [1563.25, 15828.0], [1563.5, 720.0], [1563.75, 4290.0], [1564.0, 6703.0], [1564.25, 968.0], [1564.5, 3355.0], [1564.75, 399.0], [1565.0, 2029.0], [1565.25, 7317.0], [1565.5, 19956.0], [1567.75, 1322.0], [1568.0, 39028.0], [1568.75, 2672.0], [1569.0, 38161.0], [1569.5, 1333.0], [1569.75, 1325.0], [1570.25, 1332.0], [1570.5, 39588.0], [1570.75, 1319.0]]}}}
{"jsonrpc": "2.0", "method": "subscription", "params": {"channel": "book.ETH-11APR25.none.20.100ms", "data": {"timestamp": 1744057566277, "change_id": 64817015748, "instrument_name": "ETH-11APR25", "bids": [[1561.25, 120.0], [1561.0, 2174.0], [1560.75, 16128.0], [1560.5, 3160.0], [1560.25, 659.0], [1560.0, 2195.0], [1559.75, 10307.0], [1559.5, 27513.0], [1559.25, 4164.0], [1559.0, 28737.0], [1558.75, 92811.0], [1558.5, 7925.0], [1558.25, 19198.0], [1557.75, 27311.0], [1557.5, 500.0], [1557.25, 2161.0], [1557.0, 53276.0], [1556.5, 7644.0], [1556.25, 53336.0], [1555.75, 500.0]], "asks": [[1561.75, 14589.0], [1562.0, 15166.0], [1562.25, 33794.0], [1562.5, 2795.0], [1562.75, 2114.0], [1563.0, 631.0], [1563.25, 3505.0], [1563.5, 5471.0], [1563.75, 2511.0], [1564.0, 2108.0], [1565.25, 636.0], [1565.5, 2121.0], [1566.0, 2666.0], [1566.25, 2166.0], [1566.5, 43779.0], [1566.75, 2104.0], [1567.0, 92164.0], [1567.75, 2647.0], [1568.0, 51080.0], [1569.5, 2160.0]]}}}
{"jsonrpc": "2.0", "method": "subscription", "params": {"channel": "book.ETH-18APR25.none.20.100ms", "data": {"timestamp": 1744057566270, "change_id": 64817015742, "instrument_name": "ETH-18APR25", "bids": [[1562.25, 2700.0], [1562.0, 6542.0], [1561.75, 13100.0], [1561.5, 266.0], [1561.25, 1000.0], [1560.75, 407.0], [1560.5, 1755.0], [1560.25, 8290.0], [1560.0, 3121.0], [1559.75, 7009.0], [1559.5, 18843.0], [1558.5, 1370.0], [1558.25, 37821.0], [1557.5, 6903.0], [1557.25, 37762.0], [1556.75, 1380.0], [1556.0, 39104.0], [1553.75, 1359.0], [1553.5, 38043.0], [1553.25, 1341.0]], "asks": [[1563.0, 4543.0], [1563.25, 15828.0], [1563.5, 720.0], [1563.75, 4290.0], [1564.0, 6703.0], [1564.25, 968.0], [1564.5, 3355.0], [1564.75, 399.0], [1565.0, 2029.0], [1565.25, 7317.0], [1565.5, 19956.0], [1567.75, 1322.0], [1568.0, 39028.0], [1568.75, 2672.0], [1569.0, 38161.0], [1569.5, 1333.0], [1569.75, 1325.0], [1570.25, 1332.0], [1570.5, 39588.0], [1570.75, 1319.0]]}}}
{"jsonrpc": "2.0", "method": "subscription", "params": {"channel": "book.ETH-11APR25.none.20.100ms", "data": {"timestamp": 1744057566542, "change_id": 64817016462, "instrument_name": "ETH-11APR25", "bids": [[1561.0, 2174.0], [1560.75, 7000.0], [1560.5, 5890.0], [1560.25, 10659.0], [1560.0, 2195.0], [1559.75, 2511.0], [1559.5, 2121.0], [1559.25, 3737.0], [1559.0, 54129.0], [1558.75, 92161.0], [1558.5, 2166.0], [1558.25, 2166.0], [1557.75, 27311.0], [1557.5, 500.0], [1557.25, 2161.0], [1557.0, 53276.0], [1556.5, 7644.0], [1556.25, 53336.0], [1555.75, 15965.0], [1555.5, 2124.0]], "asks": [[1561.5, 8076.0], [1561.75, 19519.0], [1562.0, 14639.0], [1562.25, 30823.0], [1562.5, 2161.0], [1562.75, 2114.0], [1563.25, 2511.0], [1563.5, 2735.0], [1563.75, 2511.0], [1564.0, 2108.0], [1564.5, 17094.0], [1565.5, 2121.0], [1566.0, 2666.0], [1566.25, 2166.0], [1566.5, 26694.0], [1566.75, 2104.0], [1567.0, 92164.0], [1567.75, 2647.0], [1568.0, 51080.0], [1569.5, 2160.0]]}}}
{"jsonrpc": "2.0", "method": "subscription", "params": {"channel": "book.ETH-18APR25.none.20.100ms", "data": {"timestamp": 1744057566457, "change_id": 64817016582, "instrument_name": "ETH-18APR25", "bids": [[1562.25, 2700.0], [1562.0, 4388.0], [1561.75, 13100.0], [1561.5, 2728.0], [1561.25, 1000.0], [1560.5, 1356.0], [1560.25, 3121.0], [1560.0, 8894.0], [1559.75, 1356.0], [1559.5, 18843.0], [1558.5, 1370.0], [1558.25, 37821.0], [1557.5, 6903.0], [1557.25, 37762.0], [1556.75, 1380.0], [1556.0, 39104.0], [1553.75, 1359.0], [1553.5, 38043.0], [1553.25, 1341.0], [1553.0, 1341.0]], "asks": [[1562.75, 3570.0], [1563.0, 15224.0], [1563.25, 8661.0], [1563.75, 4290.0], [1564.0, 6301.0], [1564.25, 1630.0], [1564.5, 1319.0], [1565.0, 2029.0], [1565.25, 7317.0], [1565.5, 19956.0], [1567.75, 1322.0], [1568.0, 39028.0], [1568.75, 2672.0], [1569.0, 38161.0], [1569.5, 1333.0], [1569.75, 1325.0], [1570.25, 1332.0], [1570.5, 39588.0], [1570.75, 1319.0], [1571.25, 1332.0]]}}}
{"jsonrpc": "2.0", "method": "subscription", "params": {"channel": "book.ETH-11APR25.none.20.100ms", "data": {"timestamp": 1744057566936, "change_id": 64817017303, "instrument_name": "ETH-11APR25", "bids": [[1560.75, 7842.0], [1560.5, 9260.0], [1560.25, 10659.0], [1560.0, 2826.0], [1559.75, 2511.0], [1559.5, 3180.0], [1559.25, 11781.0], [1559.0, 54129.0], [1558.75, 92811.0], [1558.5, 2816.0], [1558.25, 2803.0], [1558.0, 10266.0], [1557.75, 27311.0], [1557.5, 500.0], [1557.25, 2161.0], [1557.0, 53276.0], [1556.5, 7644.0], [1556.25, 53336.0], [1555.75, 15965.0], [1555.5, 2124.0]], "asks": [[1561.25, 7286.0], [1561.5, 16776.0], [1561.75, 6789.0], [1562.0, 14639.0], [1562.25, 30823.0], [1562.5, 2795.0], [1562.75, 2114.0], [1563.0, 631.0], [1563.25, 2511.0], [1563.5, 2735.0], [1563.75, 2511.0], [1564.0, 2108.0], [1564.5, 17094.0], [1565.5, 2121.0], [1566.0, 2666.0], [1566.25, 2166.0], [1566.5, 26694.0], [1566.75, 2104.0], [1567.0, 92164.0], [1567.75, 2647.0]]}}}
{"jsonrpc": "2.0", "method": "subscription", "params": {"channel": "book.ETH-18APR25.none.20.100ms", "data": {"timestamp": 1744057566992, "change_id": 64817017430, "instrument_name": "ETH-18APR25", "bids": [[1562.0, 3630.0], [1561.75, 3918.0], [1561.5, 5728.0], [1561.25, 10000.0], [1561.0, 300.0], [1560.75, 1000.0], [1560.5, 399.0], [1560.25, 3121.0], [1560.0, 9301.0], [1559.75, 7009.0], [1559.5, 20162.0], [1558.75, 411.0], [1558.5, 12716.0], [1558.25, 37821.0], [1557.5, 6903.0], [1557.25, 37762.0], [1556.75, 1380.0], [1556.0, 39104.0], [1553.75, 1359.0], [1553.5, 38043.0]], "asks": [[1562.5, 3919.0], [1562.75, 6298.0], [1563.0, 10818.0], [1563.5, 720.0], [1563.75, 4290.0], [1564.0, 6697.0], [1564.25, 1630.0], [1564.5, 1319.0], [1564.75, 489.0], [1565.0, 2029.0], [1565.25, 7317.0], [1565.5, 19956.0], [1567.75, 1322.0], [1568.0, 39028.0], [1568.75, 2672.0], [1569.0, 38161.0], [1569.5, 1333.0], [1569.75, 1325.0], [1570.25, 1332.0], [1570.5, 39588.0]]}}}
{"jsonrpc": "2.0", "method": "subscription", "params": {"channel": "book.ETH-11APR25.none.20.100ms", "data": {"timestamp": 1744057567295, "change_id": 64817018343, "instrument_name": "ETH-11APR25", "bids": [[1560.75, 3100.0], [1560.5, 10990.0], [1560.25, 12903.0], [1560.0, 3826.0], [1559.75, 2511.0], [1559.5, 3180.0], [1559.25, 4139.0], [1559.0, 28737.0], [1558.75, 118203.0], [1558.5, 2816.0], [1558.25, 2803.0], [1558.0, 10266.0], [1557.75, 27311.0], [1557.5, 500.0], [1557.25, 2161.0], [1557.0, 53276.0], [1556.5, 7644.0], [1556.25, 53336.0], [1555.75, 15965.0], [1555.5, 2124.0]], "asks": [[1561.25, 7286.0], [1561.5, 19626.0], [1561.75, 8604.0], [1562.0, 14639.0], [1562.25, 30823.0], [1562.5, 2795.0], [1562.75, 2114.0], [1563.0, 631.0], [1563.25, 2511.0], [1563.5, 2735.0], [1563.75, 2511.0], [1564.0, 2108.0], [1564.5, 17094.0], [1565.5, 2121.0], [1566.0, 2666.0], [1566.25, 2166.0], [1566.5, 26694.0], [1566.75, 2104.0], [1567.0, 92164.0], [1567.75, 2647.0]]}}}
{"jsonrpc": "2.0", "method": "subscription", "params": {"channel": "book.ETH-18APR25.none.20.100ms", "data": {"timestamp": 1744057567233, "change_id": 64817018361, "instrument_name": "ETH-18APR25", "bids": [[1561.75, 6816.0], [1561.5, 10818.0], [1561.25, 2728.0], [1561.0, 300.0], [1560.75, 1000.0], [1560.5, 399.0], [1560.25, 2144.0], [1560.0, 4924.0], [1559.75, 13189.0], [1559.5, 20162.0], [1558.75, 411.0], [1558.5, 12716.0], [1558.25, 37821.0], [1557.5, 6903.0], [1557.25, 37762.0], [1556.75, 1380.0], [1556.0, 39104.0], [1553.75, 1359.0], [1553.5, 38043.0], [1553.25, 1341.0]], "asks": [[1562.25, 930.0], [1562.5, 6816.0], [1562.75, 13309.0], [1563.0, 1937.0], [1563.5, 720.0], [1563.75, 4290.0], [1564.0, 6697.0], [1564.25, 1630.0], [1564.5, 1319.0], [1564.75, 489.0], [1565.0, 2029.0], [1565.25, 7317.0], [1565.5, 19956.0], [1567.75, 1322.0], [1568.0, 39028.0], [1568.75, 2672.0], [1569.0, 38161.0], [1569.5, 1333.0], [1569.75, 1325.0], [1570.25, 1332.0]]}}}
{"jsonrpc": "2.0", "method": "subscription", "params": {"channel": "book.ETH-11APR25.none.20.100ms", "data": {"timestamp": 1744057567584, "change_id": 64817019030, "instrument_name": "ETH-11APR25", "bids": [[1560.75, 5224.0], [1560.5, 8260.0], [1560.25, 15633.0], [1560.0, 3826.0], [1559.75, 2511.0], [1559.5, 2528.0], [1559.25, 2755.0], [1559.0, 28737.0], [1558.75, 118203.0], [1558.5, 2816.0], [1558.25, 2803.0], [1558.0, 10266.0], [1557.75, 27311.0], [1557.5, 500.0], [1557.25, 2161.0], [1557.0, 53276.0], [1556.5, 9028.0], [1556.25, 53336.0], [1555.75, 15965.0], [1555.5, 2124.0]], "asks": [[1561.25, 15141.0], [1561.5, 9626.0], [1561.75, 8604.0], [1562.0, 14639.0], [1562.25, 30823.0], [1562.5, 2795.0], [1562.75, 2114.0], [1563.0, 631.0], [1563.25, 2511.0], [1563.5, 2735.0], [1563.75, 2511.0], [1564.0, 2108.0], [1564.5, 17094.0], [1565.5, 2121.0], [1566.0, 2666.0], [1566.25, 2166.0], [1566.5, 26694.0], [1566.75, 2104.0], [1567.0, 92164.0], [1567.75, 2647.0]]}}}
{"jsonrpc": "2.0", "method": "subscription", "params": {"channel": "book.ETH-18APR25.none.20.100ms", "data": {"timestamp": 1744057567363, "change_id": 64817018647, "instrument_name": "ETH-18APR25", "bids": [[1561.75, 6816.0], [1561.5, 10818.0], [1561.25, 2728.0], [1561.0, 300.0], [1560.75, 1000.0], [1560.5, 399.0], [1560.25, 2144.0], [1560.0, 4924.0], [1559.75, 13189.0], [1559.5, 20162.0], [1558.75, 411.0], [1558.5, 12716.0], [1558.25, 37821.0], [1557.5, 6903.0], [1557.25, 37762.0], [1556.75, 1380.0], [1556.0, 39104.0], [1553.75, 1359.0], [1553.5, 38043.0], [1553.25, 1341.0]], "asks": [[1562.25, 1632.0], [1562.5, 9544.0], [1562.75, 10000.0], [1563.5, 720.0], [1563.75, 4290.0], [1564.0, 6697.0], [1564.25, 1630.0], [1564.5, 1319.0], [1564.75, 489.0], [1565.0, 2029.0], [1565.25, 7317.0], [1565.5, 19956.0], [1567.75, 1322.0], [1568.0, 39028.0], [1568.75, 2672.0], [1569.0, 38161.0], [1569.5, 1333.0], [1569.75, 1325.0], [1570.25, 1332.0], [1570.5, 39588.0]]}}}
{"jsonrpc": "2.0", "method": "subscription", "params": {"channel": "book.ETH-11APR25.none.20.100ms", "data": {"timestamp": 1744057567934, "change_id": 64817019495, "instrument_name": "ETH-11APR25", "bids": [[1560.75, 3100.0], [1560.5, 8260.0], [1560.25, 15633.0], [1560.0, 3826.0], [1559.75, 2511.0], [1559.5, 2528.0], [1559.25, 2755.0], [1559.0, 28737.0], [1558.75, 118203.0], [1558.5, 2816.0], [1558.25, 2803.0], [1558.0, 10266.0], [1557.75, 27311.0], [1557.5, 500.0], [1557.25, 2161.0], [1557.0, 53276.0], [1556.5, 9028.0], [1556.25, 53336.0], [1555.75, 15965.0], [1555.5, 2124.0]], "asks": [[1561.25, 15141.0], [1561.5, 9626.0], [1561.75, 8604.0], [1562.0, 14639.0], [1562.25, 30823.0], [1562.5, 2795.0], [1562.75, 2114.0], [1563.0, 631.0], [1563.25, 2511.0], [1563.5, 2735.0], [1563.75, 2511.0], [1564.0, 2108.0], [1564.5, 17094.0], [1565.5, 2121.0], [1566.0, 2666.0], [1566.25, 2166.0], [1566.5, 26694.0], [1566.75, 2104.0], [1567.0, 92164.0], [1567.75, 2647.0]]}}}
{"jsonrpc": "2.0", "method": "subscription", "params": {"channel": "book.ETH-18APR25.none.20.100ms", "data": {"timestamp": 1744057567693, "change_id": 64817019198, "instrument_name": "ETH-18APR25", "bids": [[1561.75, 6816.0], [1561.5, 10818.0], [1561.25, 2728.0], [1561.0, 300.0], [1560.75, 1810.0], [1560.5, 3099.0], [1560.25, 2144.0], [1560.0, 4924.0], [1559.75, 13189.0], [1559.5, 20162.0], [1558.75, 411.0], [1558.5, 12716.0], [1558.25, 37821.0], [1557.5, 6903.0], [1557.25, 37762.0], [1556.75, 1380.0], [1556.0, 39104.0], [1553.75, 1359.0], [1553.5, 38043.0], [1553.25, 1341.0]], "asks": [[1562.25, 1632.0], [1562.5, 9544.0], [1562.75, 10000.0], [1563.5, 720.0], [1563.75, 4290.0], [1564.0, 6697.0], [1564.25, 1630.0], [1564.5, 1319.0], [1564.75, 489.0], [1565.0, 2029.0], [1565.25, 7317.0], [1565.5, 19956.0], [1567.75, 1322.0], [1568.0, 39028.0], [1568.75, 2672.0], [1569.0, 38161.0], [1569.5, 1333.0], [1569.75, 1325.0], [1570.25, 1332.0], [1570.5, 39588.0]]}}}
{"jsonrpc": "2.0", "method": "subscription", "params": {"channel": "book.ETH-11APR25.none.20.100ms", "data": {"timestamp": 1744057568210, "change_id": 64817019945, "instrument_name": "ETH-11APR25", "bids": [[1560.75, 6802.0], [1560.5, 8380.0], [1560.25, 15513.0], [1560.0, 3826.0], [1559.75, 2511.0], [1559.5, 2528.0], [1559.25, 3145.0], [1559.0, 30121.0], [1558.75, 118203.0], [1558.5, 2816.0], [1558.25, 2803.0], [1558.0, 10266.0], [1557.75, 27311.0], [1557.5, 500.0], [1557.25, 2161.0], [1557.0, 53276.0], [1556.5, 7644.0], [1556.25, 53336.0], [1555.75, 15965.0], [1555.5, 2124.0]], "asks": [[1561.25, 15141.0], [1561.5, 9626.0], [1561.75, 8604.0], [1562.0, 14639.0], [1562.25, 30823.0], [1562.5, 2795.0], [1562.75, 2114.0], [1563.0, 631.0], [1563.25, 2511.0], [1563.5, 2735.0], [1563.75, 2511.0], [1564.0, 2108.0], [1564.5, 17094.0], [1565.5, 2121.0], [1566.0, 2666.0], [1566.25, 2166.0], [1566.5, 26694.0], [1566.75, 2104.0], [1567.0, 92164.0], [1567.75, 2647.0]]}}}
{"jsonrpc": "2.0", "method": "subscription", "params": {"channel": "book.ETH-11APR25.none.20.100ms", "data": {"timestamp": 1744057568372, "change_id": 64817020136, "instrument_name": "ETH-11APR25", "bids": [[1560.75, 7460.0], [1560.5, 11110.0], [1560.25, 12783.0], [1560.0, 3826.0], [1559.75, 2511.0], [1559.5, 2528.0], [1559.25, 2755.0], [1559.0, 28737.0], [1558.75, 118203.0], [1558.5, 2816.0], [1558.25, 2803.0], [1558.0, 10266.0], [1557.75, 27311.0], [1557.5, 500.0], [1557.25, 2161.0], [1557.0, 53276.0], [1556.5, 9028.0], [1556.25, 53336.0], [1555.75, 15965.0], [1555.5, 2124.0]], "asks": [[1561.25, 15141.0], [1561.5, 9626.0], [1561.75, 8604.0], [1562.0, 14639.0], [1562.25, 30823.0], [1562.5, 2795.0], [1562.75, 2114.0], [1563.0, 631.0], [1563.25, 2511.0], [1563.5, 2735.0], [1563.75, 2511.0], [1564.0, 2108.0], [1564.5, 17094.0], [1565.5, 2121.0], [1566.0, 2666.0], [1566.25, 2166.0], [1566.5, 26694.0], [1566.75, 2104.0], [1567.0, 92164.0], [1567.75, 2647.0]]}}}
{"jsonrpc": "2.0", "method": "subscription", "params": {"channel": "book.ETH-18APR25.none.20.100ms", "data": {"timestamp": 1744057568369, "change_id": 64817020419, "instrument_name": "ETH-18APR25", "bids": [[1561.75, 6816.0], [1561.5, 12728.0], [1561.0, 300.0], [1560.75, 1810.0], [1560.5, 3099.0], [1560.25, 2144.0], [1560.0, 4924.0], [1559.75, 13189.0], [1559.5, 20162.0], [1558.75, 411.0], [1558.5, 12716.0], [1558.25, 37821.0], [1557.5, 6903.0], [1557.25, 37762.0], [1556.75, 1380.0], [1556.0, 39104.0], [1553.75, 1359.0], [1553.5, 38043.0], [1553.25, 1341.0], [1553.0, 1341.0]], "asks": [[1562.25, 930.0], [1562.5, 6816.0], [1562.75, 12728.0], [1563.5, 720.0], [1563.75, 4290.0], [1564.0, 6697.0], [1564.25, 1630.0], [1564.5, 1319.0], [1564.75, 489.0], [1565.0, 2029.0], [1565.25, 7317.0], [1565.5, 19956.0], [1567.75, 1322.0], [1568.0, 39028.0], [1568.75, 2672.0], [1569.0, 38161.0], [1569.5, 1333.0], [1569.75, 1325.0], [1570.25, 1332.0], [1570.5, 39588.0]]}}}
{"jsonrpc": "2.0", "method": "subscription", "params": {"channel": "book.ETH-11APR25.none.20.100ms", "data": {"timestamp": 1744057568919, "change_id": 64817020869, "instrument_name": "ETH-11APR25", "bids": [[1561.0, 3100.0], [1560.75, 7460.0], [1560.5, 11110.0], [1560.25, 12783.0], [1560.0, 3826.0], [1559.75, 2511.0], [1559.5, 2528.0], [1559.25, 2755.0], [1559.0, 28737.0], [1558.75, 118203.0], [1558.5, 2816.0], [1558.25, 2803.0], [1558.0, 10266.0], [1557.75, 27311.0], [1557.5, 500.0], [1557.25, 2161.0], [1557.0, 53276.0], [1556.5, 9028.0], [1556.25, 53336.0], [1555.75, 15965.0]], "asks": [[1561.25, 12900.0], [1561.5, 8117.0], [1561.75, 11334.0], [1562.0, 14639.0], [1562.25, 30823.0], [1562.5, 3059.0], [1562.75, 3665.0], [1563.0, 631.0], [1563.25, 2511.0], [1563.5, 2735.0], [1563.75, 2511.0], [1564.0, 2108.0], [1564.5, 17094.0], [1565.5, 2121.0], [1566.0, 2666.0], [1566.25, 2166.0], [1566.5, 26694.0], [1566.75, 2104.0], [1567.0, 92164.0], [1567.75, 2647.0]]}}}
{"jsonrpc": "2.0", "method": "subscription", "params": {"channel": "book.ETH-18APR25.none.20.100ms", "data": {"timestamp": 1744057568681, "change_id": 64817020760, "instrument_name": "ETH-18APR25", "bids": [[1562.0, 930.0], [1561.75, 6816.0], [1561.5, 12728.0], [1561.0, 300.0], [1560.75, 1810.0], [1560.5, 3099.0], [1560.25, 2144.0], [1560.0, 4924.0], [1559.75, 13189.0], [1559.5, 20162.0], [1558.75, 411.0], [1558.5, 12716.0], [1558.25, 37821.0], [1557.5, 6903.0], [1557.25, 37762.0], [1556.75, 1380.0], [1556.0, 39104.0], [1553.75, 1359.0], [1553.5, 38043.0], [1553.25, 1341.0]], "asks": [[1562.5, 6116.0], [1562.75, 12728.0], [1563.5, 720.0], [1563.75, 5290.0], [1564.0, 6697.0], [1564.25, 1630.0], [1564.5, 1319.0], [1564.75, 489.0], [1565.0, 2029.0], [1565.25, 7317.0], [1565.5, 19956.0], [1567.75, 1322.0], [1568.0, 39028.0], [1568.75, 2672.0], [1569.0, 38161.0], [1569.5, 1333.0], [1569.75, 1325.0], [1570.25, 1332.0], [1570.5, 39588.0], [1570.75, 1319.0]]}}}
{"jsonrpc": "2.0", "method": "subscription", "params": {"channel": "book.ETH-11APR25.none.20.100ms", "data": {"timestamp": 1744057569020, "change_id": 64817021013, "instrument_name": "ETH-11APR25", "bids": [[1560.75, 7460.0], [1560.5, 11110.0], [1560.25, 12783.0], [1560.0, 3826.0], [1559.75, 2511.0], [1559.5, 2528.0], [1559.25, 2755.0], [1559.0, 28737.0], [1558.75, 118203.0], [1558.5, 2816.0], [1558.25, 2803.0], [1558.0, 10266.0], [1557.75, 27311.0], [1557.5, 500.0], [1557.25, 2161.0], [1557.0, 53276.0], [1556.5, 9028.0], [1556.25, 53336.0], [1555.75, 15965.0], [1555.5, 2124.0]], "asks": [[1561.25, 12900.0], [1561.5, 8117.0], [1561.75, 11334.0], [1562.0, 14639.0], [1562.25, 30823.0], [1562.5, 3059.0], [1562.75, 3665.0], [1563.0, 631.0], [1563.25, 2511.0], [1563.5, 2735.0], [1563.75, 2511.0], [1564.0, 2108.0], [1564.5, 17094.0], [1565.5, 2121.0], [1566.0, 2666.0], [1566.25, 2166.0], [1566.5, 26694.0], [1566.75, 2104.0], [1567.0, 92164.0], [1567.75, 2647.0]]}}}
{"jsonrpc": "2.0", "method": "subscription", "params": {"channel": "book.ETH-11APR25.none.20.100ms", "data": {"timestamp": 1744057569578, "change_id": 64817022091, "instrument_name": "ETH-11APR25", "bids": [[1560.75, 7580.0], [1560.5, 10990.0], [1560.25, 12783.0], [1560.0, 3826.0], [1559.75, 2511.0], [1559.5, 2528.0], [1559.25, 2755.0], [1559.0, 28737.0], [1558.75, 118203.0], [1558.5, 2816.0], [1558.25, 2803.0], [1558.0, 10266.0], [1557.75, 27311.0], [1557.5, 500.0], [1557.25, 2161.0], [1557.0, 53276.0], [1556.5, 9028.0], [1556.25, 53336.0], [1555.75, 15965.0], [1555.5, 2124.0]], "asks": [[1561.25, 12900.0], [1561.5, 8117.0], [1561.75, 11334.0], [1562.0, 14639.0], [1562.25, 30823.0], [1562.5, 3059.0], [1562.75, 3665.0], [1563.0, 631.0], [1563.25, 2511.0], [1563.5, 2735.0], [1563.75, 2511.0], [1564.0, 2108.0], [1564.5, 17094.0], [1565.5, 2121.0], [1566.0, 2666.0], [1566.25, 2166.0], [1566.5, 26694.0], [1566.75, 2104.0], [1567.0, 92164.0], [1567.75, 2647.0]]}}}
{"jsonrpc": "2.0", "method": "subscription", "params": {"channel": "book.ETH-11APR25.none.20.100ms", "data": {"timestamp": 1744057569880, "change_id": 64817022411, "instrument_name": "ETH-11APR25", "bids": [[1560.75, 7580.0], [1560.5, 10990.0], [1560.25, 12783.0], [1560.0, 3826.0], [1559.75, 2511.0], [1559.5, 2528.0], [1559.25, 3145.0], [1559.0, 30121.0], [1558.75, 118203.0], [1558.5, 2816.0], [1558.25, 2803.0], [1558.0, 10266.0], [1557.75, 27311.0], [1557.5, 500.0], [1557.25, 2161.0], [1557.0, 53276.0], [1556.5, 7644.0], [1556.25, 53336.0], [1555.75, 15965.0], [1555.5, 2124.0]], "asks": [[1561.25, 14503.0], [1561.5, 8117.0], [1561.75, 9399.0], [1562.0, 14639.0], [1562.25, 30823.0], [1562.5, 3059.0], [1562.75, 3665.0], [1563.0, 631.0], [1563.25, 2511.0], [1563.5, 2735.0], [1563.75, 2511.0], [1564.0, 2108.0], [1564.5, 17094.0], [1565.5, 2121.0], [1566.0, 2666.0], [1566.25, 2166.0], [1566.5, 26694.0], [1566.75, 2104.0], [1567.0, 92164.0], [1567.75, 2647.0]]}}}
{"jsonrpc": "2.0", "method": "subscription", "params": {"channel": "book.ETH-11APR25.none.20.100ms", "data": {"timestamp": 1744057570189, "change_id": 64817023059, "instrument_name": "ETH-11APR25", "bids": [[1561.0, 3100.0], [1560.75, 7580.0], [1560.5, 10990.0], [1560.25, 12783.0], [1560.0, 3826.0], [1559.75, 2511.0], [1559.5, 2528.0], [1559.25, 3145.0], [1559.0, 30121.0], [1558.75, 118203.0], [1558.5, 2816.0], [1558.25, 2803.0], [1558.0, 10266.0], [1557.75, 27311.0], [1557.5, 500.0], [1557.25, 2161.0], [1557.0, 53276.0], [1556.5, 7644.0], [1556.25, 53336.0], [1555.75, 15965.0]], "asks": [[1561.5, 8260.0], [1561.75, 19399.0], [1562.0, 14639.0], [1562.25, 30823.0], [1562.5, 3059.0], [1562.75, 3665.0], [1563.0, 631.0], [1563.25, 2511.0], [1563.5, 2735.0], [1563.75, 2511.0], [1564.0, 2108.0], [1564.5, 17094.0], [1565.5, 2121.0], [1566.0, 2666.0], [1566.25, 2166.0], [1566.5, 26694.0], [1566.75, 2104.0], [1567.0, 92164.0], [1567.75, 2647.0], [1568.0, 51080.0]]}}}
{"jsonrpc": "2.0", "method": "subscription", "params": {"channel": "book.ETH-18APR25.none.20.100ms", "data": {"timestamp": 1744057570027, "change_id": 64817022991, "instrument_name": "ETH-18APR25", "bids": [[1562.0, 930.0], [1561.75, 6816.0], [1561.5, 12728.0], [1561.0, 300.0], [1560.75, 1810.0], [1560.5, 3099.0], [1560.25, 2144.0], [1560.0, 4924.0], [1559.75, 13189.0], [1559.5, 20162.0], [1558.75, 411.0], [1558.5, 12716.0], [1558.25, 37821.0], [1557.5, 6903.0], [1557.25, 37762.0], [1556.75, 1380.0], [1556.0, 39104.0], [1553.75, 1359.0], [1553.5, 38043.0], [1553.25, 1341.0]], "asks": [[1562.5, 3716.0], [1562.75, 12728.0], [1563.5, 720.0], [1563.75, 4290.0], [1564.0, 6697.0], [1564.25, 1630.0], [1564.5, 1319.0], [1564.75, 489.0], [1565.0, 2029.0], [1565.25, 7317.0], [1565.5, 19956.0], [1567.75, 1322.0], [1568.0, 39028.0], [1568.75, 2672.0], [1569.0, 38161.0], [1569.5, 1333.0], [1569.75, 1325.0], [1570.25, 1332.0], [1570.5, 39588.0], [1570.75, 1319.0]]}}}
{"jsonrpc": "2.0", "method": "subscription", "params": {"channel": "book.ETH-11APR25.none.20.100ms", "data": {"timestamp": 1744057570504, "change_id": 64817024034, "instrument_name": "ETH-11APR25", "bids": [[1561.0, 6947.0], [1560.75, 13072.0], [1560.5, 16146.0], [1560.25, 3783.0], [1560.0, 2826.0], [1559.75, 2511.0], [1559.5, 2528.0], [1559.25, 3145.0], [1559.0, 55513.0], [1558.75, 92811.0], [1558.5, 2816.0], [1558.25, 2803.0], [1558.0, 10266.0], [1557.75, 27311.0], [1557.5, 500.0], [1557.25, 2161.0], [1557.0, 53276.0], [1556.5, 7644.0], [1556.25, 53336.0], [1555.75, 15965.0]], "asks": [[1561.5, 7667.0], [1561.75, 17466.0], [1562.0, 17489.0], [1562.25, 30823.0], [1562.5, 2795.0], [1562.75, 2114.0], [1563.0, 631.0], [1563.25, 2511.0], [1563.5, 2735.0], [1563.75, 2511.0], [1564.0, 2108.0], [1564.5, 17094.0], [1565.5, 2121.0], [1566.0, 2666.0], [1566.25, 2166.0], [1566.5, 26694.0], [1566.75, 2104.0], [1567.0, 92164.0], [1567.75, 2647.0], [1568.0, 51080.0]]}}}
{"jsonrpc": "2.0", "method": "subscription", "params": {"channel": "book.ETH-18APR25.none.20.100ms", "data": {"timestamp": 1744057570492, "change_id": 64817024195, "instrument_name": "ETH-18APR25", "bids": [[1562.0, 3814.0], [1561.75, 15828.0], [1561.25, 300.0], [1561.0, 1000.0], [1560.75, 810.0], [1560.5, 4418.0], [1560.25, 3896.0], [1560.0, 9301.0], [1559.75, 7009.0], [1559.5, 20162.0], [1558.75, 411.0], [1558.5, 12716.0], [1558.25, 37821.0], [1557.5, 6903.0], [1557.25, 37762.0], [1556.75, 1380.0], [1556.0, 39104.0], [1553.75, 1359.0], [1553.5, 38043.0], [1553.25, 1341.0]], "asks": [[1562.75, 1646.0], [1563.0, 8828.0], [1563.25, 10000.0], [1563.5, 720.0], [1563.75, 4290.0], [1564.0, 6697.0], [1564.25, 1630.0], [1564.5, 1319.0], [1564.75, 489.0], [1565.0, 2029.0], [1565.25, 7317.0], [1565.5, 19956.0], [1567.75, 1322.0], [1568.0, 39028.0], [1568.75, 2672.0], [1569.0, 38161.0], [1569.5, 1333.0], [1569.75, 1325.0], [1570.25, 1332.0], [1570.5, 39588.0]]}}}
{"jsonrpc": "2.0", "method": "subscription", "params": {"channel": "book.ETH-18APR25.none.20.100ms", "data": {"timestamp": 1744057570658, "change_id": 64817024252, "instrument_name": "ETH-18APR25", "bids": [[1562.0, 3814.0], [1561.75, 12728.0], [1561.25, 300.0], [1561.0, 1000.0], [1560.75, 810.0], [1560.5, 4418.0], [1560.25, 3896.0], [1560.0, 9301.0], [1559.75, 7009.0], [1559.5, 20162.0], [1558.75, 411.0], [1558.5, 12716.0], [1558.25, 37821.0], [1557.5, 6903.0], [1557.25, 37762.0], [1556.75, 1380.0], [1556.0, 39104.0], [1553.75, 1359.0], [1553.5, 38043.0], [1553.25, 1341.0]], "asks": [[1562.75, 1646.0], [1563.0, 13106.0], [1563.25, 25511.0], [1563.5, 720.0], [1563.75, 4290.0], [1564.0, 6697.0], [1564.25, 1630.0], [1564.5, 1319.0], [1564.75, 489.0], [1565.0, 2029.0], [1565.25, 7317.0], [1565.5, 19956.0], [1567.75, 1322.0], [1568.0, 39028.0], [1568.75, 2672.0], [1569.0, 38161.0], [1569.5, 1333.0], [1569.75, 1325.0], [1570.25, 1332.0], [1570.5, 39588.0]]}}}
{"jsonrpc": "2.0", "method": "subscription", "params": {"channel": "book.ETH-18APR25.none.20.100ms", "data": {"timestamp": 1744057571265, "change_id": 64817025124, "instrument_name": "ETH-18APR25", "bids": [[1562.0, 3814.0], [1561.75, 12728.0], [1561.25, 300.0], [1561.0, 1000.0], [1560.75, 810.0], [1560.5, 4418.0], [1560.25, 3896.0], [1560.0, 9301.0], [1559.75, 7009.0], [1559.5, 20162.0], [1558.75, 411.0], [1558.5, 12716.0], [1558.25, 37821.0], [1557.5, 6903.0], [1557.25, 37762.0], [1556.75, 1380.0], [1556.0, 39104.0], [1553.75, 1359.0], [1553.5, 38043.0], [1553.25, 1341.0]], "asks": [[1562.5, 869.0], [1562.75, 4543.0], [1563.0, 20106.0], [1563.25, 15511.0], [1563.5, 720.0], [1563.75, 4290.0], [1564.0, 6697.0], [1564.25, 2029.0], [1564.5, 1319.0], [1564.75, 489.0], [1565.0, 2029.0], [1565.25, 7317.0], [1565.5, 19956.0], [1567.75, 1322.0], [1568.0, 39028.0], [1568.75, 2672.0], [1569.0, 38161.0], [1569.5, 1333.0], [1569.75, 1325.0], [1570.25, 1332.0]]}}}
{"jsonrpc": "2.0", "method": "subscription", "params": {"channel": "book.ETH-11APR25.none.20.100ms", "data": {"timestamp": 1744057571461, "change_id": 64817025211, "instrument_name": "ETH-11APR25", "bids": [[1561.0, 6947.0], [1560.75, 13072.0], [1560.5, 16146.0], [1560.25, 3783.0], [1560.0, 2826.0], [1559.75, 2511.0], [1559.5, 2528.0], [1559.25, 10714.0], [1559.0, 55513.0], [1558.75, 92811.0], [1558.5, 2816.0], [1558.25, 2803.0], [1558.0, 10266.0], [1557.75, 27311.0], [1557.5, 500.0], [1557.25, 2161.0], [1557.0, 53276.0], [1556.5, 7644.0], [1556.25, 53336.0], [1555.75, 15965.0]], "asks": [[1561.5, 7667.0], [1561.75, 17586.0], [1562.0, 17369.0], [1562.25, 30823.0], [1562.5, 2795.0], [1562.75, 2114.0], [1563.0, 631.0], [1563.25, 2511.0], [1563.5, 2735.0], [1563.75, 2511.0], [1564.0, 2108.0], [1564.5, 17094.0], [1565.5, 2121.0], [1566.0, 2666.0], [1566.25, 2166.0], [1566.5, 26694.0], [1566.75, 2104.0], [1567.0, 92164.0], [1567.75, 2647.0], [1568.0, 51080.0]]}}}
{"jsonrpc": "2.0", "method": "subscription", "params": {"channel": "book.ETH-18APR25.none.20.100ms", "data": {"timestamp": 1744057571426, "change_id": 64817025201, "instrument_name": "ETH-18APR25", "bids": [[1562.0, 3814.0], [1561.75, 12728.0], [1561.25, 300.0], [1561.0, 1000.0], [1560.75, 810.0], [1560.5, 4418.0], [1560.25, 3896.0], [1560.0, 9301.0], [1559.75, 7009.0], [1559.5, 20162.0], [1558.75, 411.0], [1558.5, 12716.0], [1558.25, 37821.0], [1557.5, 6903.0], [1557.25, 37762.0], [1556.75, 1380.0], [1556.0, 39104.0], [1553.75, 1359.0], [1553.5, 38043.0], [1553.25, 1341.0]], "asks": [[1562.75, 4543.0], [1563.0, 20106.0], [1563.25, 15511.0], [1563.5, 720.0], [1563.75, 4290.0], [1564.0, 7067.0], [1564.25, 3029.0], [1564.5, 1319.0], [1564.75, 489.0], [1565.0, 2029.0], [1565.25, 7317.0], [1565.5, 19956.0], [1567.75, 1322.0], [1568.0, 39028.0], [1568.75, 2672.0], [1569.0, 38161.0], [1569.5, 1333.0], [1569.75, 1325.0], [1570.25, 1332.0], [1570.5, 39588.0]]}}}
{"jsonrpc": "2.0", "method": "subscription", "params": {"channel": "book.ETH-18APR25.none.20.100ms", "data": {"timestamp": 1744057571649, "change_id": 64817025426, "instrument_name": "ETH-18APR25", "bids": [[1562.25, 930.0], [1562.0, 6914.0], [1561.75, 12728.0], [1561.25, 300.0], [1561.0, 1000.0], [1560.75, 810.0], [1560.5, 4418.0], [1560.25, 3896.0], [1560.0, 9301.0], [1559.75, 7009.0], [1559.5, 20162.0], [1558.75, 411.0], [1558.5, 12716.0], [1558.25, 37821.0], [1557.5, 6903.0], [1557.25, 37762.0], [1556.75, 1380.0], [1556.0, 39104.0], [1553.75, 1359.0], [1553.5, 38043.0]], "asks": [[1562.75, 4543.0], [1563.0, 20106.0], [1563.25, 15511.0], [1563.5, 720.0], [1563.75, 4290.0], [1564.0, 7067.0], [1564.25, 3029.0], [1564.5, 1319.0], [1564.75, 489.0], [1565.0, 2029.0], [1565.25, 7317.0], [1565.5, 19956.0], [1567.75, 1322.0], [1568.0, 39028.0], [1568.75, 2672.0], [1569.0, 38161.0], [1569.5, 1333.0], [1569.75, 1325.0], [1570.25, 1332.0], [1570.5, 39588.0]]}}}
{"jsonrpc": "2.0", "method": "subscription", "params": {"channel": "book.ETH-11APR25.none.20.100ms", "data": {"timestamp": 1744057571960, "change_id": 64817025679, "instrument_name": "ETH-11APR25", "bids": [[1561.0, 6947.0], [1560.75, 13072.0], [1560.5, 16146.0], [1560.25, 3783.0], [1560.0, 2826.0], [1559.75, 2511.0], [1559.5, 2528.0], [1559.25, 10714.0], [1559.0, 55513.0], [1558.75, 92811.0], [1558.5, 2816.0], [1558.25, 2803.0], [1558.0, 10266.0], [1557.75, 27311.0], [1557.5, 500.0], [1557.25, 2161.0], [1557.0, 53276.0], [1556.5, 7644.0], [1556.25, 53336.0], [1555.75, 15965.0]], "asks": [[1561.5, 7667.0], [1561.75, 17586.0], [1562.0, 17369.0], [1562.25, 30823.0], [1562.5, 2795.0], [1562.75, 2114.0], [1563.0, 631.0], [1563.25, 2511.0], [1563.5, 2735.0], [1563.75, 2511.0], [1564.0, 2108.0], [1564.5, 17094.0], [1565.5, 2121.0], [1566.0, 2666.0], [1566.25, 2166.0], [1566.5, 26694.0], [1566.75, 2104.0], [1567.0, 92164.0], [1567.75, 2647.0], [1568.0, 51080.0]]}}}
{"jsonrpc": "2.0", "method": "subscription", "params": {"channel": "book.ETH-18APR25.none.20.100ms", "data": {"timestamp": 1744057572545, "change_id": 64817026644, "instrument_name": "ETH-18APR25", "bids": [[1562.25, 930.0], [1562.0, 6914.0], [1561.75, 12728.0], [1561.25, 300.0], [1561.0, 1000.0], [1560.75, 810.0], [1560.5, 4418.0], [1560.25, 3896.0], [1560.0, 9301.0], [1559.75, 7009.0], [1559.5, 20162.0], [1558.75, 411.0], [1558.5, 12716.0], [1558.25, 37821.0], [1557.5, 6903.0], [1557.25, 37762.0], [1556.75, 1380.0], [1556.0, 39104.0], [1553.75, 1359.0], [1553.5, 38043.0]], "asks": [[1562.75, 4543.0], [1563.0, 20106.0], [1563.25, 15511.0], [1563.5, 720.0], [1563.75, 4290.0], [1564.0, 7067.0], [1564.25, 3218.0], [1564.5, 1319.0], [1564.75, 489.0], [1565.0, 2029.0], [1565.25, 7317.0], [1565.5, 19956.0], [1567.75, 1322.0], [1568.0, 39028.0], [1568.75, 2672.0], [1569.0, 38161.0], [1569.5, 1333.0], [1569.75, 1325.0], [1570.25, 1332.0], [1570.5, 39588.0]]}}}
{"jsonrpc": "2.0", "method": "subscription", "params": {"channel": "book.ETH-11APR25.none.20.100ms", "data": {"timestamp": 1744057572753, "change_id": 64817026787, "instrument_name": "ETH-11APR25", "bids": [[1561.0, 6947.0], [1560.75, 13072.0], [1560.5, 16146.0], [1560.25, 3783.0], [1560.0, 2826.0], [1559.75, 2511.0], [1559.5, 2528.0], [1559.25, 10714.0], [1559.0, 55513.0], [1558.75, 92811.0], [1558.5, 2816.0], [1558.25, 2803.0], [1558.0, 10266.0], [1557.75, 27311.0], [1557.5, 500.0], [1557.25, 2161.0], [1557.0, 53276.0], [1556.5, 7644.0], [1556.25, 53336.0], [1555.75, 15965.0]], "asks": [[1561.5, 7667.0], [1561.75, 17586.0], [1562.0, 17369.0], [1562.25, 30823.0], [1562.5, 2795.0], [1562.75, 2114.0], [1563.0, 3190.0], [1563.25, 4222.0], [1563.5, 2735.0], [1563.75, 2511.0], [1564.0, 2108.0], [1564.5, 17094.0], [1565.5, 2121.0], [1566.0, 2666.0], [1566.25, 2166.0], [1566.5, 26694.0], [1566.75, 2104.0], [1567.0, 92164.0], [1567.75, 2647.0], [1568.0, 51080.0]]}}}
{"jsonrpc": "2.0", "method": "subscription", "params": {"channel": "book.ETH-11APR25.none.20.100ms", "data": {"timestamp": 1744057573108, "change_id": 64817027249, "instrument_name": "ETH-11APR25", "bids": [[1561.0, 6947.0], [1560.75, 13072.0], [1560.5, 16146.0], [1560.25, 3783.0], [1560.0, 2826.0], [1559.75, 2511.0], [1559.5, 2528.0], [1559.25, 10714.0], [1559.0, 55513.0], [1558.75, 92811.0], [1558.5, 2816.0], [1558.25, 2803.0], [1558.0, 10266.0], [1557.75, 27311.0], [1557.5, 500.0], [1557.25, 2161.0], [1557.0, 53276.0], [1556.5, 7644.0], [1556.25, 53336.0], [1555.75, 15965.0]], "asks": [[1561.5, 7667.0], [1561.75, 17586.0], [1562.0, 17369.0], [1562.25, 30823.0], [1562.5, 2795.0], [1562.75, 2114.0], [1563.0, 3190.0], [1563.25, 4381.0], [1563.5, 2735.0], [1563.75, 2511.0], [1564.0, 2108.0], [1564.5, 17094.0], [1565.5, 2121.0], [1566.0, 2666.0], [1566.25, 2166.0], [1566.5, 26694.0], [1566.75, 2104.0], [1567.0, 92164.0], [1567.75, 2647.0], [1568.0, 51080.0]]}}}
{"jsonrpc": "2.0", "method": "subscription", "params": {"channel": "book.ETH-11APR25.none.20.100ms", "data": {"timestamp": 1744057573360, "change_id": 64817027742, "instrument_name": "ETH-11APR25", "bids": [[1561.0, 6947.0], [1560.75, 13072.0], [1560.5, 16146.0], [1560.25, 3783.0], [1560.0, 2826.0], [1559.75, 2511.0], [1559.5, 3129.0], [1559.25, 12098.0], [1559.0, 54129.0], [1558.75, 92811.0], [1558.5, 2816.0], [1558.25, 2803.0], [1558.0, 10266.0], [1557.75, 27311.0], [1557.5, 500.0], [1557.25, 2161.0], [1557.0, 53276.0], [1556.5, 7644.0], [1556.25, 53336.0], [1555.75, 15965.0]], "asks": [[1561.5, 7667.0], [1561.75, 17586.0], [1562.0, 17369.0], [1562.25, 30823.0], [1562.5, 2795.0], [1562.75, 2114.0], [1563.0, 3190.0], [1563.25, 4381.0], [1563.5, 2735.0], [1563.75, 2511.0], [1564.0, 2108.0], [1564.5, 17094.0], [1565.5, 2121.0], [1566.0, 2666.0], [1566.25, 2166.0], [1566.5, 26694.0], [1566.75, 2104.0], [1567.0, 92164.0], [1567.75, 2647.0], [1568.0, 51080.0]]}}}
{"jsonrpc": "2.0", "method": "subscription", "params": {"channel": "book.ETH-11APR25.none.20.100ms", "data": {"timestamp": 1744057574293, "change_id": 64817028834, "instrument_name": "ETH-11APR25", "bids": [[1561.0, 6947.0], [1560.75, 13072.0], [1560.5, 16146.0], [1560.25, 3783.0], [1560.0, 2826.0], [1559.75, 2511.0], [1559.5, 3129.0], [1559.25, 12098.0], [1559.0, 54129.0], [1558.75, 92811.0], [1558.5, 2816.0], [1558.25, 2803.0], [1558.0, 10266.0], [1557.75, 27311.0], [1557.5, 500.0], [1557.25, 2161.0], [1557.0, 53276.0], [1556.5, 7644.0], [1556.25, 53336.0], [1555.75, 15965.0]], "asks": [[1561.5, 7667.0], [1561.75, 17586.0], [1562.0, 17369.0], [1562.25, 30823.0], [1562.5, 2795.0], [1562.75, 2751.0], [1563.0, 2755.0], [1563.25, 2511.0], [1563.5, 2735.0], [1563.75, 2511.0], [1564.0, 2108.0], [1564.5, 17094.0], [1565.5, 2121.0], [1566.0, 2666.0], [1566.25, 2166.0], [1566.5, 26694.0], [1566.75, 2104.0], [1567.0, 92164.0], [1567.75, 2647.0], [1568.0, 51080.0]]}}}
{"jsonrpc": "2.0", "method": "subscription", "params": {"channel": "book.ETH-11APR25.none.20.100ms", "data": {"timestamp": 1744057575844, "change_id": 64817030980, "instrument_name": "ETH-11APR25", "bids": [[1561.25, 5280.0], [1561.0, 9677.0], [1560.75, 10342.0], [1560.5, 16667.0], [1560.25, 2783.0], [1560.0, 2826.0], [1559.75, 2511.0], [1559.5, 3129.0], [1559.25, 12098.0], [1559.0, 54129.0], [1558.75, 92811.0], [1558.5, 2816.0], [1558.25, 2803.0], [1558.0, 10266.0], [1557.75, 27311.0], [1557.5, 500.0], [1557.25, 2161.0], [1557.0, 53276.0], [1556.5, 7644.0], [1556.25, 53336.0]], "asks": [[1561.75, 15462.0], [1562.0, 17369.0], [1562.25, 30823.0], [1562.5, 2795.0], [1562.75, 2751.0], [1563.0, 2755.0], [1563.25, 2511.0], [1563.5, 2735.0], [1563.75, 2511.0], [1564.0, 2108.0], [1564.5, 17094.0], [1565.5, 2121.0], [1566.0, 2666.0], [1566.25, 2166.0], [1566.5, 26694.0], [1566.75, 2104.0], [1567.0, 92164.0], [1567.75, 2647.0], [1568.0, 51080.0], [1569.5, 182160.0]]}}}
{"jsonrpc": "2.0", "method": "subscription", "params": {"channel": "book.ETH-18APR25.none.20.100ms", "data": {"timestamp": 1744057575844, "change_id": 64817030981, "instrument_name": "ETH-18APR25", "bids": [[1562.25, 1632.0], [1562.0, 9642.0], [1561.75, 10000.0], [1561.25, 1000.0], [1561.0, 408.0], [1560.75, 2169.0], [1560.5, 4418.0], [1560.25, 3896.0], [1560.0, 9301.0], [1559.75, 7009.0], [1559.5, 20162.0], [1558.75, 411.0], [1558.5, 12716.0], [1558.25, 37821.0], [1557.5, 6903.0], [1557.25, 37762.0], [1556.75, 1380.0], [1556.0, 39104.0], [1553.75, 1359.0], [1553.5, 38043.0]], "asks": [[1562.75, 4543.0], [1563.0, 17378.0], [1563.25, 18239.0], [1563.5, 720.0], [1563.75, 4290.0], [1564.0, 7067.0], [1564.25, 3218.0], [1564.5, 1319.0], [1564.75, 489.0], [1565.0, 2029.0], [1565.25, 7317.0], [1565.5, 19956.0], [1567.75, 1322.0], [1568.0, 39028.0], [1568.75, 2672.0], [1569.0, 38161.0], [1569.5, 1333.0], [1569.75, 1325.0], [1570.25, 1332.0], [1570.5, 39588.0]]}}}
{"jsonrpc": "2.0", "method": "subscription", "params": {"channel": "book.ETH-11APR25.none.20.100ms", "data": {"timestamp": 1744057576242, "change_id": 64817031634, "instrument_name": "ETH-11APR25", "bids": [[1561.25, 7702.0], [1561.0, 9677.0], [1560.75, 10342.0], [1560.5, 16667.0], [1560.25, 2783.0], [1560.0, 2826.0], [1559.75, 2511.0], [1559.5, 3129.0], [1559.25, 12098.0], [1559.0, 54129.0], [1558.75, 92811.0], [1558.5, 2816.0], [1558.25, 2803.0], [1558.0, 10266.0], [1557.75, 27311.0], [1557.5, 500.0], [1557.25, 2161.0], [1557.0, 53276.0], [1556.5, 7644.0], [1556.25, 53336.0]], "asks": [[1561.75, 15462.0], [1562.0, 17369.0], [1562.25, 30823.0], [1562.5, 2795.0], [1562.75, 2751.0], [1563.0, 2755.0], [1563.25, 2511.0], [1563.5, 2735.0], [1563.75, 2511.0], [1564.0, 2108.0], [1564.5, 17094.0], [1565.5, 2121.0], [1566.0, 2666.0], [1566.25, 2166.0], [1566.5, 26694.0], [1566.75, 2104.0], [1567.0, 92164.0], [1567.75, 2647.0], [1568.0, 51080.0], [1569.5, 182160.0]]}}}
{"jsonrpc": "2.0", "method": "subscription", "params": {"channel": "book.ETH-18APR25.none.20.100ms", "data": {"timestamp": 1744057575973, "change_id": 64817031480, "instrument_name": "ETH-18APR25", "bids": [[1562.25, 4544.0], [1562.0, 16758.0], [1561.25, 1000.0], [1561.0, 408.0], [1560.75, 2169.0], [1560.5, 4418.0], [1560.25, 3896.0], [1560.0, 9301.0], [1559.75, 7009.0], [1559.5, 20162.0], [1558.75, 411.0], [1558.5, 12716.0], [1558.25, 37821.0], [1557.5, 6903.0], [1557.25, 37762.0], [1556.75, 1380.0], [1556.0, 39104.0], [1553.75, 1359.0], [1553.5, 38043.0], [1553.25, 1341.0]], "asks": [[1562.75, 4543.0], [1563.0, 13918.0], [1563.25, 2728.0], [1563.5, 720.0], [1563.75, 4290.0], [1564.0, 7067.0], [1564.25, 3218.0], [1564.5, 1319.0], [1564.75, 489.0], [1565.0, 2029.0], [1565.25, 7317.0], [1565.5, 19956.0], [1567.75, 1322.0], [1568.0, 39028.0], [1568.75, 2672.0], [1569.0, 38161.0], [1569.5, 1333.0], [1569.75, 1325.0], [1570.25, 1332.0], [1570.5, 39588.0]]}}}
{"jsonrpc": "2.0", "method": "subscription", "params": {"channel": "book.ETH-11APR25.none.20.100ms", "data": {"timestamp": 1744057576567, "change_id": 64817032075, "instrument_name": "ETH-11APR25", "bids": [[1561.25, 3100.0], [1561.0, 9677.0], [1560.75, 10342.0], [1560.5, 16667.0], [1560.25, 2783.0], [1560.0, 2826.0], [1559.75, 2511.0], [1559.5, 3129.0], [1559.25, 12098.0], [1559.0, 54129.0], [1558.75, 92811.0], [1558.5, 2816.0], [1558.25, 2803.0], [1558.0, 10266.0], [1557.75, 27311.0], [1557.5, 500.0], [1557.25, 2161.0], [1557.0, 53276.0], [1556.5, 7644.0], [1556.25, 53336.0]], "asks": [[1561.5, 3100.0], [1561.75, 15462.0], [1562.0, 17369.0], [1562.25, 30823.0], [1562.5, 2795.0], [1562.75, 2751.0], [1563.0, 2755.0], [1563.25, 3287.0], [1563.5, 2735.0], [1563.75, 2511.0], [1564.0, 2108.0], [1564.5, 17094.0], [1565.5, 2121.0], [1566.0, 2666.0], [1566.25, 2166.0], [1566.5, 26694.0], [1566.75, 2104.0], [1567.0, 92164.0], [1567.75, 2647.0], [1568.0, 51080.0]]}}}
{"jsonrpc": "2.0", "method": "subscription", "params": {"channel": "book.ETH-11APR25.none.20.100ms", "data": {"timestamp": 1744057576819, "change_id": 64817032135, "instrument_name": "ETH-11APR25", "bids": [[1561.25, 5280.0], [1561.0, 9677.0], [1560.75, 10342.0], [1560.5, 16667.0], [1560.25, 2783.0], [1560.0, 2826.0], [1559.75, 2511.0], [1559.5, 3129.0], [1559.25, 12098.0], [1559.0, 54129.0], [1558.75, 92811.0], [1558.5, 2816.0], [1558.25, 2803.0], [1558.0, 10266.0], [1557.75, 27311.0], [1557.5, 500.0], [1557.25, 2161.0], [1557.0, 53276.0], [1556.5, 7644.0], [1556.25, 53336.0]], "asks": [[1561.5, 3100.0], [1561.75, 15462.0], [1562.0, 17369.0], [1562.25, 30823.0], [1562.5, 2795.0], [1562.75, 2751.0], [1563.0, 3209.0], [1563.25, 5285.0], [1563.5, 2735.0], [1563.75, 2511.0], [1564.0, 2108.0], [1564.5, 17094.0], [1565.5, 2121.0], [1566.0, 2666.0], [1566.25, 2166.0], [1566.5, 26694.0], [1566.75, 2104.0], [1567.0, 92164.0], [1567.75, 2647.0], [1568.0, 51080.0]]}}}
{"jsonrpc": "2.0", "method": "subscription", "params": {"channel": "book.ETH-18APR25.none.20.100ms", "data": {"timestamp": 1744057576591, "change_id": 64817032081, "instrument_name": "ETH-18APR25", "bids": [[1562.25, 4544.0], [1562.0, 13658.0], [1561.25, 1000.0], [1561.0, 408.0], [1560.75, 2169.0], [1560.5, 4418.0], [1560.25, 3896.0], [1560.0, 9301.0], [1559.75, 7009.0], [1559.5, 20162.0], [1558.75, 411.0], [1558.5, 12716.0], [1558.25, 37821.0], [1557.5, 6903.0], [1557.25, 37762.0], [1556.75, 1380.0], [1556.0, 39104.0], [1553.75, 1359.0], [1553.5, 38043.0], [1553.25, 1341.0]], "asks": [[1562.75, 4543.0], [1563.0, 13918.0], [1563.25, 2728.0], [1563.5, 720.0], [1563.75, 4290.0], [1564.0, 7067.0], [1564.25, 3218.0], [1564.5, 1319.0], [1564.75, 489.0], [1565.0, 2029.0], [1565.25, 7317.0], [1565.5, 19956.0], [1567.75, 1322.0], [1568.0, 39028.0], [1568.75, 2672.0], [1569.0, 38161.0], [1569.5, 1333.0], [1569.75, 1325.0], [1570.25, 1332.0], [1570.5, 39588.0]]}}}
{"jsonrpc": "2.0", "method": "subscription", "params": {"channel": "book.ETH-11APR25.none.20.100ms", "data": {"timestamp": 1744057577240, "change_id": 64817033119, "instrument_name": "ETH-11APR25", "bids": [[1561.25, 7822.0], [1561.0, 12621.0], [1560.75, 17802.0], [1560.5, 5667.0], [1560.25, 2783.0], [1560.0, 2826.0], [1559.75, 2511.0], [1559.5, 10672.0], [1559.25, 29531.0], [1559.0, 28737.0], [1558.75, 92811.0], [1558.5, 2816.0], [1558.25, 2803.0], [1558.0, 10266.0], [1557.75, 27311.0], [1557.5, 500.0], [1557.25, 2161.0], [1557.0, 53276.0], [1556.5, 7644.0], [1556.25, 53336.0]], "asks": [[1561.75, 3100.0], [1562.0, 10353.0], [1562.25, 26255.0], [1562.5, 27950.0], [1562.75, 2751.0], [1563.0, 3209.0], [1563.25, 5285.0], [1563.5, 2735.0], [1563.75, 2511.0], [1564.0, 2108.0], [1564.5, 17094.0], [1565.5, 2121.0], [1566.0, 2666.0], [1566.25, 2166.0], [1566.5, 26694.0], [1566.75, 2104.0], [1567.0, 92164.0], [1567.75, 2647.0], [1568.0, 51080.0], [1569.5, 182160.0]]}}}
{"jsonrpc": "2.0", "method": "subscription", "params": {"channel": "book.ETH-18APR25.none.20.100ms", "data": {"timestamp": 1744057577171, "change_id": 64817032868, "instrument_name": "ETH-18APR25", "bids": [[1562.25, 4544.0], [1562.0, 13658.0], [1561.5, 300.0], [1561.25, 1000.0], [1561.0, 408.0], [1560.75, 2169.0], [1560.5, 10598.0], [1560.25, 2144.0], [1560.0, 3121.0], [1559.75, 7009.0], [1559.5, 20162.0], [1558.75, 411.0], [1558.5, 12716.0], [1558.25, 37821.0], [1557.5, 6903.0], [1557.25, 37762.0], [1556.75, 1380.0], [1556.0, 39104.0], [1553.75, 1359.0], [1553.5, 38043.0]], "asks": [[1563.0, 3918.0], [1563.25, 5728.0], [1563.5, 10720.0], [1563.75, 4290.0], [1564.0, 6697.0], [1564.25, 1899.0], [1564.5, 1319.0], [1564.75, 489.0], [1565.0, 2029.0], [1565.25, 7317.0], [1565.5, 19956.0], [1567.75, 1322.0], [1568.0, 39028.0], [1568.75, 2672.0], [1569.0, 38161.0], [1569.5, 1333.0], [1569.75, 1325.0], [1570.25, 1332.0], [1570.5, 39588.0], [1570.75, 1319.0]]}}}
{"jsonrpc": "2.0", "method": "subscription", "params": {"channel": "book.ETH-18APR25.none.20.100ms", "data": {"timestamp": 1744057577466, "change_id": 64817033647, "instrument_name": "ETH-18APR25", "bids": [[1562.25, 5524.0], [1562.0, 10930.0], [1561.5, 300.0], [1561.25, 1000.0], [1561.0, 408.0], [1560.75, 2169.0], [1560.5, 10598.0], [1560.25, 2144.0], [1560.0, 3121.0], [1559.75, 7009.0], [1559.5, 20162.0], [1558.75, 411.0], [1558.5, 12716.0], [1558.25, 37821.0], [1557.5, 6903.0], [1557.25, 37762.0], [1556.75, 1380.0], [1556.0, 39104.0], [1553.75, 1359.0], [1553.5, 38043.0]], "asks": [[1562.75, 625.0], [1563.0, 3100.0], [1563.25, 3000.0], [1563.5, 13448.0], [1563.75, 4290.0], [1564.0, 6697.0], [1564.25, 1899.0], [1564.5, 1319.0], [1564.75, 489.0], [1565.0, 2029.0], [1565.25, 7317.0], [1565.5, 19956.0], [1567.75, 1322.0], [1568.0, 39028.0], [1568.75, 2672.0], [1569.0, 38161.0], [1569.5, 1333.0], [1569.75, 1325.0], [1570.25, 1332.0], [1570.5, 39588.0]]}}}
{"jsonrpc": "2.0", "method": "subscription", "params": {"channel": "book.ETH-11APR25.none.20.100ms", "data": {"timestamp": 1744057577849, "change_id": 64817034090, "instrument_name": "ETH-11APR25", "bids": [[1561.25, 7822.0], [1561.0, 12621.0], [1560.75, 17802.0], [1560.5, 5667.0], [1560.25, 2783.0], [1560.0, 2826.0], [1559.75, 2511.0], [1559.5, 10672.0], [1559.25, 29531.0], [1559.0, 28737.0], [1558.75, 92811.0], [1558.5, 2816.0], [1558.25, 2803.0], [1558.0, 10266.0], [1557.75, 27311.0], [1557.5, 500.0], [1557.25, 2161.0], [1557.0, 53276.0], [1556.5, 7644.0], [1556.25, 53336.0]], "asks": [[1561.75, 7667.0], [1562.0, 17657.0], [1562.25, 16255.0], [1562.5, 27950.0], [1562.75, 2751.0], [1563.0, 3209.0], [1563.25, 5285.0], [1563.5, 2735.0], [1563.75, 2511.0], [1564.0, 2108.0], [1564.5, 17094.0], [1565.5, 2121.0], [1566.0, 2666.0], [1566.25, 2166.0], [1566.5, 26694.0], [1566.75, 2104.0], [1567.0, 92164.0], [1567.75, 2647.0], [1568.0, 51080.0], [1569.5, 182160.0]]}}}
{"jsonrpc": "2.0", "method": "subscription", "params": {"channel": "book.ETH-18APR25.none.20.100ms", "data": {"timestamp": 1744057577580, "change_id": 64817033913, "instrument_name": "ETH-18APR25", "bids": [[1562.25, 8624.0], [1562.0, 10930.0], [1561.5, 300.0], [1561.25, 1000.0], [1561.0, 408.0], [1560.75, 2169.0], [1560.5, 10598.0], [1560.25, 2144.0], [1560.0, 3121.0], [1559.75, 7009.0], [1559.5, 20162.0], [1558.75, 411.0], [1558.5, 12716.0], [1558.25, 37821.0], [1557.5, 6903.0], [1557.25, 37762.0], [1556.75, 1380.0], [1556.0, 39104.0], [1553.75, 1359.0], [1553.5, 38043.0]], "asks": [[1562.75, 625.0], [1563.0, 3100.0], [1563.25, 3000.0], [1563.5, 13448.0], [1563.75, 4290.0], [1564.0, 6697.0], [1564.25, 1899.0], [1564.5, 1319.0], [1564.75, 489.0], [1565.0, 2029.0], [1565.25, 7317.0], [1565.5, 19956.0], [1567.75, 1322.0], [1568.0, 39028.0], [1568.75, 2672.0], [1569.0, 38161.0], [1569.5, 1333.0], [1569.75, 1325.0], [1570.25, 1332.0], [1570.5, 39588.0]]}}}
{"jsonrpc": "2.0", "method": "subscription", "params": {"channel": "book.ETH-11APR25.none.20.100ms", "data": {"timestamp": 1744057578467, "change_id": 64817035292, "instrument_name": "ETH-11APR25", "bids": [[1561.25, 7822.0], [1561.0, 12621.0], [1560.75, 17802.0], [1560.5, 5667.0], [1560.25, 2783.0], [1560.0, 2826.0], [1559.75, 2511.0], [1559.5, 10672.0], [1559.25, 29531.0], [1559.0, 28737.0], [1558.75, 92811.0], [1558.5, 2816.0], [1558.25, 2803.0], [1558.0, 10266.0], [1557.75, 27311.0], [1557.5, 500.0], [1557.25, 2161.0], [1557.0, 53276.0], [1556.5, 7644.0], [1556.25, 53336.0]], "asks": [[1561.75, 3100.0], [1562.0, 17657.0], [1562.25, 16255.0], [1562.5, 27950.0], [1562.75, 2751.0], [1563.0, 3209.0], [1563.25, 5285.0], [1563.5, 2735.0], [1563.75, 2511.0], [1564.0, 2108.0], [1564.5, 17094.0], [1565.5, 2121.0], [1566.0, 2666.0], [1566.25, 2166.0], [1566.5, 26694.0], [1566.75, 2104.0], [1567.0, 92164.0], [1567.75, 2647.0], [1568.0, 51080.0], [1569.5, 182160.0]]}}}
{"jsonrpc": "2.0", "method": "subscription", "params": {"channel": "book.ETH-18APR25.none.20.100ms", "data": {"timestamp": 1744057578369, "change_id": 64817035154, "instrument_name": "ETH-18APR25", "bids": [[1562.5, 930.0], [1562.25, 5896.0], [1562.0, 13658.0], [1561.5, 300.0], [1561.25, 1000.0], [1561.0, 408.0], [1560.75, 4317.0], [1560.5, 10598.0], [1560.25, 2144.0], [1560.0, 3121.0], [1559.75, 7009.0], [1559.5, 20162.0], [1558.75, 411.0], [1558.5, 12716.0], [1558.25, 37821.0], [1557.5, 6903.0], [1557.25, 37762.0], [1556.75, 1380.0], [1556.0, 39104.0], [1553.75, 1359.0]], "asks": [[1563.0, 3100.0], [1563.25, 3000.0], [1563.5, 13448.0], [1563.75, 4290.0], [1564.0, 6697.0], [1564.25, 1899.0], [1564.5, 1319.0], [1564.75, 489.0], [1565.0, 2029.0], [1565.25, 7317.0], [1565.5, 19956.0], [1567.75, 1322.0], [1568.0, 39028.0], [1568.75, 2672.0], [1569.0, 38161.0], [1569.5, 1333.0], [1569.75, 1325.0], [1570.25, 1332.0], [1570.5, 39588.0], [1570.75, 1319.0]]}}}
{"jsonrpc": "2.0", "method": "subscription", "params": {"channel": "book.ETH-18APR25.none.20.100ms", "data": {"timestamp": 1744057578738, "change_id": 64817035798, "instrument_name": "ETH-18APR25", "bids": [[1562.5, 930.0], [1562.25, 7247.0], [1562.0, 15917.0], [1561.5, 300.0], [1561.25, 1000.0], [1561.0, 408.0], [1560.75, 4317.0], [1560.5, 10598.0], [1560.25, 2144.0], [1560.0, 3121.0], [1559.75, 7009.0], [1559.5, 20162.0], [1558.75, 411.0], [1558.5, 12716.0], [1558.25, 37821.0], [1557.5, 6903.0], [1557.25, 37762.0], [1556.75, 1380.0], [1556.0, 39104.0], [1553.75, 1359.0]], "asks": [[1563.0, 3100.0], [1563.25, 3000.0], [1563.5, 13448.0], [1563.75, 4290.0], [1564.0, 6697.0], [1564.25, 1899.0], [1564.5, 1319.0], [1564.75, 489.0], [1565.0, 2029.0], [1565.25, 7317.0], [1565.5, 19956.0], [1567.75, 1322.0], [1568.0, 39028.0], [1568.75, 2672.0], [1569.0, 38161.0], [1569.5, 1333.0], [1569.75, 1325.0], [1570.25, 1332.0], [1570.5, 39588.0], [1570.75, 1319.0]]}}}
{"jsonrpc": "2.0", "method": "subscription", "params": {"channel": "book.ETH-18APR25.none.20.100ms", "data": {"timestamp": 1744057578952, "change_id": 64817036036, "instrument_name": "ETH-18APR25", "bids": [[1562.5, 930.0], [1562.25, 7247.0], [1562.0, 13658.0], [1561.5, 300.0], [1561.25, 1000.0], [1561.0, 408.0], [1560.75, 4317.0], [1560.5, 10598.0], [1560.25, 2144.0], [1560.0, 3121.0], [1559.75, 7009.0], [1559.5, 20162.0], [1558.75, 411.0], [1558.5, 12716.0], [1558.25, 37821.0], [1557.5, 6903.0], [1557.25, 37762.0], [1556.75, 1380.0], [1556.0, 39104.0], [1553.75, 1359.0]], "asks": [[1563.0, 3100.0], [1563.25, 3000.0], [1563.5, 13448.0], [1563.75, 4290.0], [1564.0, 6697.0], [1564.25, 1899.0], [1564.5, 1319.0], [1564.75, 489.0], [1565.0, 2029.0], [1565.25, 7317.0], [1565.5, 19956.0], [1567.75, 1322.0], [1568.0, 39028.0], [1568.75, 2672.0], [1569.0, 38161.0], [1569.5, 1333.0], [1569.75, 1325.0], [1570.25, 1332.0], [1570.5, 39588.0], [1570.75, 1319.0]]}}}
{"jsonrpc": "2.0", "method": "subscription", "params": {"channel": "book.ETH-11APR25.none.20.100ms", "data": {"timestamp": 1744057579262, "change_id": 64817036525, "instrument_name": "ETH-11APR25", "bids": [[1561.25, 7822.0], [1561.0, 12621.0], [1560.75, 17802.0], [1560.5, 5667.0], [1560.25, 2783.0], [1560.0, 2826.0], [1559.75, 2511.0], [1559.5, 10672.0], [1559.25, 29531.0], [1559.0, 28737.0], [1558.75, 92811.0], [1558.5, 2816.0], [1558.25, 2803.0], [1558.0, 10266.0], [1557.75, 27311.0], [1557.5, 500.0], [1557.25, 2161.0], [1557.0, 53276.0], [1556.5, 7644.0], [1556.25, 53336.0]], "asks": [[1561.75, 7667.0], [1562.0, 17657.0], [1562.25, 16255.0], [1562.5, 27950.0], [1562.75, 2751.0], [1563.0, 3209.0], [1563.25, 5285.0], [1563.5, 2735.0], [1563.75, 2511.0], [1564.0, 2108.0], [1564.5, 17094.0], [1565.5, 2121.0], [1566.0, 2666.0], [1566.25, 2166.0], [1566.5, 26694.0], [1566.75, 2104.0], [1567.0, 92164.0], [1567.75, 2647.0], [1568.0, 51080.0], [1569.5, 182160.0]]}}}
{"jsonrpc": "2.0", "method": "subscription", "params": {"channel": "book.ETH-11APR25.none.20.100ms", "data": {"timestamp": 1744057581202, "change_id": 64817038791, "instrument_name": "ETH-11APR25", "bids": [[1561.5, 5080.0], [1561.25, 7822.0], [1561.0, 12621.0], [1560.75, 17802.0], [1560.5, 5667.0], [1560.25, 2783.0], [1560.0, 2826.0], [1559.75, 2511.0], [1559.5, 10672.0], [1559.25, 29531.0], [1559.0, 28737.0], [1558.75, 92811.0], [1558.5, 2816.0], [1558.25, 2803.0], [1558.0, 10266.0], [1557.75, 27311.0], [1557.5, 500.0], [1557.25, 2161.0], [1557.0, 53276.0], [1556.5, 7644.0]], "asks": [[1561.75, 3100.0], [1562.0, 15533.0], [1562.25, 16255.0], [1562.5, 27950.0], [1562.75, 2751.0], [1563.0, 3209.0], [1563.25, 5285.0], [1563.5, 2735.0], [1563.75, 2511.0], [1564.0, 2108.0], [1564.5, 17094.0], [1565.5, 2121.0], [1566.0, 2666.0], [1566.25, 2166.0], [1566.5, 26694.0], [1566.75, 2104.0], [1567.0, 92164.0], [1567.75, 2647.0], [1568.0, 51080.0], [1569.5, 182160.0]]}}}
{"jsonrpc": "2.0", "method": "subscription", "params": {"channel": "book.ETH-18APR25.none.20.100ms", "data": {"timestamp": 1744057581189, "change_id": 64817038738, "instrument_name": "ETH-18APR25", "bids": [[1562.5, 930.0], [1562.25, 7247.0], [1562.0, 13658.0], [1561.5, 300.0], [1561.25, 1000.0], [1561.0, 408.0], [1560.75, 4317.0], [1560.5, 10598.0], [1560.25, 2144.0], [1560.0, 3121.0], [1559.75, 7009.0], [1559.5, 20162.0], [1558.75, 411.0], [1558.5, 12716.0], [1558.25, 37821.0], [1557.5, 6903.0], [1557.25, 37762.0], [1556.75, 1380.0], [1556.0, 39104.0], [1553.75, 1359.0]], "asks": [[1563.25, 3000.0], [1563.5, 13448.0], [1563.75, 4290.0], [1564.0, 6697.0], [1564.25, 1899.0], [1564.5, 1319.0], [1564.75, 489.0], [1565.0, 2029.0], [1565.25, 7317.0], [1565.5, 19956.0], [1567.75, 1322.0], [1568.0, 39028.0], [1568.75, 2672.0], [1569.0, 38161.0], [1569.5, 1333.0], [1569.75, 1325.0], [1570.25, 1332.0], [1570.5, 39588.0], [1570.75, 1319.0], [1571.25, 1332.0]]}}}
{"jsonrpc": "2.0", "method": "subscription", "params": {"channel": "book.ETH-11APR25.none.20.100ms", "data": {"timestamp": 1744057581392, "change_id": 64817039214, "instrument_name": "ETH-11APR25", "bids": [[1561.5, 2900.0], [1561.25, 13213.0], [1561.0, 16827.0], [1560.75, 7802.0], [1560.5, 5667.0], [1560.25, 2783.0], [1560.0, 2826.0], [1559.75, 10307.0], [1559.5, 28521.0], [1559.25, 4139.0], [1559.0, 28737.0], [1558.75, 92811.0], [1558.5, 2816.0], [1558.25, 2803.0], [1558.0, 10266.0], [1557.75, 27311.0], [1557.5, 500.0], [1557.25, 2161.0], [1557.0, 53276.0], [1556.5, 7644.0]], "asks": [[1561.75, 3100.0], [1562.0, 15533.0], [1562.25, 16255.0], [1562.5, 27950.0], [1562.75, 2751.0], [1563.0, 2755.0], [1563.25, 2511.0], [1563.5, 2735.0], [1563.75, 2511.0], [1564.0, 2108.0], [1564.5, 17094.0], [1565.5, 2121.0], [1566.0, 2666.0], [1566.25, 2166.0], [1566.5, 26694.0], [1566.75, 2104.0], [1567.0, 92164.0], [1567.75, 2647.0], [1568.0, 51080.0], [1569.5, 182160.0]]}}}
{"jsonrpc": "2.0", "method": "subscription", "params": {"channel": "book.ETH-18APR25.none.20.100ms", "data": {"timestamp": 1744057581238, "change_id": 64817039091, "instrument_name": "ETH-18APR25", "bids": [[1562.5, 3814.0], [1562.25, 14732.0], [1562.0, 2728.0], [1561.5, 300.0], [1561.25, 1408.0], [1561.0, 1767.0], [1560.75, 4317.0], [1560.5, 10598.0], [1560.25, 2144.0], [1560.0, 3121.0], [1559.75, 7009.0], [1559.5, 20162.0], [1558.75, 411.0], [1558.5, 12716.0], [1558.25, 37821.0], [1557.5, 6903.0], [1557.25, 37762.0], [1556.75, 1380.0], [1556.0, 39104.0], [1553.75, 1359.0]], "asks": [[1563.25, 3000.0], [1563.5, 13448.0], [1563.75, 4290.0], [1564.0, 6301.0], [1564.25, 311.0], [1564.5, 1319.0], [1564.75, 489.0], [1565.0, 2029.0], [1565.25, 7317.0], [1565.5, 19956.0], [1567.75, 1322.0], [1568.0, 39028.0], [1568.75, 2672.0], [1569.0, 38161.0], [1569.5, 1333.0], [1569.75, 1325.0], [1570.25, 1332.0], [1570.5, 39588.0], [1570.75, 1319.0], [1571.25, 1332.0]]}}}
{"jsonrpc": "2.0", "method": "subscription", "params": {"channel": "book.ETH-11APR25.none.20.100ms", "data": {"timestamp": 1744057581848, "change_id": 64817040078, "instrument_name": "ETH-11APR25", "bids": [[1561.25, 10483.0], [1561.0, 19557.0], [1560.75, 7802.0], [1560.5, 5667.0], [1560.25, 2783.0], [1560.0, 2826.0], [1559.75, 10307.0], [1559.5, 28521.0], [1559.25, 4139.0], [1559.0, 28737.0], [1558.75, 92811.0], [1558.5, 2816.0], [1558.25, 2803.0], [1558.0, 10266.0], [1557.75, 27311.0], [1557.5, 500.0], [1557.25, 2161.0], [1557.0, 53276.0], [1556.5, 7644.0], [1556.25, 53336.0]], "asks": [[1561.75, 7030.0], [1562.0, 15533.0], [1562.25, 16255.0], [1562.5, 27950.0], [1562.75, 2751.0], [1563.0, 2755.0], [1563.25, 2511.0], [1563.5, 2735.0], [1563.75, 2511.0], [1564.0, 2108.0], [1564.5, 17094.0], [1565.5, 2121.0], [1566.0, 2666.0], [1566.25, 2166.0], [1566.5, 26694.0], [1566.75, 2104.0], [1567.0, 92164.0], [1567.75, 2647.0], [1568.0, 51080.0], [1569.5, 182160.0]]}}}
{"jsonrpc": "2.0", "method": "subscription", "params": {"channel": "book.ETH-18APR25.none.20.100ms", "data": {"timestamp": 1744057581699, "change_id": 64817039999, "instrument_name": "ETH-18APR25", "bids": [[1562.5, 3814.0], [1562.25, 14732.0], [1562.0, 2728.0], [1561.5, 300.0], [1561.25, 1408.0], [1561.0, 1767.0], [1560.75, 4317.0], [1560.5, 10598.0], [1560.25, 2144.0], [1560.0, 3121.0], [1559.75, 7009.0], [1559.5, 20162.0], [1558.75, 411.0], [1558.5, 12716.0], [1558.25, 37821.0], [1557.5, 6903.0], [1557.25, 37762.0], [1556.75, 1380.0], [1556.0, 39104.0], [1553.75, 1359.0]], "asks": [[1563.0, 930.0], [1563.25, 11234.0], [1563.5, 29082.0], [1563.75, 4290.0], [1564.0, 6301.0], [1564.25, 311.0], [1564.5, 1319.0], [1564.75, 489.0], [1565.0, 2029.0], [1565.25, 7317.0], [1565.5, 19956.0], [1567.75, 1322.0], [1568.0, 39028.0], [1568.75, 2672.0], [1569.0, 38161.0], [1569.5, 1333.0], [1569.75, 1325.0], [1570.25, 1332.0], [1570.5, 39588.0], [1570.75, 1319.0]]}}}
{"jsonrpc": "2.0", "method": "subscription", "params": {"channel": "book.ETH-11APR25.none.20.100ms", "data": {"timestamp": 1744057583064, "change_id": 64817041528, "instrument_name": "ETH-11APR25", "bids": [[1561.25, 10483.0], [1561.0, 19557.0], [1560.75, 7802.0], [1560.5, 5667.0], [1560.25, 2783.0], [1560.0, 2826.0], [1559.75, 10307.0], [1559.5, 28521.0], [1559.25, 4139.0], [1559.0, 28737.0], [1558.75, 92811.0], [1558.5, 2816.0], [1558.25, 2803.0], [1558.0, 10266.0], [1557.75, 27311.0], [1557.5, 500.0], [1557.25, 2161.0], [1557.0, 53276.0], [1556.5, 7644.0], [1556.25, 53336.0]], "asks": [[1561.75, 3100.0], [1562.0, 15533.0], [1562.25, 16255.0], [1562.5, 27950.0], [1562.75, 2751.0], [1563.0, 2755.0], [1563.25, 2511.0], [1563.5, 2735.0], [1563.75, 2511.0], [1564.0, 2108.0], [1564.5, 17094.0], [1565.5, 2121.0], [1566.0, 2666.0], [1566.25, 2166.0], [1566.5, 26694.0], [1566.75, 2104.0], [1567.0, 92164.0], [1567.75, 2647.0], [1568.0, 51080.0], [1569.5, 182160.0]]}}}
{"jsonrpc": "2.0", "method": "subscription", "params": {"channel": "book.ETH-11APR25.none.20.100ms", "data": {"timestamp": 1744057583817, "change_id": 64817042391, "instrument_name": "ETH-11APR25", "bids": [[1561.25, 10483.0], [1561.0, 19557.0], [1560.75, 7802.0], [1560.5, 5667.0], [1560.25, 2783.0], [1560.0, 2826.0], [1559.75, 10307.0], [1559.5, 28521.0], [1559.25, 4139.0], [1559.0, 28737.0], [1558.75, 92811.0], [1558.5, 2816.0], [1558.25, 2803.0], [1558.0, 10266.0], [1557.75, 27311.0], [1557.5, 500.0], [1557.25, 2161.0], [1557.0, 53276.0], [1556.5, 7644.0], [1556.25, 53336.0]], "asks": [[1561.75, 3100.0], [1562.0, 15533.0], [1562.25, 16255.0], [1562.5, 27950.0], [1562.75, 2751.0], [1563.0, 2755.0], [1563.25, 2981.0], [1563.5, 5721.0], [1563.75, 2511.0], [1564.0, 2108.0], [1564.5, 17094.0], [1565.5, 2121.0], [1566.0, 2666.0], [1566.25, 2166.0], [1566.5, 26694.0], [1566.75, 2104.0], [1567.0, 92164.0], [1567.75, 2647.0], [1568.0, 51080.0], [1569.5, 182160.0]]}}}
{"jsonrpc": "2.0", "method": "subscription", "params": {"channel": "book.ETH-11APR25.none.20.100ms", "data": {"timestamp": 1744057584110, "change_id": 64817042737, "instrument_name": "ETH-11APR25", "bids": [[1561.5, 5002.0], [1561.25, 10483.0], [1561.0, 19557.0], [1560.75, 7802.0], [1560.5, 5667.0], [1560.25, 2783.0], [1560.0, 2826.0], [1559.75, 10307.0], [1559.5, 28521.0], [1559.25, 4139.0], [1559.0, 28737.0], [1558.75, 92811.0], [1558.5, 2816.0], [1558.25, 2803.0], [1558.0, 10266.0], [1557.75, 27311.0], [1557.5, 500.0], [1557.25, 2161.0], [1557.0, 53276.0], [1556.5, 7644.0]], "asks": [[1561.75, 3100.0], [1562.0, 15533.0], [1562.25, 16255.0], [1562.5, 27950.0], [1562.75, 2751.0], [1563.0, 2755.0], [1563.25, 2981.0], [1563.5, 5721.0], [1563.75, 2511.0], [1564.0, 2108.0], [1564.5, 17094.0], [1565.5, 2121.0], [1566.0, 2666.0], [1566.25, 2166.0], [1566.5, 26694.0], [1566.75, 2104.0], [1567.0, 92164.0], [1567.75, 2647.0], [1568.0, 51080.0], [1569.5, 182160.0]]}}}
{"jsonrpc": "2.0", "method": "subscription", "params": {"channel": "book.ETH-11APR25.none.20.100ms", "data": {"timestamp": 1744057584408, "change_id": 64817043613, "instrument_name": "ETH-11APR25", "bids": [[1561.5, 7359.0], [1561.25, 13093.0], [1561.0, 17827.0], [1560.75, 6802.0], [1560.5, 5667.0], [1560.25, 2783.0], [1560.0, 10365.0], [1559.75, 27903.0], [1559.5, 3129.0], [1559.25, 4139.0], [1559.0, 28737.0], [1558.75, 92811.0], [1558.5, 2816.0], [1558.25, 2803.0], [1558.0, 10266.0], [1557.75, 27311.0], [1557.5, 500.0], [1557.25, 2161.0], [1557.0, 53276.0], [1556.5, 7644.0]], "asks": [[1562.0, 3100.0], [1562.25, 23525.0], [1562.5, 30680.0], [1562.75, 2751.0], [1563.0, 2755.0], [1563.25, 2511.0], [1563.5, 2735.0], [1563.75, 2511.0], [1564.0, 2108.0], [1564.25, 7230.0], [1564.5, 17094.0], [1565.5, 2121.0], [1566.0, 2666.0], [1566.25, 2166.0], [1566.5, 26694.0], [1566.75, 2104.0], [1567.0, 92164.0], [1567.75, 2647.0], [1568.0, 51080.0], [1569.5, 182160.0]]}}}
{"jsonrpc": "2.0", "method": "subscription", "params": {"channel": "book.ETH-18APR25.none.20.100ms", "data": {"timestamp": 1744057584502, "change_id": 64817043788, "instrument_name": "ETH-18APR25", "bids": [[1562.75, 819.0], [1562.5, 6542.0], [1562.25, 11632.0], [1561.75, 300.0], [1561.5, 1000.0], [1561.25, 408.0], [1561.0, 1767.0], [1560.75, 8349.0], [1560.5, 4418.0], [1560.25, 2144.0], [1560.0, 3121.0], [1559.75, 7009.0], [1559.5, 20162.0], [1558.75, 411.0], [1558.5, 12716.0], [1558.25, 37821.0], [1557.5, 6903.0], [1557.25, 37762.0], [1556.75, 1380.0], [1556.0, 39104.0]], "asks": [[1563.25, 6100.0], [1563.5, 11448.0], [1563.75, 7018.0], [1564.0, 6301.0], [1564.75, 489.0], [1565.0, 2029.0], [1565.25, 7317.0], [1565.5, 19956.0], [1567.75, 1322.0], [1568.0, 39028.0], [1568.75, 2672.0], [1569.0, 38161.0], [1569.5, 1333.0], [1569.75, 1325.0], [1570.25, 1332.0], [1570.5, 39588.0], [1570.75, 1319.0], [1571.25, 1332.0], [1571.5, 1370.0], [1571.75, 1381.0]]}}}
{"jsonrpc": "2.0", "method": "subscription", "params": {"channel": "book.ETH-18APR25.none.20.100ms", "data": {"timestamp": 1744057585491, "change_id": 64817045144, "instrument_name": "ETH-18APR25", "bids": [[1562.75, 3919.0], [1562.5, 6542.0], [1562.25, 11632.0], [1561.75, 300.0], [1561.5, 1000.0], [1561.25, 408.0], [1561.0, 3570.0], [1560.75, 8349.0], [1560.5, 4418.0], [1560.25, 2144.0], [1560.0, 3121.0], [1559.75, 7009.0], [1559.5, 20162.0], [1558.75, 411.0], [1558.5, 12716.0], [1558.25, 37821.0], [1557.5, 6903.0], [1557.25, 37762.0], [1556.75, 1380.0], [1556.0, 39104.0]], "asks": [[1563.25, 6100.0], [1563.5, 11448.0], [1563.75, 7018.0], [1564.0, 6301.0], [1564.75, 489.0], [1565.0, 2029.0], [1565.25, 7317.0], [1565.5, 19956.0], [1567.75, 1322.0], [1568.0, 39028.0], [1568.75, 2672.0], [1569.0, 38161.0], [1569.5, 1333.0], [1569.75, 1325.0], [1570.25, 1332.0], [1570.5, 39588.0], [1570.75, 1319.0], [1571.25, 1332.0], [1571.5, 1370.0], [1571.75, 1381.0]]}}}
{"jsonrpc": "2.0", "method": "subscription", "params": {"channel": "book.ETH-18APR25.none.20.100ms", "data": {"timestamp": 1744057586033, "change_id": 64817045631, "instrument_name": "ETH-18APR25", "bids": [[1562.75, 3919.0], [1562.5, 6542.0], [1562.25, 11632.0], [1561.75, 300.0], [1561.5, 1000.0], [1561.25, 408.0], [1561.0, 3570.0], [1560.75, 8349.0], [1560.5, 4418.0], [1560.25, 2144.0], [1560.0, 3121.0], [1559.75, 7009.0], [1559.5, 20162.0], [1558.75, 7301.0], [1558.5, 12716.0], [1558.25, 37821.0], [1557.5, 1367.0], [1557.25, 37762.0], [1556.75, 1380.0], [1556.0, 39104.0]], "asks": [[1563.25, 6100.0], [1563.5, 11448.0], [1563.75, 7018.0], [1564.0, 6301.0], [1564.75, 489.0], [1565.0, 2029.0], [1565.25, 7317.0], [1565.5, 19956.0], [1567.75, 1322.0], [1568.0, 39028.0], [1568.75, 2672.0], [1569.0, 38161.0], [1569.5, 1333.0], [1569.75, 1325.0], [1570.25, 1332.0], [1570.5, 39588.0], [1570.75, 1319.0], [1571.25, 1332.0], [1571.5, 1370.0], [1571.75, 1381.0]]}}}
{"jsonrpc": "2.0", "method": "subscription", "params": {"channel": "book.ETH-11APR25.none.20.100ms", "data": {"timestamp": 1744057586313, "change_id": 64817046027, "instrument_name": "ETH-11APR25", "bids": [[1561.5, 7359.0], [1561.25, 13093.0], [1561.0, 17827.0], [1560.75, 6802.0], [1560.5, 5667.0], [1560.25, 2783.0], [1560.0, 10365.0], [1559.75, 27903.0], [1559.5, 3129.0], [1559.25, 4139.0], [1559.0, 28737.0], [1558.75, 92811.0], [1558.5, 2816.0], [1558.25, 2803.0], [1558.0, 10266.0], [1557.75, 27311.0], [1557.5, 500.0], [1557.25, 2161.0], [1557.0, 53276.0], [1556.5, 7644.0]], "asks": [[1562.0, 7714.0], [1562.25, 23525.0], [1562.5, 30680.0], [1562.75, 2751.0], [1563.0, 2755.0], [1563.25, 2511.0], [1563.5, 2735.0], [1563.75, 2511.0], [1564.0, 2739.0], [1564.25, 7230.0], [1564.5, 17094.0], [1565.5, 2121.0], [1566.0, 2666.0], [1566.25, 2166.0], [1566.5, 26694.0], [1566.75, 2104.0], [1567.0, 92164.0], [1567.75, 2647.0], [1568.0, 51080.0], [1569.5, 182160.0]]}}}
{"jsonrpc": "2.0", "method": "subscription", "params": {"channel": "book.ETH-11APR25.none.20.100ms", "data": {"timestamp": 1744057586728, "change_id": 64817046484, "instrument_name": "ETH-11APR25", "bids": [[1561.5, 7359.0], [1561.25, 13093.0], [1561.0, 17827.0], [1560.75, 6802.0], [1560.5, 5667.0], [1560.25, 2783.0], [1560.0, 10365.0], [1559.75, 27903.0], [1559.5, 3129.0], [1559.25, 4139.0], [1559.0, 28737.0], [1558.75, 92811.0], [1558.5, 2816.0], [1558.25, 2803.0], [1558.0, 10266.0], [1557.75, 27311.0], [1557.5, 500.0], [1557.25, 2161.0], [1557.0, 53276.0], [1556.5, 7644.0]], "asks": [[1562.0, 7714.0], [1562.25, 23525.0], [1562.5, 30680.0], [1562.75, 2751.0], [1563.0, 2755.0], [1563.25, 2511.0], [1563.5, 2735.0], [1563.75, 4927.0], [1564.0, 2739.0], [1564.25, 7230.0], [1564.5, 17094.0], [1565.5, 2121.0], [1566.0, 2666.0], [1566.25, 2166.0], [1566.5, 26694.0], [1566.75, 2104.0], [1567.0, 92164.0], [1567.75, 2647.0], [1568.0, 51080.0], [1569.5, 182160.0]]}}}
