{"jsonrpc": "2.0", "method": "subscription", "params": {"channel": "book.ETH-6FEB26.none.20.100ms", "data": {"timestamp": 1769996485749, "change_id": 107136080945, "instrument_name": "ETH-6FEB26", "bids": [[2302.75, 6585.0], [2302.5, 2387.0], [2302.25, 6090.0], [2301.5, 478.0], [2301.25, 2078.0], [2301.0, 2078.0], [2300.75, 2589.0], [2300.5, 3313.0], [2298.75, 2275.0], [2298.5, 7621.0], [2297.5, 987.0], [2297.25, 3308.0], [2296.75, 40400.0], [2295.25, 1178.0], [2293.75, 19437.0], [2292.75, 40000.0], [2290.75, 11.0], [2290.5, 11.0], [2287.75, 500.0], [2287.5, 4705.0]], "asks": [[2303.25, 1600.0], [2303.5, 2672.0], [2303.75, 2253.0], [2304.0, 2220.0], [2304.25, 3861.0], [2304.5, 6090.0], [2306.25, 2234.0], [2306.5, 7483.0], [2307.0, 6240.0], [2307.25, 21540.0], [2309.5, 40000.0], [2309.75, 400.0], [2313.5, 11.0], [2316.0, 40013.0], [2316.25, 4705.0], [2319.25, 40000.0], [2320.25, 45.0], [2321.25, 18821.0], [2325.25, 1176.0], [2329.25, 36.0]]}}}
{"jsonrpc": "2.0", "method": "subscription", "params": {"channel": "book.ETH-13FEB26.none.20.100ms", "data": {"timestamp": 1769996486092, "change_id": 107136081836, "instrument_name": "ETH-13FEB26", "bids": [[2304.75, 6590.0], [2304.5, 2005.0], [2304.25, 7280.0], [2304.0, 625.0], [2300.75, 351.0], [2300.5, 3682.0], [2300.25, 7371.0], [2298.75, 14312.0], [2298.5, 40400.0], [2298.25, 2.0], [2296.75, 4705.0], [2295.5, 19817.0], [2293.75, 40011.0], [2292.75, 2.0], [2291.0, 9.0], [2290.75, 40000.0], [2288.5, 36.0], [2286.75, 4990.0], [2278.0, 45.0], [2277.0, 4953.0]], "asks": [[2305.0, 1300.0], [2305.25, 1925.0], [2305.5, 1561.0], [2305.75, 3422.0], [2306.0, 5948.0], [2306.25, 388.0], [2306.5, 1300.0], [2306.75, 388.0], [2307.0, 1300.0], [2307.25, 388.0], [2307.5, 1300.0], [2307.75, 2192.0], [2308.0, 7342.0], [2308.25, 5916.0], [2308.5, 21540.0], [2312.25, 40000.0], [2312.5, 400.0], [2313.5, 9.0], [2315.0, 1176.0], [2316.0, 2.0]]}}}
{"jsonrpc": "2.0", "method": "subscription", "params": {"channel": "book.ETH-6FEB26.none.20.100ms", "data": {"timestamp": 1769996486008, "change_id": 107136081229, "instrument_name": "ETH-6FEB26", "bids": [[2302.75, 6585.0], [2302.5, 2387.0], [2302.25, 6090.0], [2301.5, 478.0], [2301.25, 2078.0], [2301.0, 2078.0], [2300.75, 2589.0], [2300.5, 3313.0], [2298.75, 2275.0], [2298.5, 7621.0], [2297.5, 987.0], [2297.25, 3308.0], [2296.75, 40400.0], [2295.25, 1178.0], [2293.75, 19437.0], [2292.75, 40000.0], [2290.75, 11.0], [2290.5, 11.0], [2287.75, 500.0], [2287.5, 4705.0]], "asks": [[2303.25, 2225.0], [2303.5, 2047.0], [2303.75, 2253.0], [2304.0, 2220.0], [2304.25, 3861.0], [2304.5, 6090.0], [2306.25, 2234.0], [2306.5, 7483.0], [2307.0, 6240.0], [2307.25, 21540.0], [2309.5, 40000.0], [2309.75, 400.0], [2313.5, 11.0], [2316.0, 40013.0], [2316.25, 4705.0], [2319.25, 40000.0], [2320.25, 45.0], [2321.25, 18821.0], [2325.25, 1176.0], [2329.25, 36.0]]}}}
{"jsonrpc": "2.0", "method": "subscription", "params": {"channel": "book.ETH-13FEB26.none.20.100ms", "data": {"timestamp": 1769996486455, "change_id": 107136082961, "instrument_name": "ETH-13FEB26", "bids": [[2304.75, 12538.0], [2304.5, 1045.0], [2304.25, 1300.0], [2300.75, 351.0], [2300.5, 3682.0], [2300.25, 7371.0], [2298.75, 14312.0], [2298.5, 40400.0], [2298.25, 2.0], [2296.75, 4705.0], [2295.5, 19817.0], [2293.75, 40011.0], [2292.75, 2.0], [2291.0, 9.0], [2290.75, 40000.0], [2288.5, 36.0], [2286.75, 4990.0], [2278.0, 45.0], [2277.0, 4953.0], [2275.5, 18822.0]], "asks": [[2305.25, 1300.0], [2305.5, 1925.0], [2305.75, 1300.0], [2306.0, 32.0], [2306.25, 2114.0], [2306.5, 7248.0], [2306.75, 388.0], [2307.0, 1300.0], [2307.25, 388.0], [2307.5, 1300.0], [2307.75, 2192.0], [2308.0, 7342.0], [2308.25, 5916.0], [2308.5, 21540.0], [2312.25, 40000.0], [2312.5, 400.0], [2313.5, 9.0], [2315.0, 1176.0], [2316.0, 2.0], [2317.25, 40000.0]]}}}
{"jsonrpc": "2.0", "method": "subscription", "params": {"channel": "book.ETH-6FEB26.none.20.100ms", "data": {"timestamp": 1769996486414, "change_id": 107136082897, "instrument_name": "ETH-6FEB26", "bids": [[2303.0, 2008.0], [2302.75, 14307.0], [2302.5, 625.0], [2301.75, 478.0], [2301.5, 2078.0], [2301.25, 2078.0], [2301.0, 2078.0], [2300.75, 2589.0], [2300.5, 3313.0], [2298.75, 2275.0], [2298.5, 7621.0], [2297.5, 987.0], [2297.25, 3308.0], [2296.75, 40400.0], [2295.25, 1178.0], [2293.75, 19437.0], [2292.75, 40000.0], [2290.75, 11.0], [2290.5, 11.0], [2287.75, 500.0]], "asks": [[2303.5, 1600.0], [2303.75, 2846.0], [2304.0, 2252.0], [2304.25, 3861.0], [2304.5, 6090.0], [2306.25, 2234.0], [2306.5, 7483.0], [2307.0, 6240.0], [2307.25, 21540.0], [2309.5, 40000.0], [2309.75, 400.0], [2313.5, 11.0], [2316.0, 40013.0], [2316.25, 4705.0], [2319.25, 40000.0], [2320.25, 45.0], [2321.25, 18821.0], [2325.25, 1176.0], [2329.25, 36.0], [2329.5, 19482.0]]}}}
{"jsonrpc": "2.0", "method": "subscription", "params": {"channel": "book.ETH-13FEB26.none.20.100ms", "data": {"timestamp": 1769996486800, "change_id": 107136083989, "instrument_name": "ETH-13FEB26", "bids": [[2304.75, 12538.0], [2304.5, 1045.0], [2304.25, 1300.0], [2300.75, 351.0], [2300.5, 3682.0], [2300.25, 7371.0], [2298.75, 14312.0], [2298.5, 40400.0], [2298.25, 2.0], [2296.75, 4705.0], [2295.5, 19817.0], [2293.75, 40011.0], [2292.75, 2.0], [2291.0, 9.0], [2290.75, 40000.0], [2288.5, 36.0], [2286.75, 4990.0], [2278.0, 45.0], [2277.0, 4953.0], [2275.5, 18822.0]], "asks": [[2305.5, 1925.0], [2305.75, 1332.0], [2306.25, 2114.0], [2306.5, 7248.0], [2306.75, 388.0], [2307.0, 1300.0], [2307.25, 388.0], [2307.5, 1300.0], [2307.75, 2192.0], [2308.0, 7342.0], [2308.25, 5916.0], [2308.5, 21540.0], [2312.25, 40000.0], [2312.5, 400.0], [2313.5, 9.0], [2315.0, 1176.0], [2316.0, 2.0], [2317.25, 40000.0], [2320.0, 45.0], [2323.75, 40000.0]]}}}
{"jsonrpc": "2.0", "method": "subscription", "params": {"channel": "book.ETH-6FEB26.none.20.100ms", "data": {"timestamp": 1769996486799, "change_id": 107136083981, "instrument_name": "ETH-6FEB26", "bids": [[2303.0, 2008.0], [2302.75, 14307.0], [2302.5, 625.0], [2301.75, 478.0], [2301.5, 2078.0], [2301.25, 2078.0], [2301.0, 2078.0], [2300.75, 2589.0], [2300.5, 3313.0], [2298.75, 2275.0], [2298.5, 7621.0], [2297.5, 987.0], [2297.25, 3308.0], [2296.75, 40400.0], [2295.25, 1178.0], [2293.75, 19437.0], [2292.75, 40000.0], [2290.75, 11.0], [2290.5, 11.0], [2287.75, 500.0]], "asks": [[2303.5, 625.0], [2303.75, 1600.0], [2304.0, 2252.0], [2304.25, 3861.0], [2304.5, 6090.0], [2306.25, 2234.0], [2306.5, 7483.0], [2307.0, 6240.0], [2307.25, 21540.0], [2309.5, 40000.0], [2309.75, 400.0], [2313.5, 11.0], [2316.0, 40013.0], [2316.25, 4705.0], [2319.25, 40000.0], [2320.25, 45.0], [2321.25, 18821.0], [2325.25, 1176.0], [2329.25, 36.0], [2329.5, 19482.0]]}}}
{"jsonrpc": "2.0", "method": "subscription", "params": {"channel": "book.ETH-13FEB26.none.20.100ms", "data": {"timestamp": 1769996487091, "change_id": 107136084893, "instrument_name": "ETH-13FEB26", "bids": [[2305.25, 7678.0], [2305.0, 3786.0], [2304.75, 7890.0], [2304.5, 625.0], [2300.75, 351.0], [2300.5, 3682.0], [2300.25, 7371.0], [2298.75, 14312.0], [2298.5, 40400.0], [2298.25, 2.0], [2296.75, 4705.0], [2295.5, 19817.0], [2293.75, 40011.0], [2292.75, 2.0], [2291.0, 9.0], [2290.75, 40000.0], [2288.5, 36.0], [2287.25, 4990.0], [2278.0, 45.0], [2277.75, 4953.0]], "asks": [[2305.75, 1300.0], [2306.25, 289.0], [2306.5, 1720.0], [2306.75, 3414.0], [2307.0, 7248.0], [2307.25, 388.0], [2307.5, 1300.0], [2307.75, 2192.0], [2308.0, 7342.0], [2308.25, 5916.0], [2308.5, 21540.0], [2312.25, 40000.0], [2312.5, 400.0], [2313.5, 9.0], [2315.0, 1176.0], [2316.0, 2.0], [2317.25, 40000.0], [2320.0, 45.0], [2323.75, 40000.0], [2329.0, 49.0]]}}}
{"jsonrpc": "2.0", "method": "subscription", "params": {"channel": "book.ETH-6FEB26.none.20.100ms", "data": {"timestamp": 1769996487102, "change_id": 107136084925, "instrument_name": "ETH-6FEB26", "bids": [[2303.5, 3576.0], [2303.25, 7722.0], [2303.0, 3220.0], [2302.75, 8185.0], [2302.5, 625.0], [2301.75, 478.0], [2301.5, 2078.0], [2301.25, 2078.0], [2301.0, 2078.0], [2300.75, 2589.0], [2300.5, 3313.0], [2298.75, 2275.0], [2298.5, 7621.0], [2297.5, 987.0], [2297.25, 3308.0], [2296.75, 40400.0], [2295.25, 1178.0], [2293.75, 19437.0], [2292.75, 40000.0], [2290.75, 11.0]], "asks": [[2304.25, 1600.0], [2304.75, 32.0], [2305.0, 1818.0], [2305.25, 6090.0], [2306.25, 2234.0], [2306.5, 7483.0], [2307.0, 6240.0], [2307.25, 21540.0], [2309.5, 40000.0], [2309.75, 400.0], [2313.5, 11.0], [2316.0, 40013.0], [2316.25, 4705.0], [2319.25, 40000.0], [2320.25, 45.0], [2321.25, 18821.0], [2325.25, 1176.0], [2329.25, 36.0], [2329.5, 19482.0], [2332.75, 326.0]]}}}
{"jsonrpc": "2.0", "method": "subscription", "params": {"channel": "book.ETH-13FEB26.none.20.100ms", "data": {"timestamp": 1769996487425, "change_id": 107136085551, "instrument_name": "ETH-13FEB26", "bids": [[2305.25, 8303.0], [2305.0, 3786.0], [2304.75, 7890.0], [2300.75, 351.0], [2300.5, 3682.0], [2300.25, 7371.0], [2298.75, 14312.0], [2298.5, 40400.0], [2298.25, 2.0], [2296.75, 4705.0], [2295.5, 19817.0], [2293.75, 40011.0], [2292.75, 2.0], [2291.0, 9.0], [2290.75, 40000.0], [2288.5, 36.0], [2287.25, 4990.0], [2278.0, 45.0], [2277.75, 4953.0], [2275.5, 18822.0]], "asks": [[2305.75, 1300.0], [2306.0, 625.0], [2306.25, 289.0], [2306.5, 1720.0], [2306.75, 3414.0], [2307.0, 7248.0], [2307.25, 388.0], [2307.5, 1300.0], [2307.75, 2192.0], [2308.0, 7342.0], [2308.25, 5916.0], [2308.5, 21540.0], [2312.25, 40000.0], [2312.5, 400.0], [2313.5, 9.0], [2315.0, 1176.0], [2316.0, 2.0], [2317.25, 40000.0], [2320.0, 45.0], [2323.75, 40000.0]]}}}
{"jsonrpc": "2.0", "method": "subscription", "params": {"channel": "book.ETH-6FEB26.none.20.100ms", "data": {"timestamp": 1769996487447, "change_id": 107136085586, "instrument_name": "ETH-6FEB26", "bids": [[2303.75, 1600.0], [2303.5, 3576.0], [2303.25, 8347.0], [2303.0, 3220.0], [2302.75, 8185.0], [2301.75, 478.0], [2301.5, 2078.0], [2301.25, 2078.0], [2301.0, 2078.0], [2300.75, 2589.0], [2300.5, 3313.0], [2298.75, 2275.0], [2298.5, 7621.0], [2297.5, 987.0], [2297.25, 3308.0], [2296.75, 40400.0], [2295.25, 1178.0], [2293.75, 19437.0], [2292.75, 40000.0], [2290.75, 11.0]], "asks": [[2304.25, 2225.0], [2304.75, 32.0], [2305.0, 1818.0], [2305.25, 6090.0], [2306.25, 2234.0], [2306.5, 7483.0], [2307.0, 6240.0], [2307.25, 21540.0], [2309.5, 40000.0], [2309.75, 400.0], [2313.5, 11.0], [2316.0, 40013.0], [2316.25, 4705.0], [2319.25, 40000.0], [2320.25, 45.0], [2321.25, 18821.0], [2325.25, 1176.0], [2329.25, 36.0], [2329.5, 19482.0], [2332.75, 326.0]]}}}
{"jsonrpc": "2.0", "method": "subscription", "params": {"channel": "book.ETH-13FEB26.none.20.100ms", "data": {"timestamp": 1769996487663, "change_id": 107136086054, "instrument_name": "ETH-13FEB26", "bids": [[2305.25, 7646.0], [2305.0, 1904.0], [2304.75, 1957.0], [2303.5, 1965.0], [2303.25, 6584.0], [2300.75, 351.0], [2300.5, 3682.0], [2300.25, 7371.0], [2298.75, 14312.0], [2298.5, 40400.0], [2298.25, 2.0], [2296.75, 4705.0], [2295.5, 19817.0], [2293.75, 40011.0], [2292.75, 2.0], [2291.0, 9.0], [2290.75, 40000.0], [2288.5, 36.0], [2287.25, 4990.0], [2278.0, 45.0]], "asks": [[2305.75, 1300.0], [2306.0, 625.0], [2306.25, 321.0], [2306.5, 1688.0], [2306.75, 3414.0], [2307.0, 7248.0], [2307.25, 388.0], [2307.5, 1300.0], [2307.75, 2192.0], [2308.0, 7342.0], [2308.25, 5916.0], [2308.5, 21540.0], [2312.25, 40000.0], [2312.5, 400.0], [2313.5, 9.0], [2315.0, 1176.0], [2316.0, 2.0], [2317.25, 40000.0], [2320.0, 45.0], [2323.75, 40000.0]]}}}
{"jsonrpc": "2.0", "method": "subscription", "params": {"channel": "book.ETH-6FEB26.none.20.100ms", "data": {"timestamp": 1769996487756, "change_id": 107136086455, "instrument_name": "ETH-6FEB26", "bids": [[2303.25, 7690.0], [2303.0, 510.0], [2302.75, 1600.0], [2301.75, 2380.0], [2301.5, 8657.0], [2301.25, 2078.0], [2301.0, 2078.0], [2300.75, 2589.0], [2300.5, 3313.0], [2298.75, 2275.0], [2298.5, 7621.0], [2297.5, 987.0], [2297.25, 3308.0], [2296.75, 40400.0], [2295.25, 1178.0], [2294.0, 4705.0], [2293.75, 19437.0], [2292.75, 40000.0], [2290.75, 11.0], [2290.5, 11.0]], "asks": [[2304.0, 2855.0], [2304.25, 3682.0], [2304.5, 9768.0], [2304.75, 6090.0], [2306.25, 2234.0], [2306.5, 7483.0], [2307.0, 6240.0], [2307.25, 21540.0], [2309.5, 40000.0], [2309.75, 400.0], [2313.5, 11.0], [2316.0, 40013.0], [2316.25, 4705.0], [2319.25, 40000.0], [2320.25, 45.0], [2321.25, 18821.0], [2325.25, 1176.0], [2329.25, 36.0], [2329.5, 19482.0], [2332.75, 326.0]]}}}
{"jsonrpc": "2.0", "method": "subscription", "params": {"channel": "book.ETH-13FEB26.none.20.100ms", "data": {"timestamp": 1769996488080, "change_id": 107136087070, "instrument_name": "ETH-13FEB26", "bids": [[2305.5, 2783.0], [2305.25, 7646.0], [2305.0, 1332.0], [2304.75, 625.0], [2303.75, 1965.0], [2303.5, 6584.0], [2300.75, 351.0], [2300.5, 3682.0], [2300.25, 7371.0], [2298.5, 40400.0], [2298.25, 2.0], [2296.75, 4705.0], [2295.5, 19817.0], [2293.75, 40011.0], [2292.75, 2.0], [2291.0, 9.0], [2290.75, 40000.0], [2288.5, 36.0], [2287.75, 4990.0], [2278.0, 4998.0]], "asks": [[2306.25, 289.0], [2306.5, 1720.0], [2306.75, 3414.0], [2307.0, 7248.0], [2307.75, 388.0], [2308.0, 1300.0], [2308.25, 5916.0], [2308.5, 21540.0], [2311.0, 2222.0], [2311.25, 7443.0], [2312.25, 40000.0], [2312.5, 400.0], [2313.5, 9.0], [2315.0, 1176.0], [2316.0, 2.0], [2317.25, 40000.0], [2320.0, 45.0], [2323.75, 40000.0], [2329.0, 49.0], [2329.25, 18821.0]]}}}
{"jsonrpc": "2.0", "method": "subscription", "params": {"channel": "book.ETH-6FEB26.none.20.100ms", "data": {"timestamp": 1769996488022, "change_id": 107136086727, "instrument_name": "ETH-6FEB26", "bids": [[2303.5, 3329.0], [2303.25, 7722.0], [2302.75, 625.0], [2302.25, 1964.0], [2302.0, 6579.0], [2301.75, 478.0], [2301.5, 2078.0], [2301.25, 2078.0], [2301.0, 2078.0], [2300.75, 2589.0], [2300.5, 3313.0], [2298.75, 2275.0], [2298.5, 7621.0], [2297.5, 987.0], [2297.25, 3308.0], [2296.75, 40400.0], [2295.25, 1178.0], [2294.0, 4705.0], [2293.75, 19437.0], [2292.75, 40000.0]], "asks": [[2304.0, 1600.0], [2304.25, 1600.0], [2304.75, 32.0], [2305.0, 1818.0], [2305.25, 6090.0], [2307.0, 6240.0], [2307.25, 21540.0], [2309.5, 47733.0], [2309.75, 400.0], [2313.5, 11.0], [2316.0, 40013.0], [2316.25, 4705.0], [2319.25, 40000.0], [2320.25, 45.0], [2321.25, 18821.0], [2325.25, 1176.0], [2329.25, 36.0], [2329.5, 19482.0], [2332.75, 326.0], [2333.0, 20152.0]]}}}
{"jsonrpc": "2.0", "method": "subscription", "params": {"channel": "book.ETH-13FEB26.none.20.100ms", "data": {"timestamp": 1769996488356, "change_id": 107136087575, "instrument_name": "ETH-13FEB26", "bids": [[2305.5, 1483.0], [2305.25, 7646.0], [2305.0, 1957.0], [2303.75, 1965.0], [2303.5, 6584.0], [2300.75, 351.0], [2300.5, 3682.0], [2300.25, 7371.0], [2298.5, 40400.0], [2298.25, 2.0], [2296.75, 4705.0], [2295.5, 19817.0], [2293.75, 40011.0], [2292.75, 2.0], [2291.0, 9.0], [2290.75, 40000.0], [2288.5, 36.0], [2287.75, 4990.0], [2278.0, 4998.0], [2275.5, 18822.0]], "asks": [[2306.0, 1925.0], [2306.25, 289.0], [2306.5, 1720.0], [2306.75, 3414.0], [2307.0, 7248.0], [2307.75, 388.0], [2308.0, 3549.0], [2308.25, 13449.0], [2308.5, 21540.0], [2312.25, 40000.0], [2312.5, 400.0], [2313.5, 9.0], [2315.0, 1176.0], [2316.0, 2.0], [2317.25, 40000.0], [2320.0, 45.0], [2323.75, 40000.0], [2329.0, 49.0], [2329.25, 18821.0], [2331.75, 5009.0]]}}}
{"jsonrpc": "2.0", "method": "subscription", "params": {"channel": "book.ETH-6FEB26.none.20.100ms", "data": {"timestamp": 1769996488219, "change_id": 107136087349, "instrument_name": "ETH-6FEB26", "bids": [[2303.5, 3329.0], [2303.25, 7722.0], [2303.0, 625.0], [2302.75, 478.0], [2302.5, 1600.0], [2302.25, 1964.0], [2302.0, 6579.0], [2301.75, 478.0], [2301.5, 2078.0], [2301.25, 2078.0], [2301.0, 2078.0], [2300.75, 2589.0], [2300.5, 3313.0], [2298.75, 2275.0], [2298.5, 7621.0], [2297.5, 987.0], [2297.25, 3308.0], [2296.75, 40400.0], [2295.25, 1178.0], [2294.0, 4705.0]], "asks": [[2304.0, 1600.0], [2304.25, 2225.0], [2304.5, 32.0], [2305.0, 1818.0], [2305.25, 6090.0], [2306.25, 2271.0], [2306.5, 7609.0], [2307.0, 6240.0], [2307.25, 21540.0], [2309.5, 40000.0], [2309.75, 400.0], [2313.5, 11.0], [2316.0, 40013.0], [2316.25, 4705.0], [2319.25, 40000.0], [2320.25, 45.0], [2321.25, 18821.0], [2325.25, 1176.0], [2329.25, 36.0], [2329.5, 19482.0]]}}}
{"jsonrpc": "2.0", "method": "subscription", "params": {"channel": "book.ETH-13FEB26.none.20.100ms", "data": {"timestamp": 1769996488705, "change_id": 107136088183, "instrument_name": "ETH-13FEB26", "bids": [[2305.25, 6346.0], [2305.0, 1957.0], [2303.75, 1965.0], [2303.5, 6584.0], [2300.75, 351.0], [2300.5, 3682.0], [2300.25, 7371.0], [2298.5, 40400.0], [2298.25, 2.0], [2296.75, 4705.0], [2295.5, 19817.0], [2293.75, 40011.0], [2292.75, 2.0], [2291.0, 9.0], [2290.75, 40000.0], [2288.5, 36.0], [2287.5, 4990.0], [2278.0, 45.0], [2277.75, 4953.0], [2275.5, 18822.0]], "asks": [[2305.75, 1925.0], [2306.0, 1300.0], [2306.25, 321.0], [2306.5, 1688.0], [2306.75, 3414.0], [2307.0, 7248.0], [2307.75, 388.0], [2308.0, 3549.0], [2308.25, 13449.0], [2308.5, 21540.0], [2312.25, 40000.0], [2312.5, 400.0], [2313.5, 9.0], [2315.0, 1176.0], [2316.0, 2.0], [2317.25, 40000.0], [2320.0, 45.0], [2323.75, 40000.0], [2329.0, 49.0], [2329.25, 18821.0]]}}}
{"jsonrpc": "2.0", "method": "subscription", "params": {"channel": "book.ETH-6FEB26.none.20.100ms", "data": {"timestamp": 1769996488708, "change_id": 107136088191, "instrument_name": "ETH-6FEB26", "bids": [[2303.5, 874.0], [2303.25, 6122.0], [2303.0, 625.0], [2302.75, 478.0], [2302.5, 1600.0], [2302.25, 1964.0], [2302.0, 6579.0], [2301.75, 478.0], [2301.5, 2078.0], [2301.25, 2078.0], [2301.0, 2078.0], [2300.75, 2589.0], [2300.5, 3313.0], [2298.75, 2275.0], [2298.5, 7621.0], [2297.5, 987.0], [2297.25, 3308.0], [2296.75, 40400.0], [2295.25, 1178.0], [2294.0, 4705.0]], "asks": [[2304.0, 2703.0], [2304.25, 1600.0], [2304.5, 32.0], [2305.0, 1818.0], [2305.25, 6090.0], [2306.25, 2271.0], [2306.5, 7609.0], [2307.0, 6240.0], [2307.25, 21540.0], [2309.5, 40000.0], [2309.75, 400.0], [2313.5, 11.0], [2316.0, 40013.0], [2316.25, 4705.0], [2319.25, 40000.0], [2320.25, 45.0], [2321.25, 18821.0], [2325.25, 1176.0], [2329.25, 36.0], [2329.5, 19482.0]]}}}
{"jsonrpc": "2.0", "method": "subscription", "params": {"channel": "book.ETH-13FEB26.none.20.100ms", "data": {"timestamp": 1769996489088, "change_id": 107136089335, "instrument_name": "ETH-13FEB26", "bids": [[2304.75, 5948.0], [2304.5, 32.0], [2304.0, 388.0], [2303.75, 1300.0], [2303.5, 1965.0], [2303.25, 6584.0], [2300.75, 351.0], [2300.5, 3682.0], [2300.25, 7371.0], [2298.5, 40400.0], [2298.25, 2.0], [2296.75, 4705.0], [2295.5, 19817.0], [2293.75, 40011.0], [2292.75, 2.0], [2291.0, 9.0], [2290.75, 40000.0], [2288.5, 36.0], [2287.5, 4990.0], [2278.0, 45.0]], "asks": [[2305.5, 1684.0], [2305.75, 2345.0], [2306.0, 1688.0], [2306.25, 3427.0], [2306.5, 5948.0], [2307.75, 388.0], [2308.0, 3549.0], [2308.25, 13449.0], [2308.5, 21540.0], [2312.25, 40000.0], [2312.5, 400.0], [2313.5, 9.0], [2315.0, 1176.0], [2316.0, 2.0], [2317.25, 40000.0], [2320.0, 45.0], [2323.75, 40000.0], [2329.0, 49.0], [2329.25, 18821.0], [2331.75, 5009.0]]}}}
{"jsonrpc": "2.0", "method": "subscription", "params": {"channel": "book.ETH-6FEB26.none.20.100ms", "data": {"timestamp": 1769996489041, "change_id": 107136089176, "instrument_name": "ETH-6FEB26", "bids": [[2302.75, 6600.0], [2302.5, 1600.0], [2301.75, 2380.0], [2301.5, 8657.0], [2301.25, 2078.0], [2301.0, 2078.0], [2300.75, 2589.0], [2300.5, 3313.0], [2298.75, 2275.0], [2298.5, 7621.0], [2297.5, 987.0], [2297.25, 3308.0], [2296.75, 40400.0], [2295.25, 1178.0], [2294.0, 4705.0], [2293.75, 19437.0], [2292.75, 40000.0], [2290.75, 11.0], [2290.5, 11.0], [2287.75, 500.0]], "asks": [[2303.5, 1967.0], [2303.75, 2227.0], [2304.0, 2735.0], [2304.25, 1600.0], [2304.5, 1818.0], [2304.75, 6090.0], [2306.25, 2271.0], [2306.5, 7609.0], [2307.0, 6240.0], [2307.25, 21540.0], [2309.5, 40000.0], [2309.75, 400.0], [2313.5, 11.0], [2316.0, 40013.0], [2316.25, 4705.0], [2319.25, 40000.0], [2320.25, 45.0], [2321.25, 18821.0], [2325.25, 1176.0], [2329.25, 36.0]]}}}
{"jsonrpc": "2.0", "method": "subscription", "params": {"channel": "book.ETH-13FEB26.none.20.100ms", "data": {"timestamp": 1769996489438, "change_id": 107136090251, "instrument_name": "ETH-13FEB26", "bids": [[2304.5, 1443.0], [2304.25, 7248.0], [2304.0, 657.0], [2303.0, 1965.0], [2302.75, 6584.0], [2300.75, 351.0], [2300.5, 3682.0], [2300.25, 7371.0], [2298.5, 40400.0], [2298.25, 2.0], [2296.75, 4705.0], [2295.5, 19817.0], [2293.75, 40011.0], [2292.75, 2.0], [2291.0, 9.0], [2290.75, 40000.0], [2288.5, 36.0], [2286.75, 4990.0], [2278.0, 45.0], [2275.5, 18822.0]], "asks": [[2305.0, 1925.0], [2305.25, 1688.0], [2305.5, 1716.0], [2305.75, 1688.0], [2306.0, 3414.0], [2306.25, 5948.0], [2307.75, 388.0], [2308.0, 3549.0], [2308.25, 13449.0], [2308.5, 21540.0], [2312.25, 40000.0], [2312.5, 400.0], [2313.5, 9.0], [2315.0, 1176.0], [2316.0, 2.0], [2317.25, 40000.0], [2320.0, 45.0], [2323.75, 40000.0], [2329.0, 49.0], [2329.25, 18821.0]]}}}
{"jsonrpc": "2.0", "method": "subscription", "params": {"channel": "book.ETH-6FEB26.none.20.100ms", "data": {"timestamp": 1769996489419, "change_id": 107136090231, "instrument_name": "ETH-6FEB26", "bids": [[2302.75, 6090.0], [2302.25, 1135.0], [2302.0, 1600.0], [2301.75, 478.0], [2301.5, 2078.0], [2301.25, 3980.0], [2301.0, 8657.0], [2300.75, 2589.0], [2300.5, 3313.0], [2298.75, 2275.0], [2298.5, 7621.0], [2297.5, 987.0], [2297.25, 3308.0], [2296.75, 40400.0], [2295.25, 1178.0], [2294.0, 4705.0], [2293.75, 19437.0], [2292.75, 40000.0], [2290.75, 11.0], [2290.5, 11.0]], "asks": [[2303.25, 2796.0], [2303.5, 1967.0], [2303.75, 1923.0], [2304.0, 2234.0], [2304.25, 6090.0], [2306.25, 2271.0], [2306.5, 7609.0], [2307.0, 6240.0], [2307.25, 21540.0], [2309.5, 40000.0], [2309.75, 400.0], [2313.5, 11.0], [2316.0, 40013.0], [2316.25, 4705.0], [2319.25, 40000.0], [2320.25, 45.0], [2321.25, 18821.0], [2325.25, 1176.0], [2329.25, 36.0], [2329.5, 19482.0]]}}}
{"jsonrpc": "2.0", "method": "subscription", "params": {"channel": "book.ETH-13FEB26.none.20.100ms", "data": {"timestamp": 1769996489737, "change_id": 107136090809, "instrument_name": "ETH-13FEB26", "bids": [[2304.5, 8029.0], [2304.25, 7248.0], [2304.0, 657.0], [2300.75, 351.0], [2300.5, 3682.0], [2300.25, 7371.0], [2298.5, 40400.0], [2298.25, 2.0], [2296.75, 4705.0], [2295.5, 19817.0], [2293.75, 40011.0], [2292.75, 2.0], [2291.0, 9.0], [2290.75, 40000.0], [2288.5, 36.0], [2286.75, 4990.0], [2278.0, 45.0], [2275.5, 18822.0], [2274.25, 15182.0], [2273.5, 30471.0]], "asks": [[2305.0, 1925.0], [2305.25, 1688.0], [2305.5, 1716.0], [2305.75, 3447.0], [2306.0, 11369.0], [2306.25, 5948.0], [2307.75, 388.0], [2308.0, 3549.0], [2308.25, 13449.0], [2308.5, 21540.0], [2312.25, 40000.0], [2312.5, 400.0], [2313.5, 9.0], [2315.0, 1176.0], [2316.0, 2.0], [2317.25, 40000.0], [2320.0, 45.0], [2323.75, 40000.0], [2329.0, 49.0], [2329.25, 18821.0]]}}}
{"jsonrpc": "2.0", "method": "subscription", "params": {"channel": "book.ETH-6FEB26.none.20.100ms", "data": {"timestamp": 1769996489736, "change_id": 107136090808, "instrument_name": "ETH-6FEB26", "bids": [[2302.75, 12672.0], [2302.25, 1135.0], [2302.0, 1600.0], [2301.75, 478.0], [2301.5, 2078.0], [2301.25, 2078.0], [2301.0, 2078.0], [2300.75, 2589.0], [2300.5, 3313.0], [2298.75, 2275.0], [2298.5, 7621.0], [2297.5, 987.0], [2297.25, 3308.0], [2296.75, 40400.0], [2295.25, 1178.0], [2294.0, 4705.0], [2293.75, 19437.0], [2292.75, 40000.0], [2290.75, 11.0], [2290.5, 11.0]], "asks": [[2303.25, 2796.0], [2303.5, 1967.0], [2303.75, 3967.0], [2304.0, 10182.0], [2304.25, 6090.0], [2306.25, 2271.0], [2306.5, 7609.0], [2307.0, 6240.0], [2307.25, 21540.0], [2309.5, 40000.0], [2309.75, 400.0], [2313.5, 11.0], [2316.0, 40013.0], [2316.25, 4705.0], [2319.25, 40000.0], [2320.25, 45.0], [2321.25, 18821.0], [2325.25, 1176.0], [2329.25, 36.0], [2329.5, 19482.0]]}}}
{"jsonrpc": "2.0", "method": "subscription", "params": {"channel": "book.ETH-13FEB26.none.20.100ms", "data": {"timestamp": 1769996490046, "change_id": 107136091722, "instrument_name": "ETH-13FEB26", "bids": [[2304.5, 6586.0], [2304.25, 5948.0], [2304.0, 657.0], [2300.75, 351.0], [2300.5, 1176.0], [2298.5, 40400.0], [2298.25, 2.0], [2296.75, 4705.0], [2296.5, 7374.0], [2295.5, 19817.0], [2293.75, 40011.0], [2292.75, 2.0], [2291.0, 9.0], [2290.75, 40000.0], [2288.5, 36.0], [2286.5, 4990.0], [2278.0, 45.0], [2276.75, 4953.0], [2275.5, 18822.0], [2274.25, 15182.0]], "asks": [[2304.75, 1925.0], [2305.0, 1698.0], [2305.25, 1720.0], [2305.5, 3383.0], [2305.75, 9395.0], [2306.0, 7955.0], [2307.75, 388.0], [2308.0, 3549.0], [2308.25, 13449.0], [2308.5, 21540.0], [2312.25, 40000.0], [2312.5, 400.0], [2313.5, 9.0], [2315.0, 1176.0], [2316.0, 2.0], [2317.25, 40000.0], [2320.0, 45.0], [2323.75, 40000.0], [2329.0, 49.0], [2329.25, 18821.0]]}}}
{"jsonrpc": "2.0", "method": "subscription", "params": {"channel": "book.ETH-6FEB26.none.20.100ms", "data": {"timestamp": 1769996490037, "change_id": 107136091792, "instrument_name": "ETH-6FEB26", "bids": [[2302.75, 6582.0], [2302.25, 6600.0], [2302.0, 1600.0], [2301.75, 1103.0], [2301.5, 2078.0], [2301.25, 2078.0], [2301.0, 2078.0], [2300.75, 2589.0], [2300.5, 3313.0], [2297.5, 987.0], [2297.25, 3308.0], [2296.75, 40400.0], [2295.25, 1178.0], [2295.0, 7391.0], [2294.0, 4705.0], [2293.75, 19437.0], [2292.75, 40000.0], [2290.75, 11.0], [2290.5, 11.0], [2287.75, 500.0]], "asks": [[2303.0, 2225.0], [2303.25, 2171.0], [2303.5, 1999.0], [2303.75, 3935.0], [2304.0, 10182.0], [2304.25, 6090.0], [2306.25, 2271.0], [2306.5, 7609.0], [2307.0, 6240.0], [2307.25, 21540.0], [2309.5, 40000.0], [2309.75, 400.0], [2313.5, 11.0], [2316.0, 40013.0], [2316.25, 4705.0], [2319.25, 40000.0], [2320.25, 45.0], [2321.25, 18821.0], [2325.25, 1176.0], [2329.25, 36.0]]}}}
{"jsonrpc": "2.0", "method": "subscription", "params": {"channel": "book.ETH-13FEB26.none.20.100ms", "data": {"timestamp": 1769996490440, "change_id": 107136092681, "instrument_name": "ETH-13FEB26", "bids": [[2304.25, 6586.0], [2304.0, 1775.0], [2303.75, 5948.0], [2303.5, 657.0], [2300.75, 351.0], [2300.5, 1176.0], [2300.0, 2225.0], [2299.75, 7455.0], [2298.5, 40400.0], [2298.25, 2.0], [2296.75, 4705.0], [2295.5, 19817.0], [2293.75, 40011.0], [2292.75, 2.0], [2291.0, 9.0], [2290.75, 40000.0], [2288.5, 36.0], [2286.5, 4990.0], [2278.0, 45.0], [2276.75, 4953.0]], "asks": [[2304.75, 2313.0], [2305.0, 1730.0], [2305.25, 1688.0], [2305.5, 3383.0], [2305.75, 7248.0], [2307.75, 388.0], [2308.0, 3549.0], [2308.25, 13449.0], [2308.5, 21540.0], [2312.25, 40000.0], [2312.5, 400.0], [2313.5, 9.0], [2315.0, 1176.0], [2316.0, 2.0], [2317.25, 40000.0], [2320.0, 45.0], [2323.75, 40000.0], [2329.0, 49.0], [2329.25, 18821.0], [2331.75, 5009.0]]}}}
{"jsonrpc": "2.0", "method": "subscription", "params": {"channel": "book.ETH-6FEB26.none.20.100ms", "data": {"timestamp": 1769996490422, "change_id": 107136092702, "instrument_name": "ETH-6FEB26", "bids": [[2302.5, 6582.0], [2302.25, 6090.0], [2302.0, 2264.0], [2301.75, 2735.0], [2301.5, 2078.0], [2301.25, 2078.0], [2301.0, 2078.0], [2300.75, 2589.0], [2300.5, 3313.0], [2298.25, 2188.0], [2298.0, 7329.0], [2297.5, 987.0], [2297.25, 3308.0], [2296.75, 40400.0], [2295.25, 1178.0], [2294.0, 4705.0], [2293.75, 19437.0], [2292.75, 40000.0], [2290.75, 11.0], [2290.5, 11.0]], "asks": [[2302.75, 2225.0], [2303.0, 2078.0], [2303.25, 2203.0], [2303.5, 1967.0], [2303.75, 3858.0], [2304.0, 7690.0], [2306.25, 2271.0], [2306.5, 7609.0], [2307.0, 6240.0], [2307.25, 21540.0], [2309.5, 40000.0], [2309.75, 400.0], [2313.5, 11.0], [2316.0, 40013.0], [2316.25, 4705.0], [2319.25, 40000.0], [2320.25, 45.0], [2321.25, 18821.0], [2325.25, 1176.0], [2329.25, 36.0]]}}}
{"jsonrpc": "2.0", "method": "subscription", "params": {"channel": "book.ETH-13FEB26.none.20.100ms", "data": {"timestamp": 1769996490609, "change_id": 107136093302, "instrument_name": "ETH-13FEB26", "bids": [[2304.25, 7646.0], [2304.0, 1332.0], [2303.5, 625.0], [2300.75, 351.0], [2300.5, 1176.0], [2300.0, 2225.0], [2299.75, 7455.0], [2298.5, 40400.0], [2298.25, 2.0], [2296.75, 4705.0], [2295.5, 19817.0], [2293.75, 40011.0], [2292.75, 2.0], [2291.0, 9.0], [2290.75, 40000.0], [2288.5, 36.0], [2278.0, 45.0], [2276.5, 4953.0], [2275.5, 18822.0], [2274.25, 15182.0]], "asks": [[2304.75, 1300.0], [2305.0, 1300.0], [2305.25, 1688.0], [2305.5, 3415.0], [2305.75, 7248.0], [2306.75, 2173.0], [2307.0, 7279.0], [2307.75, 388.0], [2308.0, 1300.0], [2308.25, 5916.0], [2308.5, 21540.0], [2311.0, 400.0], [2312.25, 40000.0], [2313.5, 9.0], [2315.0, 1176.0], [2316.0, 2.0], [2317.25, 40000.0], [2320.0, 45.0], [2320.5, 40000.0], [2329.0, 49.0]]}}}
{"jsonrpc": "2.0", "method": "subscription", "params": {"channel": "book.ETH-6FEB26.none.20.100ms", "data": {"timestamp": 1769996490592, "change_id": 107136093629, "instrument_name": "ETH-6FEB26", "bids": [[2302.5, 3290.0], [2302.25, 8200.0], [2302.0, 2264.0], [2301.75, 2703.0], [2301.5, 2078.0], [2301.25, 2078.0], [2301.0, 2078.0], [2300.75, 2589.0], [2300.5, 3313.0], [2298.25, 2188.0], [2298.0, 7329.0], [2297.5, 987.0], [2297.25, 3308.0], [2296.75, 40400.0], [2295.25, 1178.0], [2294.0, 4705.0], [2293.75, 19437.0], [2292.75, 40000.0], [2290.75, 11.0], [2290.5, 11.0]], "asks": [[2303.0, 1600.0], [2303.25, 2171.0], [2303.5, 1999.0], [2303.75, 3858.0], [2304.0, 7690.0], [2305.0, 2178.0], [2305.25, 7297.0], [2307.0, 6240.0], [2307.25, 21540.0], [2309.5, 40000.0], [2309.75, 400.0], [2313.5, 11.0], [2316.0, 40013.0], [2316.25, 4705.0], [2319.25, 40000.0], [2320.25, 45.0], [2321.25, 18821.0], [2325.25, 1176.0], [2329.25, 36.0], [2329.5, 19482.0]]}}}
{"jsonrpc": "2.0", "method": "subscription", "params": {"channel": "book.ETH-13FEB26.none.20.100ms", "data": {"timestamp": 1769996491037, "change_id": 107136094755, "instrument_name": "ETH-13FEB26", "bids": [[2304.0, 2964.0], [2303.75, 5980.0], [2300.75, 351.0], [2300.5, 1176.0], [2300.0, 2225.0], [2299.75, 7455.0], [2298.25, 2.0], [2297.5, 400.0], [2297.0, 40000.0], [2296.75, 4705.0], [2295.5, 19817.0], [2293.75, 40011.0], [2292.75, 2.0], [2291.0, 9.0], [2288.5, 36.0], [2287.5, 40000.0], [2278.0, 45.0], [2276.5, 4953.0], [2275.5, 18822.0], [2274.25, 15182.0]], "asks": [[2304.75, 1628.0], [2305.0, 2355.0], [2305.25, 1688.0], [2305.5, 3383.0], [2305.75, 5948.0], [2306.25, 388.0], [2306.5, 1300.0], [2306.75, 2173.0], [2307.0, 7279.0], [2307.75, 388.0], [2308.0, 1300.0], [2308.25, 5916.0], [2308.5, 21540.0], [2311.0, 400.0], [2312.25, 40000.0], [2313.5, 9.0], [2315.0, 1176.0], [2316.0, 2.0], [2317.25, 40000.0], [2320.0, 45.0]]}}}
{"jsonrpc": "2.0", "method": "subscription", "params": {"channel": "book.ETH-6FEB26.none.20.100ms", "data": {"timestamp": 1769996491044, "change_id": 107136094804, "instrument_name": "ETH-6FEB26", "bids": [[2302.0, 3494.0], [2301.75, 8168.0], [2301.5, 2078.0], [2301.25, 2078.0], [2301.0, 2078.0], [2300.75, 2589.0], [2300.5, 3313.0], [2298.25, 2188.0], [2298.0, 7329.0], [2297.5, 987.0], [2297.25, 3308.0], [2295.5, 400.0], [2295.25, 1178.0], [2295.0, 40000.0], [2294.0, 4705.0], [2293.75, 19437.0], [2290.75, 11.0], [2290.5, 11.0], [2290.25, 40000.0], [2287.75, 500.0]], "asks": [[2302.75, 2078.0], [2303.0, 2216.0], [2303.25, 4479.0], [2303.5, 8057.0], [2303.75, 1891.0], [2304.0, 1600.0], [2305.0, 2178.0], [2305.25, 7297.0], [2307.0, 6240.0], [2307.25, 21540.0], [2309.5, 40000.0], [2309.75, 400.0], [2313.5, 11.0], [2316.0, 40013.0], [2316.25, 4705.0], [2319.25, 40000.0], [2320.25, 45.0], [2321.25, 18821.0], [2325.25, 1176.0], [2329.25, 36.0]]}}}
{"jsonrpc": "2.0", "method": "subscription", "params": {"channel": "book.ETH-13FEB26.none.20.100ms", "data": {"timestamp": 1769996491286, "change_id": 107136095448, "instrument_name": "ETH-13FEB26", "bids": [[2304.0, 1664.0], [2303.75, 5980.0], [2303.5, 625.0], [2300.75, 351.0], [2300.5, 1176.0], [2300.0, 2225.0], [2299.75, 7455.0], [2298.25, 2.0], [2297.5, 400.0], [2297.0, 40000.0], [2296.75, 4705.0], [2295.5, 19817.0], [2293.75, 40011.0], [2292.75, 2.0], [2291.0, 9.0], [2288.5, 36.0], [2287.5, 40000.0], [2278.0, 45.0], [2276.5, 4953.0], [2275.5, 18822.0]], "asks": [[2304.5, 1925.0], [2304.75, 1628.0], [2305.0, 1730.0], [2305.25, 1688.0], [2305.5, 3383.0], [2305.75, 5948.0], [2306.25, 388.0], [2306.5, 1300.0], [2306.75, 2173.0], [2307.0, 7279.0], [2307.75, 388.0], [2308.0, 1300.0], [2308.25, 5916.0], [2308.5, 21540.0], [2311.0, 400.0], [2312.25, 40000.0], [2313.5, 9.0], [2315.0, 1176.0], [2316.0, 2.0], [2317.25, 40000.0]]}}}
{"jsonrpc": "2.0", "method": "subscription", "params": {"channel": "book.ETH-6FEB26.none.20.100ms", "data": {"timestamp": 1769996491389, "change_id": 107136095497, "instrument_name": "ETH-6FEB26", "bids": [[2302.0, 3494.0], [2301.75, 8168.0], [2301.5, 2703.0], [2301.25, 2078.0], [2301.0, 2078.0], [2300.75, 2589.0], [2300.5, 3313.0], [2298.25, 2188.0], [2298.0, 7329.0], [2297.5, 987.0], [2297.25, 3308.0], [2295.5, 400.0], [2295.25, 1178.0], [2295.0, 40000.0], [2294.0, 4705.0], [2293.75, 19437.0], [2290.75, 11.0], [2290.5, 11.0], [2290.25, 40000.0], [2287.75, 500.0]], "asks": [[2302.5, 2225.0], [2302.75, 2078.0], [2303.0, 3710.0], [2303.25, 11768.0], [2303.5, 8057.0], [2303.75, 1891.0], [2304.5, 478.0], [2304.75, 1600.0], [2305.0, 2178.0], [2305.25, 7297.0], [2307.0, 6240.0], [2307.25, 21540.0], [2309.5, 40000.0], [2309.75, 400.0], [2313.5, 11.0], [2316.0, 40013.0], [2316.25, 4705.0], [2319.25, 40000.0], [2320.25, 45.0], [2321.25, 18821.0]]}}}
{"jsonrpc": "2.0", "method": "subscription", "params": {"channel": "book.ETH-13FEB26.none.20.100ms", "data": {"timestamp": 1769996491704, "change_id": 107136096716, "instrument_name": "ETH-13FEB26", "bids": [[2303.5, 1035.0], [2303.25, 9044.0], [2303.0, 6605.0], [2299.25, 351.0], [2299.0, 1176.0], [2298.25, 2.0], [2297.5, 400.0], [2297.0, 40000.0], [2296.75, 4705.0], [2295.75, 7142.0], [2295.5, 19817.0], [2293.75, 40011.0], [2292.75, 2.0], [2291.0, 9.0], [2288.5, 36.0], [2287.5, 40000.0], [2285.5, 4990.0], [2278.0, 45.0], [2275.75, 4953.0], [2275.5, 18822.0]], "asks": [[2304.0, 1500.0], [2304.25, 1837.0], [2304.5, 3758.0], [2304.75, 7576.0], [2305.0, 1300.0], [2306.25, 388.0], [2306.5, 1300.0], [2306.75, 2173.0], [2307.0, 7279.0], [2308.25, 5916.0], [2308.5, 21540.0], [2310.75, 40000.0], [2311.0, 400.0], [2313.5, 9.0], [2315.0, 1176.0], [2316.0, 2.0], [2317.25, 40000.0], [2320.0, 45.0], [2320.5, 40000.0], [2329.0, 49.0]]}}}
{"jsonrpc": "2.0", "method": "subscription", "params": {"channel": "book.ETH-6FEB26.none.20.100ms", "data": {"timestamp": 1769996491568, "change_id": 107136096693, "instrument_name": "ETH-6FEB26", "bids": [[2302.0, 6582.0], [2301.25, 2276.0], [2301.0, 8168.0], [2300.75, 2589.0], [2300.5, 3313.0], [2297.5, 987.0], [2297.25, 3308.0], [2295.5, 400.0], [2295.25, 1178.0], [2295.0, 40000.0], [2294.25, 7402.0], [2294.0, 4705.0], [2293.75, 19437.0], [2290.75, 11.0], [2290.5, 11.0], [2290.25, 40000.0], [2287.75, 500.0], [2287.0, 40000.0], [2284.75, 36.0], [2283.75, 10042.0]], "asks": [[2302.25, 1600.0], [2302.5, 2690.0], [2302.75, 3834.0], [2303.0, 9768.0], [2303.25, 10117.0], [2303.5, 1967.0], [2303.75, 1891.0], [2304.5, 478.0], [2304.75, 1600.0], [2305.0, 2178.0], [2305.25, 7297.0], [2307.0, 6240.0], [2307.25, 21540.0], [2309.5, 40000.0], [2309.75, 400.0], [2313.5, 40011.0], [2316.0, 40013.0], [2316.25, 4705.0], [2320.25, 45.0], [2321.25, 18821.0]]}}}
{"jsonrpc": "2.0", "method": "subscription", "params": {"channel": "book.ETH-13FEB26.none.20.100ms", "data": {"timestamp": 1769996492095, "change_id": 107136098042, "instrument_name": "ETH-13FEB26", "bids": [[2303.25, 1762.0], [2303.0, 5948.0], [2299.75, 2234.0], [2299.25, 351.0], [2299.0, 1176.0], [2298.25, 2.0], [2297.5, 400.0], [2297.0, 40000.0], [2296.75, 4705.0], [2295.5, 19817.0], [2293.75, 40011.0], [2292.75, 2.0], [2291.0, 9.0], [2288.5, 36.0], [2287.5, 40000.0], [2285.5, 4990.0], [2278.0, 45.0], [2275.75, 4953.0], [2275.5, 18822.0], [2274.25, 15182.0]], "asks": [[2303.75, 1300.0], [2304.0, 1601.0], [2304.25, 1630.0], [2304.5, 3101.0], [2304.75, 14227.0], [2306.25, 388.0], [2306.5, 1300.0], [2306.75, 2173.0], [2307.0, 7279.0], [2308.25, 5916.0], [2308.5, 21540.0], [2310.75, 40000.0], [2311.0, 400.0], [2313.5, 9.0], [2315.0, 1176.0], [2316.0, 2.0], [2317.25, 40000.0], [2320.0, 45.0], [2320.5, 40000.0], [2329.0, 49.0]]}}}
{"jsonrpc": "2.0", "method": "subscription", "params": {"channel": "book.ETH-6FEB26.none.20.100ms", "data": {"timestamp": 1769996492095, "change_id": 107136098047, "instrument_name": "ETH-6FEB26", "bids": [[2301.25, 2244.0], [2301.0, 8793.0], [2300.75, 2589.0], [2300.5, 3313.0], [2298.0, 2189.0], [2297.75, 7332.0], [2297.5, 987.0], [2297.25, 3308.0], [2295.5, 400.0], [2295.25, 1178.0], [2295.0, 40000.0], [2294.0, 4705.0], [2293.75, 19437.0], [2290.75, 11.0], [2290.5, 11.0], [2290.25, 40000.0], [2287.75, 500.0], [2287.0, 40000.0], [2284.75, 36.0], [2283.75, 10042.0]], "asks": [[2302.0, 1856.0], [2302.25, 2087.0], [2302.5, 2110.0], [2302.75, 3762.0], [2303.0, 8065.0], [2303.25, 2078.0], [2303.5, 1600.0], [2304.5, 478.0], [2304.75, 1600.0], [2305.0, 2178.0], [2305.25, 7297.0], [2307.0, 6240.0], [2307.25, 21540.0], [2309.5, 40000.0], [2309.75, 400.0], [2313.5, 40011.0], [2316.0, 40013.0], [2316.25, 4705.0], [2320.25, 45.0], [2321.25, 18821.0]]}}}
{"jsonrpc": "2.0", "method": "subscription", "params": {"channel": "book.ETH-13FEB26.none.20.100ms", "data": {"timestamp": 1769996492429, "change_id": 107136099596, "instrument_name": "ETH-13FEB26", "bids": [[2303.0, 5948.0], [2302.25, 32.0], [2299.25, 351.0], [2299.0, 1176.0], [2298.25, 2.0], [2297.5, 400.0], [2297.25, 11940.0], [2297.0, 41404.0], [2296.75, 4705.0], [2295.5, 19817.0], [2293.75, 11.0], [2292.75, 2.0], [2291.25, 40000.0], [2291.0, 9.0], [2288.5, 36.0], [2287.5, 40000.0], [2285.25, 4990.0], [2278.0, 45.0], [2275.5, 23775.0], [2274.25, 15182.0]], "asks": [[2303.75, 1698.0], [2304.0, 1633.0], [2304.25, 1598.0], [2304.5, 4289.0], [2304.75, 14227.0], [2305.25, 2216.0], [2305.5, 7423.0], [2306.25, 388.0], [2306.5, 1300.0], [2308.25, 5916.0], [2308.5, 21540.0], [2310.75, 40000.0], [2311.0, 400.0], [2313.5, 9.0], [2315.0, 1176.0], [2316.0, 2.0], [2317.25, 40000.0], [2320.0, 45.0], [2320.5, 40000.0], [2329.0, 49.0]]}}}
{"jsonrpc": "2.0", "method": "subscription", "params": {"channel": "book.ETH-6FEB26.none.20.100ms", "data": {"timestamp": 1769996492411, "change_id": 107136099591, "instrument_name": "ETH-6FEB26", "bids": [[2301.0, 6568.0], [2300.75, 2589.0], [2300.5, 3345.0], [2297.5, 987.0], [2297.25, 3308.0], [2295.5, 752.0], [2295.25, 1178.0], [2295.0, 47454.0], [2294.0, 4705.0], [2293.75, 19437.0], [2290.75, 11.0], [2290.5, 11.0], [2290.25, 40000.0], [2287.75, 500.0], [2287.0, 40000.0], [2284.75, 36.0], [2283.5, 10042.0], [2277.0, 45.0], [2274.75, 18822.0], [2273.5, 20096.0]], "asks": [[2301.75, 2078.0], [2302.0, 2110.0], [2302.25, 3833.0], [2302.5, 8168.0], [2302.75, 1600.0], [2303.75, 2117.0], [2304.0, 7569.0], [2304.25, 8007.0], [2304.5, 21465.0], [2308.25, 400.0], [2309.5, 40000.0], [2313.5, 40011.0], [2316.0, 40013.0], [2316.25, 4705.0], [2320.25, 45.0], [2321.25, 18821.0], [2325.25, 1176.0], [2329.25, 36.0], [2329.5, 19482.0], [2332.75, 326.0]]}}}
{"jsonrpc": "2.0", "method": "subscription", "params": {"channel": "book.ETH-13FEB26.none.20.100ms", "data": {"timestamp": 1769996492712, "change_id": 107136100802, "instrument_name": "ETH-13FEB26", "bids": [[2302.75, 1490.0], [2302.5, 7248.0], [2302.25, 657.0], [2299.25, 351.0], [2299.0, 1176.0], [2298.25, 2.0], [2297.5, 2151.0], [2297.25, 19145.0], [2297.0, 41404.0], [2296.75, 4705.0], [2296.0, 400.0], [2295.5, 19817.0], [2293.75, 11.0], [2292.75, 2.0], [2291.25, 40000.0], [2291.0, 9.0], [2288.5, 36.0], [2287.5, 40000.0], [2284.75, 4990.0], [2278.0, 45.0]], "asks": [[2303.25, 1925.0], [2303.5, 1698.0], [2303.75, 1730.0], [2304.0, 3336.0], [2304.25, 5948.0], [2305.25, 2216.0], [2305.5, 12479.0], [2305.75, 21465.0], [2310.75, 40000.0], [2311.0, 400.0], [2313.5, 9.0], [2314.5, 40000.0], [2315.0, 1176.0], [2316.0, 2.0], [2317.25, 40000.0], [2320.0, 45.0], [2329.0, 49.0], [2329.25, 18821.0], [2331.75, 5009.0], [2334.5, 15320.0]]}}}
{"jsonrpc": "2.0", "method": "subscription", "params": {"channel": "book.ETH-6FEB26.none.20.100ms", "data": {"timestamp": 1769996492655, "change_id": 107136100804, "instrument_name": "ETH-6FEB26", "bids": [[2300.75, 1768.0], [2300.5, 9435.0], [2300.25, 625.0], [2297.5, 987.0], [2297.25, 3308.0], [2296.0, 2180.0], [2295.75, 7302.0], [2295.5, 752.0], [2295.25, 1178.0], [2295.0, 40000.0], [2294.0, 4705.0], [2293.75, 19437.0], [2290.75, 11.0], [2290.5, 11.0], [2290.25, 40000.0], [2287.75, 500.0], [2287.0, 40000.0], [2284.75, 36.0], [2283.25, 10042.0], [2277.0, 45.0]], "asks": [[2301.5, 2554.0], [2301.75, 2110.0], [2302.0, 2078.0], [2302.25, 3833.0], [2302.5, 6090.0], [2303.75, 2117.0], [2304.0, 7569.0], [2304.25, 8007.0], [2304.5, 21465.0], [2307.75, 40000.0], [2308.25, 400.0], [2313.5, 40011.0], [2316.0, 40013.0], [2316.25, 4705.0], [2320.25, 45.0], [2321.25, 18821.0], [2325.25, 1176.0], [2329.25, 36.0], [2329.5, 19482.0], [2332.75, 326.0]]}}}
{"jsonrpc": "2.0", "method": "subscription", "params": {"channel": "book.ETH-13FEB26.none.20.100ms", "data": {"timestamp": 1769996493016, "change_id": 107136101366, "instrument_name": "ETH-13FEB26", "bids": [[2302.75, 1490.0], [2302.5, 7248.0], [2302.25, 657.0], [2299.25, 351.0], [2299.0, 1176.0], [2298.75, 2230.0], [2298.5, 7472.0], [2298.25, 2.0], [2297.25, 11940.0], [2297.0, 41404.0], [2296.75, 4705.0], [2296.0, 400.0], [2295.5, 19817.0], [2293.75, 11.0], [2291.25, 40000.0], [2287.5, 40000.0], [2284.75, 4990.0], [2278.0, 45.0], [2275.5, 18822.0], [2275.0, 4953.0]], "asks": [[2303.25, 1925.0], [2303.5, 1698.0], [2303.75, 1730.0], [2304.0, 3336.0], [2304.25, 5948.0], [2305.0, 388.0], [2305.25, 3516.0], [2305.5, 12479.0], [2305.75, 21465.0], [2310.75, 40000.0], [2311.0, 400.0], [2314.5, 40000.0], [2315.0, 1176.0], [2317.25, 40000.0], [2320.0, 45.0], [2329.0, 13.0], [2329.25, 18821.0], [2331.75, 5009.0], [2334.5, 15320.0], [2335.25, 181.0]]}}}
{"jsonrpc": "2.0", "method": "subscription", "params": {"channel": "book.ETH-6FEB26.none.20.100ms", "data": {"timestamp": 1769996493058, "change_id": 107136101251, "instrument_name": "ETH-6FEB26", "bids": [[2300.75, 1768.0], [2300.5, 9435.0], [2300.25, 625.0], [2297.5, 987.0], [2297.25, 5546.0], [2297.0, 7497.0], [2295.5, 752.0], [2295.25, 13118.0], [2295.0, 40000.0], [2294.0, 4705.0], [2293.75, 19437.0], [2290.75, 11.0], [2290.25, 40000.0], [2287.75, 500.0], [2287.0, 40000.0], [2283.25, 10042.0], [2277.0, 45.0], [2274.75, 18822.0], [2273.25, 20096.0], [2272.0, 181.0]], "asks": [[2301.25, 2225.0], [2301.5, 1929.0], [2301.75, 2110.0], [2302.0, 2078.0], [2302.25, 3833.0], [2302.5, 6090.0], [2303.75, 2117.0], [2304.0, 7569.0], [2304.25, 8007.0], [2304.5, 21465.0], [2307.75, 40000.0], [2308.25, 400.0], [2313.5, 40000.0], [2316.0, 40013.0], [2316.25, 4705.0], [2320.25, 45.0], [2321.25, 18821.0], [2325.25, 1176.0], [2329.5, 19482.0], [2332.75, 181.0]]}}}
{"jsonrpc": "2.0", "method": "subscription", "params": {"channel": "book.ETH-13FEB26.none.20.100ms", "data": {"timestamp": 1769996493414, "change_id": 107136102396, "instrument_name": "ETH-13FEB26", "bids": [[2302.75, 1490.0], [2302.5, 7248.0], [2302.25, 657.0], [2298.75, 2230.0], [2298.5, 7472.0], [2298.25, 2.0], [2297.25, 11940.0], [2297.0, 40000.0], [2296.0, 400.0], [2295.5, 19817.0], [2293.75, 11.0], [2291.5, 1176.0], [2291.25, 40000.0], [2287.75, 4705.0], [2287.5, 40000.0], [2284.75, 4990.0], [2278.0, 45.0], [2275.5, 18822.0], [2275.0, 4953.0], [2274.25, 15182.0]], "asks": [[2303.25, 1925.0], [2303.5, 1300.0], [2303.75, 1730.0], [2304.0, 3336.0], [2304.25, 5948.0], [2305.0, 388.0], [2305.25, 3516.0], [2305.5, 12479.0], [2305.75, 21465.0], [2310.75, 40000.0], [2311.0, 400.0], [2314.5, 40000.0], [2315.0, 1176.0], [2317.25, 40000.0], [2320.0, 45.0], [2329.0, 13.0], [2329.25, 18821.0], [2331.75, 5009.0], [2334.5, 15320.0], [2335.25, 181.0]]}}}
{"jsonrpc": "2.0", "method": "subscription", "params": {"channel": "book.ETH-6FEB26.none.20.100ms", "data": {"timestamp": 1769996493415, "change_id": 107136102399, "instrument_name": "ETH-6FEB26", "bids": [[2300.75, 3813.0], [2300.5, 11035.0], [2300.25, 625.0], [2297.5, 987.0], [2297.25, 5546.0], [2297.0, 7497.0], [2295.5, 752.0], [2295.25, 13118.0], [2295.0, 40000.0], [2293.75, 19437.0], [2290.75, 11.0], [2290.5, 4705.0], [2290.25, 40000.0], [2287.75, 500.0], [2287.0, 40000.0], [2283.25, 10042.0], [2277.0, 45.0], [2274.75, 18822.0], [2273.25, 20096.0], [2272.0, 181.0]], "asks": [[2301.25, 1600.0], [2301.5, 1600.0], [2301.75, 2703.0], [2302.0, 2078.0], [2302.25, 3833.0], [2302.5, 6090.0], [2303.25, 478.0], [2303.5, 1600.0], [2303.75, 2117.0], [2304.0, 7569.0], [2304.25, 8007.0], [2304.5, 21465.0], [2307.75, 40000.0], [2308.25, 400.0], [2313.5, 40000.0], [2316.0, 40013.0], [2316.25, 4705.0], [2320.25, 45.0], [2321.25, 18821.0], [2325.25, 1176.0]]}}}
{"jsonrpc": "2.0", "method": "subscription", "params": {"channel": "book.ETH-13FEB26.none.20.100ms", "data": {"timestamp": 1769996493730, "change_id": 107136103307, "instrument_name": "ETH-13FEB26", "bids": [[2302.75, 2169.0], [2302.5, 7905.0], [2299.0, 351.0], [2298.75, 3406.0], [2298.5, 7472.0], [2298.25, 2.0], [2297.25, 11940.0], [2297.0, 40000.0], [2296.0, 400.0], [2295.5, 19817.0], [2293.75, 11.0], [2291.25, 40000.0], [2287.75, 4705.0], [2287.5, 40000.0], [2284.75, 4990.0], [2278.0, 45.0], [2275.5, 18822.0], [2275.0, 4953.0], [2274.25, 15182.0], [2273.5, 30471.0]], "asks": [[2303.25, 1300.0], [2303.5, 2126.0], [2303.75, 1730.0], [2304.0, 1300.0], [2304.5, 1775.0], [2304.75, 5948.0], [2305.0, 388.0], [2305.25, 3516.0], [2305.5, 12479.0], [2305.75, 21465.0], [2310.75, 40000.0], [2311.0, 400.0], [2314.5, 40000.0], [2315.0, 1176.0], [2317.25, 40000.0], [2320.0, 45.0], [2329.0, 13.0], [2329.25, 18821.0], [2331.75, 5009.0], [2334.5, 15320.0]]}}}
{"jsonrpc": "2.0", "method": "subscription", "params": {"channel": "book.ETH-6FEB26.none.20.100ms", "data": {"timestamp": 1769996493463, "change_id": 107136102808, "instrument_name": "ETH-6FEB26", "bids": [[2301.0, 8177.0], [2300.75, 3400.0], [2300.5, 5538.0], [2297.5, 987.0], [2297.25, 5546.0], [2297.0, 7497.0], [2295.5, 752.0], [2295.25, 13118.0], [2295.0, 40000.0], [2293.75, 19437.0], [2290.75, 11.0], [2290.5, 4705.0], [2290.25, 40000.0], [2287.75, 500.0], [2287.0, 40000.0], [2283.0, 10042.0], [2277.0, 45.0], [2274.75, 18822.0], [2273.0, 20096.0], [2272.0, 181.0]], "asks": [[2301.5, 1600.0], [2301.75, 2703.0], [2302.0, 2110.0], [2302.25, 3833.0], [2302.5, 6090.0], [2303.25, 478.0], [2303.5, 1600.0], [2303.75, 2117.0], [2304.0, 7569.0], [2304.25, 8007.0], [2304.5, 21465.0], [2307.75, 40000.0], [2308.25, 400.0], [2313.5, 40000.0], [2316.0, 40013.0], [2316.25, 4705.0], [2320.25, 45.0], [2321.25, 18821.0], [2325.25, 1176.0], [2329.5, 19482.0]]}}}
{"jsonrpc": "2.0", "method": "subscription", "params": {"channel": "book.ETH-13FEB26.none.20.100ms", "data": {"timestamp": 1769996494089, "change_id": 107136103958, "instrument_name": "ETH-13FEB26", "bids": [[2303.0, 7884.0], [2302.75, 3501.0], [2302.5, 6573.0], [2299.0, 351.0], [2298.75, 3406.0], [2298.5, 7472.0], [2298.25, 2.0], [2297.25, 11940.0], [2297.0, 40000.0], [2296.0, 400.0], [2295.5, 19817.0], [2293.75, 11.0], [2291.25, 40000.0], [2287.75, 4705.0], [2287.5, 40000.0], [2284.75, 4990.0], [2278.0, 45.0], [2275.5, 18822.0], [2275.0, 4953.0], [2274.25, 15182.0]], "asks": [[2303.5, 1925.0], [2304.0, 388.0], [2304.25, 1332.0], [2304.5, 1775.0], [2304.75, 5948.0], [2305.0, 388.0], [2305.25, 3516.0], [2305.5, 12479.0], [2305.75, 21465.0], [2310.75, 40000.0], [2311.0, 400.0], [2314.5, 40000.0], [2315.0, 1176.0], [2317.25, 40000.0], [2320.0, 45.0], [2329.0, 13.0], [2329.25, 18821.0], [2331.75, 5009.0], [2334.5, 15320.0], [2335.25, 181.0]]}}}
{"jsonrpc": "2.0", "method": "subscription", "params": {"channel": "book.ETH-6FEB26.none.20.100ms", "data": {"timestamp": 1769996494089, "change_id": 107136103957, "instrument_name": "ETH-6FEB26", "bids": [[2301.25, 2988.0], [2301.0, 8177.0], [2300.75, 4025.0], [2300.5, 4913.0], [2297.5, 987.0], [2297.25, 5546.0], [2297.0, 7497.0], [2295.5, 752.0], [2295.25, 13118.0], [2295.0, 40000.0], [2293.75, 19437.0], [2290.75, 11.0], [2290.5, 4705.0], [2290.25, 40000.0], [2287.75, 500.0], [2287.0, 40000.0], [2283.0, 10042.0], [2277.0, 45.0], [2274.75, 18822.0], [2273.0, 20096.0]], "asks": [[2301.75, 2225.0], [2302.0, 2078.0], [2302.25, 3833.0], [2302.5, 6122.0], [2303.25, 478.0], [2303.5, 1600.0], [2303.75, 2117.0], [2304.0, 7569.0], [2304.25, 8007.0], [2304.5, 21465.0], [2307.75, 40000.0], [2308.25, 400.0], [2313.5, 40000.0], [2316.0, 40013.0], [2316.25, 4705.0], [2320.25, 45.0], [2321.25, 18821.0], [2325.25, 1176.0], [2329.5, 19482.0], [2332.75, 181.0]]}}}
{"jsonrpc": "2.0", "method": "subscription", "params": {"channel": "book.ETH-13FEB26.none.20.100ms", "data": {"timestamp": 1769996494323, "change_id": 107136104631, "instrument_name": "ETH-13FEB26", "bids": [[2303.0, 14230.0], [2302.75, 1957.0], [2299.0, 351.0], [2298.75, 3406.0], [2298.5, 7472.0], [2298.25, 2.0], [2297.25, 11940.0], [2297.0, 40000.0], [2296.0, 400.0], [2295.5, 19817.0], [2293.75, 11.0], [2291.5, 4705.0], [2291.25, 40000.0], [2287.5, 40000.0], [2284.75, 4990.0], [2278.0, 45.0], [2275.5, 18822.0], [2275.0, 4953.0], [2274.25, 15182.0], [2273.5, 30471.0]], "asks": [[2303.5, 1300.0], [2303.75, 625.0], [2304.0, 398.0], [2304.25, 1332.0], [2304.5, 1775.0], [2304.75, 5948.0], [2305.0, 388.0], [2305.25, 3516.0], [2305.5, 12479.0], [2305.75, 21465.0], [2310.75, 40000.0], [2311.0, 400.0], [2314.5, 40000.0], [2315.0, 1176.0], [2317.25, 40000.0], [2320.0, 45.0], [2329.0, 13.0], [2329.25, 18821.0], [2331.75, 5009.0], [2334.5, 15320.0]]}}}
{"jsonrpc": "2.0", "method": "subscription", "params": {"channel": "book.ETH-6FEB26.none.20.100ms", "data": {"timestamp": 1769996494313, "change_id": 107136104627, "instrument_name": "ETH-6FEB26", "bids": [[2301.25, 3466.0], [2301.0, 8834.0], [2300.75, 2370.0], [2300.5, 3313.0], [2297.5, 987.0], [2297.25, 5546.0], [2297.0, 7497.0], [2295.5, 752.0], [2295.25, 13118.0], [2295.0, 40000.0], [2293.75, 19437.0], [2290.75, 11.0], [2290.5, 4705.0], [2290.25, 40000.0], [2287.75, 500.0], [2287.0, 40000.0], [2283.25, 10042.0], [2277.0, 45.0], [2274.75, 18822.0], [2273.25, 20096.0]], "asks": [[2302.0, 2703.0], [2302.25, 2087.0], [2302.5, 1632.0], [2302.75, 1818.0], [2303.0, 6090.0], [2303.25, 478.0], [2303.5, 1600.0], [2303.75, 2117.0], [2304.0, 7569.0], [2304.25, 8007.0], [2304.5, 21465.0], [2307.75, 40000.0], [2308.25, 400.0], [2313.5, 40000.0], [2316.0, 40013.0], [2316.25, 4705.0], [2320.25, 45.0], [2321.25, 18821.0], [2325.25, 1176.0], [2329.5, 19482.0]]}}}
{"jsonrpc": "2.0", "method": "subscription", "params": {"channel": "book.ETH-13FEB26.none.20.100ms", "data": {"timestamp": 1769996494749, "change_id": 107136105310, "instrument_name": "ETH-13FEB26", "bids": [[2303.25, 3230.0], [2303.0, 14230.0], [2302.75, 1957.0], [2299.0, 351.0], [2298.75, 3406.0], [2298.5, 7472.0], [2298.25, 2.0], [2297.25, 11940.0], [2297.0, 40000.0], [2296.0, 400.0], [2295.5, 19817.0], [2293.75, 11.0], [2291.5, 4705.0], [2291.25, 40000.0], [2287.5, 40000.0], [2285.25, 4990.0], [2278.0, 45.0], [2275.5, 23775.0], [2274.25, 15182.0], [2273.5, 30471.0]], "asks": [[2303.75, 625.0], [2304.25, 1300.0], [2304.5, 1807.0], [2304.75, 5948.0], [2305.0, 388.0], [2305.25, 3516.0], [2305.5, 12479.0], [2305.75, 21465.0], [2310.75, 40000.0], [2311.0, 400.0], [2314.5, 40000.0], [2315.0, 1176.0], [2317.25, 40000.0], [2320.0, 45.0], [2329.0, 13.0], [2329.25, 18821.0], [2331.75, 5009.0], [2334.5, 15320.0], [2335.25, 181.0], [2335.5, 30649.0]]}}}
{"jsonrpc": "2.0", "method": "subscription", "params": {"channel": "book.ETH-6FEB26.none.20.100ms", "data": {"timestamp": 1769996494741, "change_id": 107136105307, "instrument_name": "ETH-6FEB26", "bids": [[2301.5, 2078.0], [2301.25, 3269.0], [2301.0, 8834.0], [2300.75, 2370.0], [2300.5, 3313.0], [2297.5, 987.0], [2297.25, 5546.0], [2297.0, 7497.0], [2295.5, 752.0], [2295.25, 13118.0], [2295.0, 40000.0], [2293.75, 19437.0], [2290.75, 11.0], [2290.5, 4705.0], [2290.25, 40000.0], [2287.75, 500.0], [2287.0, 40000.0], [2283.25, 10042.0], [2277.0, 45.0], [2274.75, 18822.0]], "asks": [[2302.0, 1600.0], [2302.25, 2712.0], [2302.5, 1600.0], [2302.75, 1850.0], [2303.0, 6090.0], [2303.25, 478.0], [2303.5, 1600.0], [2303.75, 2117.0], [2304.0, 7569.0], [2304.25, 8007.0], [2304.5, 21465.0], [2307.75, 40000.0], [2308.25, 400.0], [2313.5, 40000.0], [2316.0, 40013.0], [2316.25, 4705.0], [2320.25, 45.0], [2321.25, 18821.0], [2325.25, 1176.0], [2329.5, 19482.0]]}}}
{"jsonrpc": "2.0", "method": "subscription", "params": {"channel": "book.ETH-13FEB26.none.20.100ms", "data": {"timestamp": 1769996495061, "change_id": 107136105831, "instrument_name": "ETH-13FEB26", "bids": [[2303.0, 12532.0], [2302.5, 32.0], [2299.0, 351.0], [2298.75, 1176.0], [2298.25, 2.0], [2297.25, 11940.0], [2297.0, 40000.0], [2296.25, 7285.0], [2296.0, 400.0], [2295.5, 19817.0], [2293.75, 11.0], [2291.5, 4705.0], [2291.25, 40000.0], [2287.5, 40000.0], [2285.25, 4990.0], [2278.0, 45.0], [2275.5, 23775.0], [2274.25, 15182.0], [2273.5, 30471.0], [2272.5, 30512.0]], "asks": [[2303.75, 1925.0], [2304.0, 420.0], [2304.25, 1698.0], [2304.5, 3075.0], [2304.75, 5948.0], [2305.0, 388.0], [2305.25, 3516.0], [2305.5, 12479.0], [2305.75, 21465.0], [2310.75, 40000.0], [2311.0, 400.0], [2314.5, 40000.0], [2315.0, 1176.0], [2317.25, 40000.0], [2320.0, 45.0], [2329.0, 13.0], [2329.25, 18821.0], [2331.75, 5009.0], [2334.5, 15320.0], [2335.25, 181.0]]}}}
{"jsonrpc": "2.0", "method": "subscription", "params": {"channel": "book.ETH-6FEB26.none.20.100ms", "data": {"timestamp": 1769996495072, "change_id": 107136105809, "instrument_name": "ETH-6FEB26", "bids": [[2301.0, 6577.0], [2300.75, 2402.0], [2300.5, 3313.0], [2297.5, 987.0], [2297.25, 3308.0], [2295.5, 752.0], [2295.25, 13118.0], [2295.0, 40000.0], [2294.75, 7280.0], [2293.75, 19437.0], [2290.75, 11.0], [2290.5, 4705.0], [2290.25, 40000.0], [2287.75, 500.0], [2287.0, 40000.0], [2283.5, 10042.0], [2277.0, 45.0], [2274.75, 18822.0], [2273.5, 20096.0], [2272.0, 181.0]], "asks": [[2301.75, 2078.0], [2302.0, 2025.0], [2302.25, 2744.0], [2302.5, 1600.0], [2302.75, 1818.0], [2303.0, 6090.0], [2303.25, 478.0], [2303.5, 1600.0], [2303.75, 2117.0], [2304.0, 7569.0], [2304.25, 8007.0], [2304.5, 21465.0], [2307.75, 40000.0], [2308.25, 400.0], [2313.5, 40000.0], [2316.0, 40013.0], [2316.25, 4705.0], [2320.25, 45.0], [2321.25, 18821.0], [2325.25, 1176.0]]}}}
{"jsonrpc": "2.0", "method": "subscription", "params": {"channel": "book.ETH-13FEB26.none.20.100ms", "data": {"timestamp": 1769996495412, "change_id": 107136106736, "instrument_name": "ETH-13FEB26", "bids": [[2303.75, 880.0], [2303.5, 7636.0], [2303.25, 3994.0], [2303.0, 7209.0], [2299.5, 2180.0], [2299.25, 7303.0], [2299.0, 351.0], [2298.75, 1176.0], [2298.25, 2.0], [2297.25, 11940.0], [2297.0, 40000.0], [2296.0, 400.0], [2295.5, 19817.0], [2293.75, 11.0], [2291.5, 4705.0], [2291.25, 40000.0], [2287.5, 40000.0], [2278.0, 45.0], [2275.5, 18822.0], [2274.25, 15182.0]], "asks": [[2304.25, 1698.0], [2304.5, 1332.0], [2305.0, 2114.0], [2305.25, 7248.0], [2305.5, 5056.0], [2305.75, 21465.0], [2307.5, 2200.0], [2307.75, 7369.0], [2310.75, 40000.0], [2311.0, 400.0], [2314.5, 40000.0], [2315.0, 1176.0], [2317.25, 40000.0], [2320.0, 45.0], [2329.0, 13.0], [2329.25, 18821.0], [2331.75, 5009.0], [2334.5, 15320.0], [2335.25, 181.0], [2335.5, 30649.0]]}}}
{"jsonrpc": "2.0", "method": "subscription", "params": {"channel": "book.ETH-6FEB26.none.20.100ms", "data": {"timestamp": 1769996495391, "change_id": 107136106671, "instrument_name": "ETH-6FEB26", "bids": [[2301.75, 2629.0], [2301.5, 8168.0], [2301.25, 2203.0], [2301.0, 2712.0], [2300.75, 2370.0], [2300.5, 3313.0], [2298.0, 2115.0], [2297.75, 7084.0], [2297.5, 987.0], [2297.25, 3308.0], [2295.5, 752.0], [2295.25, 13118.0], [2295.0, 40000.0], [2293.75, 19437.0], [2290.75, 11.0], [2290.5, 4705.0], [2290.25, 40000.0], [2287.75, 500.0], [2287.0, 40000.0], [2283.5, 10042.0]], "asks": [[2302.25, 2087.0], [2302.5, 2078.0], [2302.75, 3450.0], [2303.0, 6090.0], [2303.25, 478.0], [2303.5, 1600.0], [2304.25, 6407.0], [2304.5, 21465.0], [2306.0, 7293.0], [2307.75, 40000.0], [2308.25, 400.0], [2313.5, 40000.0], [2316.0, 40013.0], [2316.25, 4705.0], [2320.25, 45.0], [2321.25, 18821.0], [2325.25, 1176.0], [2329.5, 19482.0], [2332.75, 181.0], [2333.0, 20152.0]]}}}
{"jsonrpc": "2.0", "method": "subscription", "params": {"channel": "book.ETH-13FEB26.none.20.100ms", "data": {"timestamp": 1769996495729, "change_id": 107136107591, "instrument_name": "ETH-13FEB26", "bids": [[2303.5, 7330.0], [2303.25, 9283.0], [2303.0, 625.0], [2299.5, 2180.0], [2299.25, 7303.0], [2299.0, 351.0], [2298.75, 1176.0], [2298.25, 2.0], [2297.5, 2.0], [2297.25, 11940.0], [2297.0, 40000.0], [2296.0, 400.0], [2295.5, 19817.0], [2293.75, 11.0], [2291.5, 4705.0], [2291.25, 40000.0], [2287.5, 40000.0], [2285.5, 4990.0], [2278.0, 45.0], [2275.75, 4953.0]], "asks": [[2304.0, 1925.0], [2304.25, 1698.0], [2304.5, 1332.0], [2305.0, 2114.0], [2305.25, 7248.0], [2305.5, 5056.0], [2305.75, 28582.0], [2310.75, 40000.0], [2311.0, 400.0], [2314.5, 40000.0], [2315.0, 1176.0], [2317.25, 40000.0], [2320.0, 45.0], [2329.0, 13.0], [2329.25, 18821.0], [2331.75, 5009.0], [2334.5, 15320.0], [2335.25, 181.0], [2335.5, 30649.0], [2336.25, 30219.0]]}}}
{"jsonrpc": "2.0", "method": "subscription", "params": {"channel": "book.ETH-6FEB26.none.20.100ms", "data": {"timestamp": 1769996495725, "change_id": 107136107586, "instrument_name": "ETH-6FEB26", "bids": [[2301.5, 14748.0], [2301.25, 2828.0], [2301.0, 2087.0], [2300.75, 2370.0], [2300.5, 3313.0], [2298.0, 2115.0], [2297.75, 7084.0], [2297.5, 987.0], [2297.25, 3308.0], [2295.5, 752.0], [2295.25, 13118.0], [2295.0, 40000.0], [2293.75, 19437.0], [2290.75, 11.0], [2290.5, 4705.0], [2290.25, 40000.0], [2287.75, 500.0], [2287.0, 40000.0], [2283.5, 10042.0], [2277.0, 45.0]], "asks": [[2302.25, 2712.0], [2302.5, 2110.0], [2302.75, 3418.0], [2303.0, 6090.0], [2303.25, 478.0], [2303.5, 1600.0], [2304.0, 2138.0], [2304.25, 13571.0], [2304.5, 21465.0], [2307.75, 40000.0], [2308.25, 400.0], [2313.5, 40000.0], [2316.0, 40013.0], [2316.25, 4705.0], [2320.25, 45.0], [2321.25, 18821.0], [2325.25, 1176.0], [2329.5, 19482.0], [2332.75, 181.0], [2333.0, 20152.0]]}}}
{"jsonrpc": "2.0", "method": "subscription", "params": {"channel": "book.ETH-13FEB26.none.20.100ms", "data": {"timestamp": 1769996495980, "change_id": 107136108005, "instrument_name": "ETH-13FEB26", "bids": [[2303.25, 2667.0], [2303.0, 6573.0], [2302.75, 32.0], [2302.5, 388.0], [2302.25, 1300.0], [2302.0, 1964.0], [2301.75, 6580.0], [2299.5, 2180.0], [2299.25, 7303.0], [2299.0, 351.0], [2298.75, 1176.0], [2298.25, 2.0], [2297.5, 11.0], [2297.25, 11940.0], [2297.0, 40000.0], [2296.0, 400.0], [2295.5, 19817.0], [2293.75, 11.0], [2291.5, 4705.0], [2291.25, 40000.0]], "asks": [[2304.0, 2313.0], [2304.25, 1332.0], [2304.5, 388.0], [2304.75, 1300.0], [2305.0, 2114.0], [2305.25, 7248.0], [2305.5, 5056.0], [2305.75, 28582.0], [2310.75, 40000.0], [2311.0, 400.0], [2314.5, 40000.0], [2315.0, 1176.0], [2317.25, 40000.0], [2320.0, 45.0], [2329.0, 13.0], [2329.25, 18821.0], [2331.75, 5009.0], [2334.5, 15320.0], [2335.25, 181.0], [2335.5, 30649.0]]}}}
{"jsonrpc": "2.0", "method": "subscription", "params": {"channel": "book.ETH-6FEB26.none.20.100ms", "data": {"timestamp": 1769996495941, "change_id": 107136107959, "instrument_name": "ETH-6FEB26", "bids": [[2301.5, 6764.0], [2301.25, 2828.0], [2301.0, 2087.0], [2300.75, 2370.0], [2300.5, 5276.0], [2300.25, 6575.0], [2298.0, 2115.0], [2297.75, 7084.0], [2297.5, 987.0], [2297.25, 3308.0], [2295.5, 752.0], [2295.25, 13118.0], [2295.0, 40000.0], [2293.75, 19437.0], [2290.75, 11.0], [2290.5, 4705.0], [2290.25, 40000.0], [2287.75, 500.0], [2287.0, 40000.0], [2283.5, 10042.0]], "asks": [[2302.0, 2622.0], [2302.25, 2087.0], [2302.5, 2110.0], [2302.75, 3418.0], [2303.0, 6090.0], [2303.25, 478.0], [2303.5, 1600.0], [2304.0, 2138.0], [2304.25, 13571.0], [2304.5, 21465.0], [2307.75, 40000.0], [2308.25, 400.0], [2313.5, 40000.0], [2316.0, 40013.0], [2316.25, 4705.0], [2320.25, 45.0], [2321.25, 18821.0], [2325.25, 1176.0], [2329.5, 19482.0], [2332.75, 181.0]]}}}
{"jsonrpc": "2.0", "method": "subscription", "params": {"channel": "book.ETH-13FEB26.none.20.100ms", "data": {"timestamp": 1769996496403, "change_id": 107136108747, "instrument_name": "ETH-13FEB26", "bids": [[2303.25, 1367.0], [2303.0, 6605.0], [2302.5, 388.0], [2302.25, 1300.0], [2302.0, 1964.0], [2301.75, 6580.0], [2299.0, 351.0], [2298.75, 1176.0], [2298.25, 2215.0], [2298.0, 7415.0], [2297.5, 11.0], [2297.25, 11940.0], [2297.0, 40000.0], [2296.0, 400.0], [2295.5, 19817.0], [2293.75, 11.0], [2291.5, 4705.0], [2291.25, 40000.0], [2287.5, 40000.0], [2285.5, 4990.0]], "asks": [[2304.0, 2313.0], [2304.25, 1332.0], [2304.5, 2114.0], [2304.75, 7248.0], [2305.0, 388.0], [2305.25, 1300.0], [2305.5, 7291.0], [2305.75, 28582.0], [2310.75, 40000.0], [2311.0, 400.0], [2314.5, 40000.0], [2315.0, 1176.0], [2317.25, 40000.0], [2320.0, 45.0], [2323.5, 36.0], [2329.0, 13.0], [2329.25, 18821.0], [2331.75, 5009.0], [2334.5, 15320.0], [2335.25, 181.0]]}}}
{"jsonrpc": "2.0", "method": "subscription", "params": {"channel": "book.ETH-6FEB26.none.20.100ms", "data": {"timestamp": 1769996496387, "change_id": 107136108737, "instrument_name": "ETH-6FEB26", "bids": [[2301.5, 6090.0], [2301.25, 2828.0], [2301.0, 2087.0], [2300.75, 2370.0], [2300.5, 5276.0], [2300.25, 6575.0], [2297.5, 987.0], [2297.25, 3308.0], [2296.5, 2167.0], [2296.25, 7261.0], [2295.5, 752.0], [2295.25, 13118.0], [2295.0, 40000.0], [2293.75, 19437.0], [2290.75, 11.0], [2290.5, 4705.0], [2290.25, 40000.0], [2287.75, 500.0], [2287.0, 40000.0], [2283.5, 10042.0]], "asks": [[2302.0, 2622.0], [2302.25, 2087.0], [2302.5, 2110.0], [2302.75, 3418.0], [2303.0, 6090.0], [2303.5, 478.0], [2303.75, 1600.0], [2304.0, 2138.0], [2304.25, 13571.0], [2304.5, 21465.0], [2307.75, 40000.0], [2308.25, 400.0], [2313.5, 40000.0], [2316.0, 40013.0], [2316.25, 4705.0], [2320.25, 45.0], [2321.25, 18821.0], [2325.25, 1176.0], [2329.5, 19482.0], [2332.75, 181.0]]}}}
{"jsonrpc": "2.0", "method": "subscription", "params": {"channel": "book.ETH-13FEB26.none.20.100ms", "data": {"timestamp": 1769996496723, "change_id": 107136110004, "instrument_name": "ETH-13FEB26", "bids": [[2303.0, 5948.0], [2302.5, 1045.0], [2302.25, 1300.0], [2302.0, 1964.0], [2301.75, 6580.0], [2299.5, 2220.0], [2299.25, 7437.0], [2299.0, 351.0], [2298.75, 1176.0], [2298.25, 2.0], [2297.5, 11.0], [2297.25, 11940.0], [2297.0, 40000.0], [2296.0, 400.0], [2295.5, 19817.0], [2293.75, 11.0], [2291.5, 4705.0], [2291.25, 40000.0], [2287.5, 40000.0], [2285.25, 4990.0]], "asks": [[2303.5, 1925.0], [2303.75, 1300.0], [2304.0, 2254.0], [2304.25, 9249.0], [2304.5, 2114.0], [2304.75, 7248.0], [2305.0, 388.0], [2305.25, 1300.0], [2305.5, 7291.0], [2305.75, 28582.0], [2310.75, 40000.0], [2311.0, 400.0], [2314.5, 40000.0], [2315.0, 1176.0], [2317.25, 40000.0], [2320.0, 45.0], [2323.5, 36.0], [2329.0, 13.0], [2329.25, 18821.0], [2331.75, 5009.0]]}}}
{"jsonrpc": "2.0", "method": "subscription", "params": {"channel": "book.ETH-6FEB26.none.20.100ms", "data": {"timestamp": 1769996496609, "change_id": 107136109994, "instrument_name": "ETH-6FEB26", "bids": [[2301.25, 1994.0], [2301.0, 8177.0], [2300.75, 3027.0], [2300.5, 5276.0], [2300.25, 6575.0], [2297.75, 2115.0], [2297.5, 8072.0], [2297.25, 3308.0], [2295.5, 752.0], [2295.25, 13118.0], [2295.0, 40000.0], [2293.75, 19437.0], [2290.75, 11.0], [2290.5, 4705.0], [2290.25, 40000.0], [2287.75, 500.0], [2287.0, 40000.0], [2283.5, 10042.0], [2277.0, 45.0], [2274.75, 18822.0]], "asks": [[2301.75, 2703.0], [2302.0, 3561.0], [2302.25, 10061.0], [2302.5, 2078.0], [2302.75, 3418.0], [2303.0, 6090.0], [2303.5, 478.0], [2303.75, 1600.0], [2304.0, 2138.0], [2304.25, 13571.0], [2304.5, 21465.0], [2307.75, 40000.0], [2308.25, 400.0], [2313.5, 40000.0], [2316.0, 40013.0], [2316.25, 4705.0], [2320.25, 45.0], [2321.25, 18821.0], [2325.25, 1176.0], [2329.5, 19482.0]]}}}
{"jsonrpc": "2.0", "method": "subscription", "params": {"channel": "book.ETH-13FEB26.none.20.100ms", "data": {"timestamp": 1769996497036, "change_id": 107136110846, "instrument_name": "ETH-13FEB26", "bids": [[2303.25, 2952.0], [2303.0, 6605.0], [2302.5, 388.0], [2302.25, 1688.0], [2302.0, 3264.0], [2301.75, 6580.0], [2299.5, 2220.0], [2299.25, 7437.0], [2299.0, 351.0], [2298.75, 1176.0], [2298.25, 2.0], [2297.5, 11.0], [2297.25, 11940.0], [2297.0, 40000.0], [2296.0, 400.0], [2295.5, 19817.0], [2293.75, 11.0], [2291.5, 4705.0], [2291.25, 40000.0], [2287.75, 36.0]], "asks": [[2303.75, 1300.0], [2304.0, 1013.0], [2304.25, 1698.0], [2304.5, 3446.0], [2304.75, 7248.0], [2305.0, 388.0], [2305.25, 1300.0], [2305.5, 7291.0], [2305.75, 28582.0], [2310.75, 40000.0], [2311.0, 400.0], [2314.5, 40000.0], [2315.0, 1176.0], [2317.25, 40000.0], [2320.0, 45.0], [2323.5, 36.0], [2329.0, 13.0], [2329.25, 18821.0], [2331.75, 5009.0], [2334.5, 15320.0]]}}}
{"jsonrpc": "2.0", "method": "subscription", "params": {"channel": "book.ETH-6FEB26.none.20.100ms", "data": {"timestamp": 1769996497012, "change_id": 107136110833, "instrument_name": "ETH-6FEB26", "bids": [[2301.5, 2057.0], [2301.25, 3046.0], [2301.0, 8802.0], [2300.75, 2370.0], [2300.5, 5276.0], [2300.25, 6575.0], [2297.75, 2115.0], [2297.5, 8072.0], [2297.25, 3308.0], [2295.5, 752.0], [2295.25, 13118.0], [2295.0, 40000.0], [2293.75, 19437.0], [2290.75, 11.0], [2290.5, 4705.0], [2290.25, 40000.0], [2287.75, 500.0], [2287.0, 40000.0], [2283.5, 10042.0], [2277.0, 45.0]], "asks": [[2302.0, 1997.0], [2302.25, 2712.0], [2302.5, 2110.0], [2302.75, 3418.0], [2303.0, 6090.0], [2303.5, 478.0], [2303.75, 1600.0], [2304.0, 2138.0], [2304.25, 13571.0], [2304.5, 21465.0], [2307.75, 40000.0], [2308.25, 400.0], [2313.5, 40000.0], [2316.0, 40013.0], [2316.25, 4705.0], [2320.25, 45.0], [2321.25, 18821.0], [2325.25, 1176.0], [2329.5, 19482.0], [2332.75, 181.0]]}}}
{"jsonrpc": "2.0", "method": "subscription", "params": {"channel": "book.ETH-13FEB26.none.20.100ms", "data": {"timestamp": 1769996497327, "change_id": 107136111513, "instrument_name": "ETH-13FEB26", "bids": [[2303.25, 1652.0], [2303.0, 5980.0], [2302.75, 625.0], [2302.5, 388.0], [2302.25, 1688.0], [2302.0, 3264.0], [2301.75, 6580.0], [2299.5, 2220.0], [2299.25, 7437.0], [2299.0, 351.0], [2298.75, 1176.0], [2298.25, 2.0], [2297.5, 11.0], [2297.25, 11940.0], [2297.0, 40000.0], [2296.0, 400.0], [2295.5, 19817.0], [2293.75, 11.0], [2291.5, 4705.0], [2291.25, 40000.0]], "asks": [[2303.75, 1925.0], [2304.0, 388.0], [2304.25, 1730.0], [2304.5, 3414.0], [2304.75, 7248.0], [2305.0, 388.0], [2305.25, 1300.0], [2305.5, 7291.0], [2305.75, 28582.0], [2310.75, 40000.0], [2311.0, 400.0], [2314.5, 40000.0], [2315.0, 1176.0], [2317.25, 40000.0], [2320.0, 45.0], [2323.5, 36.0], [2329.0, 13.0], [2329.25, 18821.0], [2331.75, 5009.0], [2334.5, 15320.0]]}}}
{"jsonrpc": "2.0", "method": "subscription", "params": {"channel": "book.ETH-6FEB26.none.20.100ms", "data": {"timestamp": 1769996497249, "change_id": 107136111494, "instrument_name": "ETH-6FEB26", "bids": [[2301.25, 3014.0], [2301.0, 8834.0], [2300.75, 2968.0], [2300.5, 6876.0], [2300.25, 6575.0], [2297.75, 2115.0], [2297.5, 8072.0], [2297.25, 3308.0], [2295.5, 752.0], [2295.25, 13118.0], [2295.0, 40000.0], [2293.75, 19437.0], [2290.75, 11.0], [2290.5, 4705.0], [2290.25, 40000.0], [2287.75, 500.0], [2287.0, 40000.0], [2283.5, 10042.0], [2277.0, 45.0], [2274.75, 18822.0]], "asks": [[2301.75, 1975.0], [2302.0, 2838.0], [2302.25, 2087.0], [2302.5, 2110.0], [2302.75, 3418.0], [2303.0, 6090.0], [2303.5, 478.0], [2303.75, 2078.0], [2304.0, 3738.0], [2304.25, 13571.0], [2304.5, 21465.0], [2307.75, 40000.0], [2308.25, 400.0], [2313.5, 40000.0], [2316.0, 40013.0], [2316.25, 4705.0], [2320.25, 45.0], [2321.25, 18821.0], [2325.25, 1176.0], [2329.5, 19482.0]]}}}
{"jsonrpc": "2.0", "method": "subscription", "params": {"channel": "book.ETH-13FEB26.none.20.100ms", "data": {"timestamp": 1769996497634, "change_id": 107136111857, "instrument_name": "ETH-13FEB26", "bids": [[2303.25, 1652.0], [2303.0, 5980.0], [2302.75, 1013.0], [2302.5, 1688.0], [2302.25, 1688.0], [2302.0, 3264.0], [2301.75, 6580.0], [2299.5, 2220.0], [2299.25, 7437.0], [2299.0, 351.0], [2298.75, 1176.0], [2298.25, 2.0], [2297.5, 11.0], [2297.25, 11940.0], [2297.0, 40000.0], [2296.0, 400.0], [2295.5, 19817.0], [2293.75, 11.0], [2291.5, 4705.0], [2291.25, 40000.0]], "asks": [[2303.75, 1925.0], [2304.0, 388.0], [2304.25, 1730.0], [2304.5, 3414.0], [2304.75, 7248.0], [2305.0, 388.0], [2305.25, 1300.0], [2305.5, 7291.0], [2305.75, 28582.0], [2310.75, 40000.0], [2311.0, 400.0], [2314.5, 40000.0], [2315.0, 1176.0], [2317.25, 40000.0], [2320.0, 45.0], [2323.5, 36.0], [2329.0, 13.0], [2329.25, 18821.0], [2331.75, 5009.0], [2334.5, 15320.0]]}}}
{"jsonrpc": "2.0", "method": "subscription", "params": {"channel": "book.ETH-13FEB26.none.20.100ms", "data": {"timestamp": 1769996497957, "change_id": 107136112481, "instrument_name": "ETH-13FEB26", "bids": [[2303.25, 2952.0], [2303.0, 5948.0], [2302.75, 2345.0], [2302.5, 3236.0], [2302.25, 7880.0], [2299.5, 2220.0], [2299.25, 7437.0], [2299.0, 351.0], [2298.75, 1176.0], [2298.25, 2.0], [2297.5, 11.0], [2297.25, 11940.0], [2297.0, 40000.0], [2296.0, 400.0], [2295.5, 19817.0], [2293.75, 11.0], [2291.5, 4705.0], [2291.25, 40000.0], [2287.75, 36.0], [2287.5, 40000.0]], "asks": [[2303.75, 1925.0], [2304.0, 388.0], [2304.25, 1730.0], [2304.5, 3414.0], [2304.75, 7248.0], [2305.0, 388.0], [2305.25, 1300.0], [2305.5, 7291.0], [2305.75, 28582.0], [2310.75, 40000.0], [2311.0, 400.0], [2314.5, 40000.0], [2315.0, 1176.0], [2317.25, 40000.0], [2320.0, 45.0], [2323.5, 36.0], [2329.0, 13.0], [2329.25, 18821.0], [2331.75, 5009.0], [2334.5, 15320.0]]}}}
{"jsonrpc": "2.0", "method": "subscription", "params": {"channel": "book.ETH-6FEB26.none.20.100ms", "data": {"timestamp": 1769996497958, "change_id": 107136112483, "instrument_name": "ETH-6FEB26", "bids": [[2301.25, 1414.0], [2301.0, 8834.0], [2300.75, 2968.0], [2300.5, 11489.0], [2297.75, 2115.0], [2297.5, 8072.0], [2297.25, 3308.0], [2295.5, 752.0], [2295.25, 13118.0], [2295.0, 40000.0], [2293.75, 19437.0], [2290.75, 11.0], [2290.5, 4705.0], [2290.25, 40000.0], [2287.75, 500.0], [2287.0, 40000.0], [2283.5, 10042.0], [2277.0, 45.0], [2274.75, 18822.0], [2273.5, 20096.0]], "asks": [[2301.75, 1975.0], [2302.0, 2838.0], [2302.25, 2119.0], [2302.5, 2078.0], [2302.75, 3418.0], [2303.0, 6090.0], [2303.5, 478.0], [2303.75, 2078.0], [2304.0, 3738.0], [2304.25, 13571.0], [2304.5, 21465.0], [2307.75, 40000.0], [2308.25, 400.0], [2313.5, 40000.0], [2316.0, 40013.0], [2316.25, 4705.0], [2320.25, 45.0], [2321.25, 18821.0], [2325.25, 1176.0], [2329.5, 19482.0]]}}}
{"jsonrpc": "2.0", "method": "subscription", "params": {"channel": "book.ETH-13FEB26.none.20.100ms", "data": {"timestamp": 1769996498093, "change_id": 107136112740, "instrument_name": "ETH-13FEB26", "bids": [[2303.25, 2952.0], [2303.0, 6564.0], [2302.75, 2313.0], [2302.5, 3236.0], [2302.25, 7880.0], [2299.5, 2220.0], [2299.25, 7437.0], [2299.0, 351.0], [2298.75, 1176.0], [2298.25, 2.0], [2297.5, 11.0], [2297.25, 11940.0], [2297.0, 40000.0], [2296.0, 400.0], [2295.5, 19817.0], [2293.75, 11.0], [2291.5, 4705.0], [2291.25, 40000.0], [2287.75, 36.0], [2287.5, 40000.0]], "asks": [[2303.75, 1300.0], [2304.0, 388.0], [2304.25, 1730.0], [2304.5, 3414.0], [2304.75, 7248.0], [2305.0, 388.0], [2305.25, 1300.0], [2305.5, 7291.0], [2305.75, 28582.0], [2310.75, 40000.0], [2311.0, 400.0], [2314.5, 40000.0], [2315.0, 1176.0], [2317.25, 40000.0], [2320.0, 45.0], [2323.5, 36.0], [2329.0, 13.0], [2329.25, 18821.0], [2331.75, 5009.0], [2334.5, 15320.0]]}}}
{"jsonrpc": "2.0", "method": "subscription", "params": {"channel": "book.ETH-6FEB26.none.20.100ms", "data": {"timestamp": 1769996498252, "change_id": 107136113418, "instrument_name": "ETH-6FEB26", "bids": [[2301.25, 3804.0], [2301.0, 8177.0], [2300.75, 4098.0], [2300.5, 9889.0], [2297.75, 2115.0], [2297.5, 8072.0], [2297.25, 3308.0], [2295.5, 752.0], [2295.25, 13118.0], [2295.0, 40000.0], [2293.75, 19437.0], [2290.75, 11.0], [2290.5, 4705.0], [2290.25, 40000.0], [2287.75, 500.0], [2287.0, 40000.0], [2283.5, 10042.0], [2277.0, 45.0], [2274.75, 18822.0], [2273.5, 20096.0]], "asks": [[2302.0, 2631.0], [2302.25, 2087.0], [2302.5, 2110.0], [2302.75, 3418.0], [2303.0, 6090.0], [2303.25, 478.0], [2303.5, 2078.0], [2303.75, 2078.0], [2304.0, 3738.0], [2304.25, 13571.0], [2304.5, 21465.0], [2307.75, 40000.0], [2308.25, 400.0], [2313.5, 40000.0], [2316.0, 40013.0], [2316.25, 4705.0], [2319.0, 36.0], [2320.25, 45.0], [2321.25, 18821.0], [2325.25, 1176.0]]}}}
{"jsonrpc": "2.0", "method": "subscription", "params": {"channel": "book.ETH-13FEB26.none.20.100ms", "data": {"timestamp": 1769996498428, "change_id": 107136113478, "instrument_name": "ETH-13FEB26", "bids": [[2303.25, 2952.0], [2303.0, 6564.0], [2302.75, 2313.0], [2302.5, 3236.0], [2302.25, 7880.0], [2299.5, 2220.0], [2299.25, 7437.0], [2299.0, 351.0], [2298.75, 1176.0], [2298.25, 2.0], [2297.5, 11.0], [2297.25, 11940.0], [2297.0, 40000.0], [2296.0, 400.0], [2295.5, 19817.0], [2293.75, 11.0], [2291.5, 4705.0], [2291.25, 40000.0], [2287.75, 36.0], [2287.5, 40000.0]], "asks": [[2303.75, 1925.0], [2304.0, 388.0], [2304.25, 1730.0], [2304.5, 3414.0], [2304.75, 7248.0], [2305.0, 388.0], [2305.25, 1300.0], [2305.5, 7291.0], [2305.75, 28582.0], [2310.75, 40000.0], [2311.0, 400.0], [2314.5, 40000.0], [2315.0, 1176.0], [2317.25, 40000.0], [2320.0, 45.0], [2323.5, 36.0], [2329.0, 13.0], [2329.25, 18821.0], [2331.75, 5009.0], [2334.5, 15320.0]]}}}
{"jsonrpc": "2.0", "method": "subscription", "params": {"channel": "book.ETH-6FEB26.none.20.100ms", "data": {"timestamp": 1769996498701, "change_id": 107136113911, "instrument_name": "ETH-6FEB26", "bids": [[2301.5, 1824.0], [2301.25, 3804.0], [2301.0, 8802.0], [2300.75, 4098.0], [2300.5, 9889.0], [2297.75, 2115.0], [2297.5, 8072.0], [2297.25, 3308.0], [2295.5, 752.0], [2295.25, 13118.0], [2295.0, 40000.0], [2293.75, 19437.0], [2290.75, 11.0], [2290.5, 4705.0], [2290.25, 40000.0], [2287.75, 500.0], [2287.0, 40000.0], [2283.5, 10042.0], [2277.0, 45.0], [2275.0, 36.0]], "asks": [[2302.0, 2631.0], [2302.25, 2087.0], [2302.5, 2110.0], [2302.75, 3418.0], [2303.0, 6090.0], [2303.25, 478.0], [2303.5, 2078.0], [2303.75, 2078.0], [2304.0, 3738.0], [2304.25, 13571.0], [2304.5, 21465.0], [2307.75, 40000.0], [2308.25, 400.0], [2313.5, 40000.0], [2316.0, 40013.0], [2316.25, 4705.0], [2319.0, 36.0], [2320.25, 45.0], [2321.25, 18821.0], [2325.25, 1176.0]]}}}
{"jsonrpc": "2.0", "method": "subscription", "params": {"channel": "book.ETH-13FEB26.none.20.100ms", "data": {"timestamp": 1769996498946, "change_id": 107136114501, "instrument_name": "ETH-13FEB26", "bids": [[2303.25, 2952.0], [2303.0, 8293.0], [2302.75, 1688.0], [2302.5, 3236.0], [2302.25, 6580.0], [2299.5, 2220.0], [2299.25, 7437.0], [2299.0, 351.0], [2298.75, 1176.0], [2298.25, 2.0], [2297.5, 11.0], [2297.25, 11940.0], [2297.0, 40000.0], [2296.0, 400.0], [2295.5, 19817.0], [2293.75, 11.0], [2291.5, 4705.0], [2291.25, 40000.0], [2287.75, 36.0], [2287.5, 40000.0]], "asks": [[2303.75, 1300.0], [2304.0, 1013.0], [2304.25, 1730.0], [2304.5, 3414.0], [2304.75, 7248.0], [2305.0, 388.0], [2305.25, 1300.0], [2305.5, 7291.0], [2305.75, 28582.0], [2310.75, 40000.0], [2311.0, 400.0], [2314.5, 40000.0], [2315.0, 1176.0], [2317.25, 40000.0], [2320.0, 45.0], [2323.5, 36.0], [2329.0, 13.0], [2329.25, 18821.0], [2331.75, 5009.0], [2334.5, 15320.0]]}}}
{"jsonrpc": "2.0", "method": "subscription", "params": {"channel": "book.ETH-6FEB26.none.20.100ms", "data": {"timestamp": 1769996498887, "change_id": 107136114369, "instrument_name": "ETH-6FEB26", "bids": [[2301.5, 1600.0], [2301.25, 4429.0], [2301.0, 8177.0], [2300.75, 4098.0], [2300.5, 9889.0], [2297.75, 2115.0], [2297.5, 8072.0], [2297.25, 3308.0], [2295.5, 752.0], [2295.25, 13118.0], [2295.0, 40000.0], [2293.75, 19437.0], [2290.75, 11.0], [2290.5, 4705.0], [2290.25, 40000.0], [2287.75, 500.0], [2287.0, 40000.0], [2283.5, 10042.0], [2277.0, 45.0], [2275.0, 36.0]], "asks": [[2302.0, 2631.0], [2302.25, 2087.0], [2302.5, 2110.0], [2302.75, 3418.0], [2303.0, 6090.0], [2303.25, 478.0], [2303.5, 2078.0], [2303.75, 2078.0], [2304.0, 3738.0], [2304.25, 13571.0], [2304.5, 21465.0], [2307.75, 40000.0], [2308.25, 400.0], [2313.5, 40000.0], [2316.0, 40013.0], [2316.25, 4705.0], [2319.0, 36.0], [2320.25, 45.0], [2321.25, 18821.0], [2325.25, 1176.0]]}}}
{"jsonrpc": "2.0", "method": "subscription", "params": {"channel": "book.ETH-13FEB26.none.20.100ms", "data": {"timestamp": 1769996499109, "change_id": 107136114824, "instrument_name": "ETH-13FEB26", "bids": [[2303.25, 2952.0], [2303.0, 8293.0], [2302.75, 1688.0], [2302.5, 3236.0], [2302.25, 6580.0], [2299.5, 2220.0], [2299.25, 7437.0], [2299.0, 351.0], [2298.75, 1176.0], [2298.25, 2.0], [2297.5, 11.0], [2297.25, 11940.0], [2297.0, 40000.0], [2296.0, 400.0], [2295.5, 19817.0], [2293.75, 11.0], [2291.5, 4705.0], [2291.25, 40000.0], [2287.75, 36.0], [2287.5, 40000.0]], "asks": [[2303.75, 1925.0], [2304.0, 388.0], [2304.25, 1730.0], [2304.5, 3414.0], [2304.75, 7248.0], [2305.0, 388.0], [2305.25, 1300.0], [2305.5, 7291.0], [2305.75, 28582.0], [2310.75, 40000.0], [2311.0, 400.0], [2314.5, 40000.0], [2315.0, 1176.0], [2317.25, 40000.0], [2320.0, 45.0], [2323.5, 36.0], [2329.0, 13.0], [2329.25, 18821.0], [2331.75, 5009.0], [2334.5, 15320.0]]}}}
{"jsonrpc": "2.0", "method": "subscription", "params": {"channel": "book.ETH-6FEB26.none.20.100ms", "data": {"timestamp": 1769996499223, "change_id": 107136114977, "instrument_name": "ETH-6FEB26", "bids": [[2301.5, 1600.0], [2301.25, 4429.0], [2301.0, 8177.0], [2300.75, 4098.0], [2300.5, 9889.0], [2297.75, 2115.0], [2297.5, 8072.0], [2297.25, 3308.0], [2295.5, 752.0], [2295.25, 13118.0], [2295.0, 40000.0], [2293.75, 19437.0], [2290.75, 11.0], [2290.5, 4705.0], [2290.25, 40000.0], [2287.75, 500.0], [2287.0, 40000.0], [2283.5, 10042.0], [2277.0, 45.0], [2275.0, 36.0]], "asks": [[2302.0, 2631.0], [2302.25, 2087.0], [2302.5, 2110.0], [2302.75, 3418.0], [2303.0, 8168.0], [2303.25, 2078.0], [2303.5, 2078.0], [2303.75, 2078.0], [2304.0, 3738.0], [2304.25, 13571.0], [2304.5, 21465.0], [2307.75, 40000.0], [2308.25, 400.0], [2313.5, 40000.0], [2316.0, 40013.0], [2316.25, 4705.0], [2319.0, 36.0], [2320.25, 45.0], [2321.25, 18821.0], [2325.25, 1176.0]]}}}
{"jsonrpc": "2.0", "method": "subscription", "params": {"channel": "book.ETH-13FEB26.none.20.100ms", "data": {"timestamp": 1769996499881, "change_id": 107136116078, "instrument_name": "ETH-13FEB26", "bids": [[2303.25, 2952.0], [2303.0, 8293.0], [2302.75, 1688.0], [2302.5, 3236.0], [2302.25, 6580.0], [2299.5, 2220.0], [2299.25, 7437.0], [2299.0, 351.0], [2298.75, 1176.0], [2298.25, 2.0], [2297.5, 11.0], [2297.25, 11940.0], [2297.0, 40000.0], [2296.0, 400.0], [2295.5, 19817.0], [2293.75, 11.0], [2291.5, 4705.0], [2291.25, 40000.0], [2287.75, 36.0], [2287.5, 40000.0]], "asks": [[2303.75, 1925.0], [2304.0, 388.0], [2304.25, 1730.0], [2304.5, 3414.0], [2304.75, 7248.0], [2305.0, 388.0], [2305.25, 1300.0], [2305.5, 7291.0], [2305.75, 28582.0], [2310.75, 40000.0], [2311.0, 400.0], [2314.5, 40000.0], [2315.0, 1176.0], [2317.25, 40000.0], [2320.0, 45.0], [2323.5, 36.0], [2329.0, 13.0], [2329.25, 18821.0], [2331.75, 5009.0], [2334.5, 15320.0]]}}}
{"jsonrpc": "2.0", "method": "subscription", "params": {"channel": "book.ETH-6FEB26.none.20.100ms", "data": {"timestamp": 1769996500010, "change_id": 107136116164, "instrument_name": "ETH-6FEB26", "bids": [[2301.5, 2087.0], [2301.25, 3804.0], [2301.0, 8802.0], [2300.75, 4098.0], [2300.5, 9889.0], [2297.75, 2115.0], [2297.5, 8072.0], [2297.25, 3308.0], [2295.5, 752.0], [2295.25, 13118.0], [2295.0, 40000.0], [2293.75, 19437.0], [2290.75, 11.0], [2290.5, 4705.0], [2290.25, 40000.0], [2287.75, 500.0], [2287.0, 40000.0], [2283.5, 10042.0], [2277.0, 45.0], [2275.0, 36.0]], "asks": [[2302.0, 2631.0], [2302.25, 2087.0], [2302.5, 2110.0], [2302.75, 3418.0], [2303.0, 8168.0], [2303.25, 2078.0], [2303.5, 2078.0], [2303.75, 2078.0], [2304.0, 3738.0], [2304.25, 13571.0], [2304.5, 21465.0], [2307.75, 40000.0], [2308.25, 400.0], [2313.5, 40000.0], [2316.0, 40013.0], [2316.25, 4705.0], [2319.0, 36.0], [2320.25, 45.0], [2321.25, 18821.0], [2325.25, 1176.0]]}}}
{"jsonrpc": "2.0", "method": "subscription", "params": {"channel": "book.ETH-13FEB26.none.20.100ms", "data": {"timestamp": 1769996500374, "change_id": 107136116795, "instrument_name": "ETH-13FEB26", "bids": [[2303.25, 1652.0], [2303.0, 7668.0], [2302.75, 1688.0], [2302.5, 3861.0], [2302.25, 6580.0], [2299.5, 2220.0], [2299.25, 7437.0], [2299.0, 351.0], [2298.75, 1176.0], [2298.25, 2.0], [2297.5, 11.0], [2297.25, 11940.0], [2297.0, 40000.0], [2296.0, 400.0], [2295.5, 19817.0], [2293.75, 11.0], [2291.5, 4705.0], [2291.25, 40000.0], [2287.75, 36.0], [2287.5, 40000.0]], "asks": [[2303.75, 1925.0], [2304.0, 388.0], [2304.25, 1730.0], [2304.5, 3414.0], [2304.75, 7248.0], [2305.0, 388.0], [2305.25, 1300.0], [2305.5, 7291.0], [2305.75, 28582.0], [2310.75, 40000.0], [2311.0, 400.0], [2312.0, 9.0], [2314.5, 40000.0], [2315.0, 1176.0], [2317.25, 40000.0], [2320.0, 45.0], [2323.5, 36.0], [2329.0, 13.0], [2329.25, 18821.0], [2331.75, 5009.0]]}}}
{"jsonrpc": "2.0", "method": "subscription", "params": {"channel": "book.ETH-6FEB26.none.20.100ms", "data": {"timestamp": 1769996500330, "change_id": 107136116786, "instrument_name": "ETH-6FEB26", "bids": [[2301.25, 3804.0], [2301.0, 8802.0], [2300.75, 4098.0], [2300.5, 9889.0], [2297.75, 2115.0], [2297.5, 8072.0], [2297.25, 3308.0], [2295.5, 752.0], [2295.25, 13118.0], [2295.0, 40000.0], [2293.75, 19437.0], [2290.75, 11.0], [2290.5, 4705.0], [2290.25, 40000.0], [2287.75, 500.0], [2287.0, 40000.0], [2283.5, 10042.0], [2277.0, 45.0], [2275.0, 36.0], [2274.75, 18822.0]], "asks": [[2301.75, 1923.0], [2302.0, 2631.0], [2302.25, 2087.0], [2302.5, 2110.0], [2302.75, 3418.0], [2303.0, 8168.0], [2303.25, 2078.0], [2303.5, 2078.0], [2303.75, 2078.0], [2304.0, 3738.0], [2304.25, 13571.0], [2304.5, 21465.0], [2307.75, 40000.0], [2308.25, 400.0], [2313.25, 9.0], [2313.5, 40000.0], [2316.0, 40013.0], [2316.25, 4705.0], [2319.0, 36.0], [2320.25, 45.0]]}}}
{"jsonrpc": "2.0", "method": "subscription", "params": {"channel": "book.ETH-13FEB26.none.20.100ms", "data": {"timestamp": 1769996500700, "change_id": 107136117392, "instrument_name": "ETH-13FEB26", "bids": [[2303.25, 1892.0], [2303.0, 7636.0], [2302.75, 2345.0], [2302.5, 3236.0], [2302.25, 6580.0], [2299.0, 351.0], [2298.75, 1176.0], [2298.25, 2.0], [2298.0, 2110.0], [2297.75, 7069.0], [2297.5, 11.0], [2297.25, 11940.0], [2297.0, 40000.0], [2296.0, 400.0], [2295.5, 19817.0], [2293.75, 11.0], [2291.5, 4705.0], [2291.25, 40000.0], [2287.75, 36.0], [2287.5, 40000.0]], "asks": [[2303.75, 1925.0], [2304.0, 388.0], [2304.25, 1730.0], [2304.5, 3414.0], [2304.75, 7248.0], [2305.0, 388.0], [2305.25, 1300.0], [2305.5, 7291.0], [2305.75, 28582.0], [2310.75, 40000.0], [2311.0, 400.0], [2312.0, 9.0], [2314.5, 40000.0], [2315.0, 1176.0], [2317.25, 40000.0], [2320.0, 45.0], [2323.5, 36.0], [2329.0, 13.0], [2329.25, 18821.0], [2331.75, 5009.0]]}}}
{"jsonrpc": "2.0", "method": "subscription", "params": {"channel": "book.ETH-6FEB26.none.20.100ms", "data": {"timestamp": 1769996500688, "change_id": 107136117288, "instrument_name": "ETH-6FEB26", "bids": [[2301.25, 2172.0], [2301.0, 8834.0], [2300.75, 4098.0], [2300.5, 9889.0], [2297.5, 987.0], [2297.25, 3308.0], [2296.5, 2227.0], [2296.25, 7459.0], [2295.5, 752.0], [2295.25, 13118.0], [2295.0, 40000.0], [2293.75, 19437.0], [2290.75, 11.0], [2290.5, 4705.0], [2290.25, 40000.0], [2287.75, 500.0], [2287.0, 40000.0], [2283.5, 10042.0], [2277.0, 45.0], [2275.0, 36.0]], "asks": [[2301.75, 478.0], [2302.0, 2222.0], [2302.25, 2744.0], [2302.5, 2078.0], [2302.75, 3418.0], [2303.0, 8168.0], [2303.25, 2078.0], [2303.5, 2078.0], [2303.75, 2078.0], [2304.0, 3738.0], [2304.25, 13571.0], [2304.5, 21465.0], [2307.75, 40000.0], [2308.25, 400.0], [2313.25, 9.0], [2313.5, 40000.0], [2316.0, 40013.0], [2316.25, 4705.0], [2319.0, 36.0], [2320.25, 45.0]]}}}
{"jsonrpc": "2.0", "method": "subscription", "params": {"channel": "book.ETH-13FEB26.none.20.100ms", "data": {"timestamp": 1769996500925, "change_id": 107136117947, "instrument_name": "ETH-13FEB26", "bids": [[2303.5, 7636.0], [2303.25, 1924.0], [2303.0, 2313.0], [2302.75, 1688.0], [2302.5, 3236.0], [2302.25, 6580.0], [2299.5, 2224.0], [2299.25, 7449.0], [2299.0, 351.0], [2298.75, 1176.0], [2298.25, 2.0], [2297.5, 11.0], [2297.25, 11940.0], [2297.0, 40000.0], [2296.0, 400.0], [2295.5, 19817.0], [2293.75, 11.0], [2291.5, 4705.0], [2291.25, 40000.0], [2287.75, 36.0]], "asks": [[2304.25, 2323.0], [2304.5, 1688.0], [2304.75, 1720.0], [2305.0, 3414.0], [2305.25, 7248.0], [2305.5, 7291.0], [2305.75, 28582.0], [2310.75, 40000.0], [2311.0, 400.0], [2312.0, 9.0], [2314.5, 40000.0], [2315.0, 1176.0], [2317.25, 40000.0], [2320.0, 45.0], [2323.5, 36.0], [2329.0, 13.0], [2329.25, 18821.0], [2331.75, 5009.0], [2334.5, 15320.0], [2335.25, 326.0]]}}}
{"jsonrpc": "2.0", "method": "subscription", "params": {"channel": "book.ETH-6FEB26.none.20.100ms", "data": {"timestamp": 1769996501002, "change_id": 107136118243, "instrument_name": "ETH-6FEB26", "bids": [[2301.75, 2721.0], [2301.5, 7722.0], [2301.25, 614.0], [2301.0, 2712.0], [2300.75, 4098.0], [2300.5, 9889.0], [2298.0, 2200.0], [2297.75, 7370.0], [2297.5, 987.0], [2297.25, 3308.0], [2295.5, 752.0], [2295.25, 13118.0], [2295.0, 40000.0], [2293.75, 19437.0], [2290.75, 11.0], [2290.5, 4705.0], [2290.25, 40000.0], [2287.75, 500.0], [2287.0, 40000.0], [2283.5, 10042.0]], "asks": [[2302.25, 625.0], [2302.5, 2078.0], [2302.75, 2110.0], [2303.0, 2078.0], [2303.25, 3834.0], [2303.5, 8168.0], [2303.75, 2078.0], [2304.0, 3738.0], [2304.25, 13571.0], [2304.5, 21465.0], [2307.75, 40000.0], [2308.25, 400.0], [2313.25, 9.0], [2313.5, 40000.0], [2316.0, 40013.0], [2316.25, 4705.0], [2319.0, 36.0], [2320.25, 45.0], [2321.25, 18821.0], [2325.25, 1176.0]]}}}
{"jsonrpc": "2.0", "method": "subscription", "params": {"channel": "book.ETH-13FEB26.none.20.100ms", "data": {"timestamp": 1769996501368, "change_id": 107136119363, "instrument_name": "ETH-13FEB26", "bids": [[2303.25, 1892.0], [2303.0, 8293.0], [2302.75, 1688.0], [2302.5, 3236.0], [2302.25, 6580.0], [2299.5, 2224.0], [2299.25, 7449.0], [2299.0, 351.0], [2298.75, 1176.0], [2298.25, 2.0], [2297.5, 11.0], [2297.25, 11940.0], [2297.0, 40000.0], [2296.0, 400.0], [2295.5, 19817.0], [2293.75, 11.0], [2291.5, 4705.0], [2291.25, 40000.0], [2287.75, 36.0], [2287.5, 40000.0]], "asks": [[2303.75, 1688.0], [2304.0, 1799.0], [2304.25, 2345.0], [2304.5, 1688.0], [2304.75, 1688.0], [2305.0, 3414.0], [2305.25, 7248.0], [2305.5, 7291.0], [2305.75, 28582.0], [2310.75, 40000.0], [2311.0, 400.0], [2312.0, 9.0], [2314.5, 40000.0], [2315.0, 1176.0], [2317.25, 40000.0], [2320.0, 45.0], [2323.5, 36.0], [2329.0, 13.0], [2329.25, 18821.0], [2331.75, 5009.0]]}}}
{"jsonrpc": "2.0", "method": "subscription", "params": {"channel": "book.ETH-6FEB26.none.20.100ms", "data": {"timestamp": 1769996501234, "change_id": 107136119005, "instrument_name": "ETH-6FEB26", "bids": [[2301.5, 7690.0], [2301.25, 2214.0], [2301.0, 2119.0], [2300.75, 4098.0], [2300.5, 9889.0], [2298.0, 2200.0], [2297.75, 7370.0], [2297.5, 987.0], [2297.25, 3308.0], [2295.5, 752.0], [2295.25, 13118.0], [2295.0, 40000.0], [2293.75, 19437.0], [2290.75, 11.0], [2290.5, 4705.0], [2290.25, 40000.0], [2287.75, 500.0], [2287.0, 40000.0], [2283.75, 10042.0], [2277.0, 45.0]], "asks": [[2302.0, 2078.0], [2302.25, 2175.0], [2302.5, 2735.0], [2302.75, 2078.0], [2303.0, 8168.0], [2303.25, 2078.0], [2303.5, 2078.0], [2303.75, 2078.0], [2304.0, 3738.0], [2304.25, 13571.0], [2304.5, 21465.0], [2307.75, 40000.0], [2308.25, 400.0], [2313.25, 9.0], [2313.5, 40000.0], [2316.0, 40013.0], [2316.25, 4705.0], [2319.0, 36.0], [2320.25, 45.0], [2321.25, 18821.0]]}}}
{"jsonrpc": "2.0", "method": "subscription", "params": {"channel": "book.ETH-13FEB26.none.20.100ms", "data": {"timestamp": 1769996501504, "change_id": 107136119525, "instrument_name": "ETH-13FEB26", "bids": [[2303.25, 2202.0], [2303.0, 8293.0], [2302.75, 1688.0], [2302.5, 3236.0], [2302.25, 6580.0], [2299.5, 2224.0], [2299.25, 7449.0], [2299.0, 351.0], [2298.75, 1176.0], [2298.25, 2.0], [2297.5, 11.0], [2297.25, 11940.0], [2297.0, 40000.0], [2296.0, 400.0], [2295.5, 19817.0], [2293.75, 11.0], [2291.5, 4705.0], [2291.25, 40000.0], [2287.75, 36.0], [2287.5, 40000.0]], "asks": [[2303.75, 1300.0], [2304.0, 2424.0], [2304.25, 1720.0], [2304.5, 1688.0], [2304.75, 1688.0], [2305.0, 3414.0], [2305.25, 7248.0], [2305.5, 7291.0], [2305.75, 28582.0], [2310.75, 40000.0], [2311.0, 400.0], [2312.0, 9.0], [2314.5, 40000.0], [2315.0, 1176.0], [2317.25, 40000.0], [2320.0, 45.0], [2323.5, 36.0], [2329.0, 13.0], [2329.25, 18821.0], [2331.75, 5009.0]]}}}
{"jsonrpc": "2.0", "method": "subscription", "params": {"channel": "book.ETH-6FEB26.none.20.100ms", "data": {"timestamp": 1769996501471, "change_id": 107136119441, "instrument_name": "ETH-6FEB26", "bids": [[2301.5, 7690.0], [2301.25, 2246.0], [2301.0, 2712.0], [2300.75, 4098.0], [2300.5, 9889.0], [2298.0, 2200.0], [2297.75, 7370.0], [2297.5, 987.0], [2297.25, 3308.0], [2295.5, 752.0], [2295.25, 13118.0], [2295.0, 40000.0], [2293.75, 19437.0], [2290.75, 20.0], [2290.5, 4705.0], [2290.25, 40000.0], [2287.75, 500.0], [2287.0, 40000.0], [2283.75, 10042.0], [2277.0, 45.0]], "asks": [[2302.0, 2703.0], [2302.25, 2175.0], [2302.5, 2110.0], [2302.75, 2078.0], [2303.0, 8168.0], [2303.25, 2078.0], [2303.5, 2078.0], [2303.75, 2078.0], [2304.0, 3738.0], [2304.25, 13571.0], [2304.5, 21465.0], [2307.75, 40000.0], [2308.25, 400.0], [2313.25, 9.0], [2313.5, 40000.0], [2316.0, 40013.0], [2316.25, 4705.0], [2319.0, 36.0], [2320.25, 45.0], [2321.25, 18821.0]]}}}
{"jsonrpc": "2.0", "method": "subscription", "params": {"channel": "book.ETH-13FEB26.none.20.100ms", "data": {"timestamp": 1769996501979, "change_id": 107136120178, "instrument_name": "ETH-13FEB26", "bids": [[2303.25, 2924.0], [2303.0, 8293.0], [2302.75, 1688.0], [2302.5, 3236.0], [2302.25, 6580.0], [2299.5, 2224.0], [2299.25, 7449.0], [2299.0, 351.0], [2298.75, 1176.0], [2298.25, 2.0], [2297.5, 4716.0], [2297.25, 11940.0], [2297.0, 40000.0], [2296.0, 400.0], [2295.5, 19817.0], [2293.75, 11.0], [2291.25, 40000.0], [2287.75, 36.0], [2287.5, 40000.0], [2285.5, 4990.0]], "asks": [[2303.75, 1300.0], [2304.0, 2424.0], [2304.25, 1720.0], [2304.5, 1688.0], [2304.75, 1688.0], [2305.0, 3414.0], [2305.25, 7636.0], [2305.5, 8591.0], [2305.75, 28582.0], [2310.75, 40000.0], [2311.0, 400.0], [2312.0, 9.0], [2314.5, 40000.0], [2315.0, 1176.0], [2317.25, 40000.0], [2320.0, 45.0], [2323.5, 36.0], [2329.0, 13.0], [2329.25, 18821.0], [2331.75, 5009.0]]}}}
{"jsonrpc": "2.0", "method": "subscription", "params": {"channel": "book.ETH-6FEB26.none.20.100ms", "data": {"timestamp": 1769996501988, "change_id": 107136120182, "instrument_name": "ETH-6FEB26", "bids": [[2301.5, 8147.0], [2301.25, 2871.0], [2301.0, 2087.0], [2300.75, 4098.0], [2300.5, 9889.0], [2298.0, 2200.0], [2297.75, 7370.0], [2297.5, 987.0], [2297.25, 3308.0], [2295.5, 752.0], [2295.25, 13118.0], [2295.0, 40000.0], [2293.75, 19437.0], [2290.75, 20.0], [2290.5, 4705.0], [2290.25, 40000.0], [2287.75, 500.0], [2287.0, 40000.0], [2283.75, 10042.0], [2277.0, 45.0]], "asks": [[2302.0, 478.0], [2302.25, 2800.0], [2302.5, 2110.0], [2302.75, 2078.0], [2303.0, 8168.0], [2303.25, 2078.0], [2303.5, 2078.0], [2303.75, 2078.0], [2304.0, 3738.0], [2304.25, 13571.0], [2304.5, 21465.0], [2307.75, 40000.0], [2308.25, 400.0], [2313.25, 9.0], [2313.5, 40000.0], [2316.0, 40013.0], [2316.25, 4705.0], [2319.0, 36.0], [2320.25, 45.0], [2321.25, 18821.0]]}}}
{"jsonrpc": "2.0", "method": "subscription", "params": {"channel": "book.ETH-13FEB26.none.20.100ms", "data": {"timestamp": 1769996502360, "change_id": 107136121013, "instrument_name": "ETH-13FEB26", "bids": [[2303.0, 6336.0], [2302.75, 1720.0], [2302.5, 3861.0], [2302.0, 6580.0], [2299.0, 351.0], [2298.75, 1176.0], [2298.25, 2.0], [2298.0, 2135.0], [2297.75, 8562.0], [2297.5, 4716.0], [2297.25, 11940.0], [2297.0, 40000.0], [2296.0, 400.0], [2295.5, 19817.0], [2293.75, 11.0], [2291.25, 40000.0], [2287.75, 36.0], [2287.5, 40000.0], [2285.25, 4990.0], [2278.0, 45.0]], "asks": [[2303.75, 1875.0], [2304.0, 2456.0], [2304.25, 1688.0], [2304.5, 3414.0], [2304.75, 7636.0], [2305.0, 1688.0], [2305.25, 1688.0], [2305.5, 8591.0], [2305.75, 28582.0], [2310.75, 40000.0], [2311.0, 400.0], [2312.0, 9.0], [2314.5, 40000.0], [2315.0, 1176.0], [2317.25, 40000.0], [2320.0, 45.0], [2323.5, 36.0], [2329.0, 13.0], [2329.25, 18821.0], [2331.75, 5009.0]]}}}
{"jsonrpc": "2.0", "method": "subscription", "params": {"channel": "book.ETH-6FEB26.none.20.100ms", "data": {"timestamp": 1769996502334, "change_id": 107136121010, "instrument_name": "ETH-6FEB26", "bids": [[2301.0, 8177.0], [2300.75, 3027.0], [2300.5, 5276.0], [2300.25, 6575.0], [2297.5, 987.0], [2297.25, 3308.0], [2296.25, 2187.0], [2296.0, 7326.0], [2295.5, 754.0], [2295.25, 13118.0], [2295.0, 40000.0], [2293.75, 19437.0], [2290.75, 20.0], [2290.5, 4705.0], [2290.25, 40000.0], [2287.75, 500.0], [2287.0, 40000.0], [2283.5, 10042.0], [2277.0, 45.0], [2275.0, 36.0]], "asks": [[2301.5, 1951.0], [2301.75, 2078.0], [2302.0, 4683.0], [2302.25, 11796.0], [2302.5, 8168.0], [2302.75, 2078.0], [2303.0, 2078.0], [2303.25, 2078.0], [2303.5, 2078.0], [2303.75, 2078.0], [2304.0, 3738.0], [2304.25, 13571.0], [2304.5, 21465.0], [2307.75, 40000.0], [2308.25, 400.0], [2313.25, 9.0], [2313.5, 40000.0], [2316.0, 40013.0], [2316.25, 4705.0], [2319.0, 36.0]]}}}
{"jsonrpc": "2.0", "method": "subscription", "params": {"channel": "book.ETH-13FEB26.none.20.100ms", "data": {"timestamp": 1769996502557, "change_id": 107136121410, "instrument_name": "ETH-13FEB26", "bids": [[2303.0, 6336.0], [2302.75, 1720.0], [2302.5, 1925.0], [2302.25, 1964.0], [2302.0, 6580.0], [2299.5, 2214.0], [2299.25, 7417.0], [2299.0, 351.0], [2298.75, 1176.0], [2298.25, 2.0], [2297.75, 1408.0], [2297.5, 4716.0], [2297.25, 11940.0], [2297.0, 40000.0], [2296.0, 400.0], [2295.5, 19817.0], [2293.75, 11.0], [2291.25, 40000.0], [2287.75, 36.0], [2287.5, 40000.0]], "asks": [[2303.5, 1300.0], [2303.75, 1300.0], [2304.0, 1831.0], [2304.25, 1688.0], [2304.5, 3414.0], [2304.75, 7636.0], [2305.0, 1688.0], [2305.25, 1688.0], [2305.5, 8591.0], [2305.75, 28582.0], [2310.75, 40000.0], [2311.0, 400.0], [2312.0, 9.0], [2314.5, 40000.0], [2315.0, 1176.0], [2317.25, 40000.0], [2320.0, 45.0], [2323.5, 36.0], [2329.0, 13.0], [2329.25, 18821.0]]}}}
{"jsonrpc": "2.0", "method": "subscription", "params": {"channel": "book.ETH-6FEB26.none.20.100ms", "data": {"timestamp": 1769996502549, "change_id": 107136121391, "instrument_name": "ETH-6FEB26", "bids": [[2301.25, 2758.0], [2301.0, 8209.0], [2300.75, 2995.0], [2300.5, 5276.0], [2300.25, 6575.0], [2297.75, 2132.0], [2297.5, 8130.0], [2297.25, 3308.0], [2295.5, 754.0], [2295.25, 13118.0], [2295.0, 40000.0], [2293.75, 19437.0], [2290.75, 20.0], [2290.5, 4705.0], [2290.25, 40000.0], [2287.75, 500.0], [2287.0, 40000.0], [2283.5, 10042.0], [2277.0, 45.0], [2275.0, 36.0]], "asks": [[2301.75, 625.0], [2302.0, 4058.0], [2302.25, 11796.0], [2302.5, 8168.0], [2302.75, 2078.0], [2303.0, 2078.0], [2303.25, 2078.0], [2303.5, 2078.0], [2303.75, 2078.0], [2304.0, 3738.0], [2304.25, 13571.0], [2304.5, 21465.0], [2307.75, 40000.0], [2308.25, 400.0], [2313.25, 9.0], [2313.5, 40000.0], [2316.0, 40013.0], [2316.25, 4705.0], [2319.0, 36.0], [2320.25, 45.0]]}}}
{"jsonrpc": "2.0", "method": "subscription", "params": {"channel": "book.ETH-13FEB26.none.20.100ms", "data": {"timestamp": 1769996502973, "change_id": 107136122065, "instrument_name": "ETH-13FEB26", "bids": [[2303.0, 7248.0], [2302.75, 1045.0], [2302.5, 1688.0], [2302.25, 3264.0], [2302.0, 6580.0], [2299.5, 2214.0], [2299.25, 7417.0], [2299.0, 351.0], [2298.75, 1176.0], [2298.25, 2.0], [2297.75, 1408.0], [2297.5, 4716.0], [2297.25, 11940.0], [2297.0, 40000.0], [2296.0, 400.0], [2295.5, 19817.0], [2293.75, 11.0], [2291.25, 40000.0], [2287.75, 36.0], [2287.5, 40000.0]], "asks": [[2303.5, 1300.0], [2303.75, 2323.0], [2304.0, 1831.0], [2304.25, 1688.0], [2304.5, 3414.0], [2304.75, 7636.0], [2305.0, 1688.0], [2305.25, 1688.0], [2305.5, 8591.0], [2305.75, 28582.0], [2310.75, 40000.0], [2311.0, 400.0], [2312.0, 11.0], [2314.5, 40000.0], [2315.0, 1176.0], [2317.25, 40000.0], [2320.0, 45.0], [2323.5, 36.0], [2329.0, 13.0], [2329.25, 18821.0]]}}}
{"jsonrpc": "2.0", "method": "subscription", "params": {"channel": "book.ETH-6FEB26.none.20.100ms", "data": {"timestamp": 1769996502790, "change_id": 107136121888, "instrument_name": "ETH-6FEB26", "bids": [[2301.25, 1600.0], [2301.0, 8209.0], [2300.75, 2995.0], [2300.5, 5276.0], [2300.25, 6575.0], [2297.75, 2132.0], [2297.5, 8130.0], [2297.25, 3308.0], [2295.5, 754.0], [2295.25, 13118.0], [2295.0, 40000.0], [2293.75, 19437.0], [2290.75, 20.0], [2290.5, 4705.0], [2290.25, 40000.0], [2287.75, 500.0], [2287.0, 40000.0], [2283.5, 10042.0], [2277.0, 45.0], [2275.0, 36.0]], "asks": [[2301.75, 1103.0], [2302.0, 4058.0], [2302.25, 11796.0], [2302.5, 8168.0], [2302.75, 2078.0], [2303.0, 2078.0], [2303.25, 2078.0], [2303.5, 2078.0], [2303.75, 2078.0], [2304.0, 3738.0], [2304.25, 13571.0], [2304.5, 21465.0], [2307.75, 40000.0], [2308.25, 400.0], [2313.25, 9.0], [2313.5, 40000.0], [2316.0, 40013.0], [2316.25, 4705.0], [2319.0, 36.0], [2320.25, 45.0]]}}}
{"jsonrpc": "2.0", "method": "subscription", "params": {"channel": "book.ETH-13FEB26.none.20.100ms", "data": {"timestamp": 1769996503350, "change_id": 107136122738, "instrument_name": "ETH-13FEB26", "bids": [[2303.25, 2164.0], [2303.0, 7905.0], [2302.75, 388.0], [2302.5, 1688.0], [2302.25, 3264.0], [2302.0, 6580.0], [2299.5, 2214.0], [2299.25, 7417.0], [2299.0, 351.0], [2298.75, 1176.0], [2298.25, 2.0], [2297.75, 1408.0], [2297.5, 4716.0], [2297.25, 11940.0], [2297.0, 40000.0], [2296.0, 400.0], [2295.5, 19817.0], [2293.75, 11.0], [2291.25, 40000.0], [2287.75, 36.0]], "asks": [[2303.75, 1925.0], [2304.0, 1799.0], [2304.25, 1720.0], [2304.5, 3414.0], [2304.75, 7636.0], [2305.0, 1688.0], [2305.25, 1688.0], [2305.5, 8591.0], [2305.75, 28582.0], [2310.75, 40000.0], [2311.0, 400.0], [2312.0, 11.0], [2314.5, 40000.0], [2315.0, 1176.0], [2317.25, 40000.0], [2320.0, 45.0], [2323.5, 36.0], [2329.0, 13.0], [2329.25, 18821.0], [2331.75, 5009.0]]}}}
{"jsonrpc": "2.0", "method": "subscription", "params": {"channel": "book.ETH-6FEB26.none.20.100ms", "data": {"timestamp": 1769996503129, "change_id": 107136122709, "instrument_name": "ETH-6FEB26", "bids": [[2301.25, 2980.0], [2301.0, 8834.0], [2300.75, 2968.0], [2300.5, 6876.0], [2300.25, 6575.0], [2297.75, 2132.0], [2297.5, 8130.0], [2297.25, 3308.0], [2295.5, 754.0], [2295.25, 13118.0], [2295.0, 40000.0], [2293.75, 19437.0], [2290.75, 20.0], [2290.5, 4705.0], [2290.25, 40000.0], [2287.75, 500.0], [2287.0, 40000.0], [2283.5, 10042.0], [2277.0, 45.0], [2275.0, 36.0]], "asks": [[2302.0, 4058.0], [2302.25, 10742.0], [2302.5, 2110.0], [2302.75, 3748.0], [2303.0, 8168.0], [2303.25, 2078.0], [2303.5, 2078.0], [2303.75, 2078.0], [2304.0, 3738.0], [2304.25, 13571.0], [2304.5, 21465.0], [2307.75, 40000.0], [2308.25, 400.0], [2313.25, 9.0], [2313.5, 40000.0], [2316.0, 40013.0], [2316.25, 4705.0], [2319.0, 36.0], [2320.25, 45.0], [2321.25, 18821.0]]}}}
