{"jsonrpc": "2.0", "id": 1, "result": ["book.ETH-19DEC25.none.20.100ms"], "usIn": 1765850411915038, "usOut": 1765850411915231, "usDiff": 193, "testnet": false}
{"jsonrpc": "2.0", "method": "subscription", "params": {"channel": "book.ETH-19DEC25.none.20.100ms", "data": {"timestamp": 1765850411868, "change_id": 101605536909, "instrument_name": "ETH-19DEC25", "bids": [[2945.25, 8080.0], [2945.0, 2950.0], [2944.75, 500.0], [2943.75, 1700.0], [2942.5, 7248.0], [2941.75, 12375.0], [2940.0, 25559.0], [2939.75, 2475.0], [2939.5, 4513.0], [2939.25, 22379.0], [2939.0, 74972.0], [2937.75, 11940.0], [2937.5, 40000.0], [2936.25, 49725.0], [2934.5, 20915.0], [2932.75, 40000.0], [2930.5, 18054.0], [2930.25, 75705.0], [2930.0, 300.0], [2929.0, 300.0]], "asks": [[2945.75, 1904.0], [2946.0, 6380.0], [2946.25, 633.0], [2946.5, 2757.0], [2946.75, 1700.0], [2947.0, 299.0], [2947.25, 1700.0], [2947.5, 7769.0], [2947.75, 24327.0], [2949.25, 2109.0], [2949.5, 7065.0], [2950.5, 500.0], [2950.75, 25512.0], [2953.75, 40000.0], [2954.0, 49350.0], [2957.0, 49167.0], [2959.5, 18055.0], [2960.0, 40000.0], [2961.0, 77247.0], [2962.75, 19624.0]]}}}
{"jsonrpc": "2.0", "method": "subscription", "params": {"channel": "book.ETH-19DEC25.none.20.100ms", "data": {"timestamp": 1765850412209, "change_id": 101605537852, "instrument_name": "ETH-19DEC25", "bids": [[2946.0, 6380.0], [2945.25, 4338.0], [2945.0, 1700.0], [2944.75, 500.0], [2944.0, 507.0], [2943.75, 1700.0], [2942.75, 2164.0], [2942.5, 7248.0], [2940.75, 1128.0], [2940.5, 25222.0], [2940.0, 337.0], [2939.75, 1347.0], [2939.5, 4513.0], [2939.25, 22379.0], [2939.0, 74972.0], [2937.75, 11940.0], [2937.5, 40000.0], [2936.25, 49725.0], [2934.5, 20915.0], [2932.75, 40000.0]], "asks": [[2947.0, 299.0], [2947.25, 3249.0], [2947.5, 8769.0], [2947.75, 24327.0], [2950.25, 2226.0], [2950.5, 15072.0], [2950.75, 25512.0], [2953.75, 40000.0], [2954.0, 49350.0], [2957.0, 49167.0], [2959.5, 18055.0], [2960.0, 40000.0], [2961.0, 77247.0], [2962.75, 19624.0], [2965.75, 100.0], [2966.25, 5641.0], [2966.5, 73225.0], [2971.25, 49402.0], [2979.0, 72220.0], [2979.25, 49285.0]]}}}
{"jsonrpc": "2.0", "method": "subscription", "params": {"channel": "book.ETH-19DEC25.none.20.100ms", "data": {"timestamp": 1765850412537, "change_id": 101605539174, "instrument_name": "ETH-19DEC25", "bids": [[2946.25, 6380.0], [2945.5, 881.0], [2945.25, 3457.0], [2945.0, 1700.0], [2944.75, 500.0], [2944.0, 507.0], [2943.75, 1700.0], [2942.75, 2028.0], [2942.5, 7248.0], [2941.25, 7529.0], [2941.0, 25559.0], [2940.75, 1128.0], [2939.75, 1347.0], [2939.5, 4513.0], [2939.25, 22379.0], [2939.0, 74972.0], [2937.75, 29994.0], [2937.5, 40000.0], [2936.25, 49725.0], [2934.5, 20915.0]], "asks": [[2947.0, 6380.0], [2947.25, 299.0], [2947.5, 8769.0], [2947.75, 24327.0], [2950.25, 2226.0], [2950.5, 7457.0], [2952.0, 7615.0], [2952.25, 25512.0], [2954.0, 49350.0], [2955.5, 40000.0], [2957.0, 49167.0], [2959.5, 18055.0], [2960.0, 40000.0], [2961.0, 77247.0], [2962.75, 19624.0], [2966.25, 5641.0], [2966.5, 73225.0], [2966.75, 100.0], [2967.25, 40000.0], [2971.25, 49402.0]]}}}
{"jsonrpc": "2.0", "method": "subscription", "params": {"channel": "book.ETH-19DEC25.none.20.100ms", "data": {"timestamp": 1765850412873, "change_id": 101605540911, "instrument_name": "ETH-19DEC25", "bids": [[2947.0, 6380.0], [2946.25, 1700.0], [2946.0, 1250.0], [2945.5, 356.0], [2945.0, 1700.0], [2944.75, 500.0], [2940.75, 1128.0], [2939.5, 4513.0], [2939.0, 74972.0], [2937.75, 18054.0], [2937.5, 40000.0], [2936.25, 49725.0], [2934.5, 20915.0], [2932.75, 40000.0], [2930.25, 75705.0], [2930.0, 300.0], [2929.0, 300.0], [2928.0, 300.0], [2926.25, 100.0], [2926.0, 300.0]], "asks": [[2947.5, 1904.0], [2947.75, 6380.0], [2949.5, 1700.0], [2950.0, 24327.0], [2950.5, 500.0], [2952.0, 7351.0], [2952.25, 25512.0], [2954.0, 49350.0], [2955.5, 40000.0], [2957.0, 49167.0], [2959.5, 18055.0], [2960.0, 40000.0], [2961.0, 77247.0], [2962.75, 19624.0], [2966.25, 5641.0], [2966.5, 73225.0], [2967.25, 40000.0], [2967.75, 100.0], [2971.25, 49402.0], [2979.0, 72220.0]]}}}
{"jsonrpc": "2.0", "method": "subscription", "params": {"channel": "book.ETH-19DEC25.none.20.100ms", "data": {"timestamp": 1765850413169, "change_id": 101605542311, "instrument_name": "ETH-19DEC25", "bids": [[2946.25, 1700.0], [2945.0, 1700.0], [2944.75, 500.0], [2942.75, 12375.0], [2942.5, 7183.0], [2939.0, 74972.0], [2937.5, 40000.0], [2936.25, 49725.0], [2934.5, 20915.0], [2932.75, 40000.0], [2930.25, 75705.0], [2930.0, 300.0], [2929.0, 300.0], [2928.0, 300.0], [2927.0, 100.0], [2926.0, 300.0], [2925.5, 40000.0], [2924.0, 74365.0], [2916.75, 49962.0], [2906.25, 48727.0]], "asks": [[2947.5, 6380.0], [2948.25, 1250.0], [2949.5, 1700.0], [2950.0, 24327.0], [2950.5, 500.0], [2952.0, 7351.0], [2955.5, 40000.0], [2956.5, 25512.0], [2957.0, 98517.0], [2959.5, 18055.0], [2960.0, 40000.0], [2961.0, 77247.0], [2962.75, 19624.0], [2966.25, 5641.0], [2966.5, 73225.0], [2967.25, 40000.0], [2967.5, 100.0], [2971.25, 49402.0], [2979.0, 72220.0], [2979.25, 49285.0]]}}}
{"jsonrpc": "2.0", "method": "subscription", "params": {"channel": "book.ETH-19DEC25.none.20.100ms", "data": {"timestamp": 1765850413517, "change_id": 101605543533, "instrument_name": "ETH-19DEC25", "bids": [[2946.25, 2950.0], [2946.0, 8715.0], [2945.25, 507.0], [2945.0, 1700.0], [2944.75, 500.0], [2942.75, 2144.0], [2942.5, 7183.0], [2939.75, 7529.0], [2939.5, 28916.0], [2939.25, 12375.0], [2939.0, 74972.0], [2937.5, 40000.0], [2936.25, 49725.0], [2934.5, 20915.0], [2932.75, 40000.0], [2930.25, 75705.0], [2930.0, 300.0], [2929.0, 300.0], [2928.0, 300.0], [2926.25, 100.0]], "asks": [[2947.25, 2602.0], [2947.5, 9088.0], [2947.75, 1757.0], [2948.0, 1700.0], [2949.25, 507.0], [2949.5, 1700.0], [2949.75, 7262.0], [2950.0, 24327.0], [2950.5, 7645.0], [2955.5, 40000.0], [2956.5, 25512.0], [2957.0, 98517.0], [2959.5, 18055.0], [2960.0, 40000.0], [2961.0, 77247.0], [2962.75, 19624.0], [2966.25, 5641.0], [2966.5, 73225.0], [2967.25, 40100.0], [2971.25, 49402.0]]}}}
{"jsonrpc": "2.0", "method": "subscription", "params": {"channel": "book.ETH-19DEC25.none.20.100ms", "data": {"timestamp": 1765850413846, "change_id": 101605544014, "instrument_name": "ETH-19DEC25", "bids": [[2946.25, 1250.0], [2946.0, 8715.0], [2945.75, 507.0], [2945.5, 1700.0], [2945.25, 507.0], [2945.0, 1700.0], [2944.75, 500.0], [2942.75, 2144.0], [2942.5, 7183.0], [2939.75, 7529.0], [2939.5, 28916.0], [2939.25, 12375.0], [2939.0, 74972.0], [2937.5, 40000.0], [2936.25, 49725.0], [2934.5, 20915.0], [2932.75, 40000.0], [2930.25, 75705.0], [2930.0, 300.0], [2929.0, 300.0]], "asks": [[2947.25, 2602.0], [2947.5, 9088.0], [2947.75, 1250.0], [2949.25, 507.0], [2949.5, 1700.0], [2949.75, 7262.0], [2950.0, 24327.0], [2950.5, 7645.0], [2955.5, 40000.0], [2956.5, 25512.0], [2957.0, 98517.0], [2959.5, 18055.0], [2960.0, 40000.0], [2961.0, 77247.0], [2962.75, 19624.0], [2966.25, 5641.0], [2966.5, 73225.0], [2967.25, 40100.0], [2971.25, 49402.0], [2979.0, 72220.0]]}}}
{"jsonrpc": "2.0", "method": "subscription", "params": {"channel": "book.ETH-19DEC25.none.20.100ms", "data": {"timestamp": 1765850414052, "change_id": 101605544318, "instrument_name": "ETH-19DEC25", "bids": [[2946.25, 1250.0], [2946.0, 8715.0], [2945.75, 507.0], [2945.5, 1700.0], [2945.25, 507.0], [2945.0, 1700.0], [2944.75, 500.0], [2942.75, 2144.0], [2942.5, 7183.0], [2939.75, 7529.0], [2939.5, 28916.0], [2939.25, 12375.0], [2939.0, 74972.0], [2937.5, 40000.0], [2936.25, 49725.0], [2934.5, 20915.0], [2932.75, 40000.0], [2930.25, 75705.0], [2930.0, 300.0], [2929.0, 300.0]], "asks": [[2947.25, 2602.0], [2947.5, 9965.0], [2949.25, 507.0], [2949.5, 1700.0], [2949.75, 7262.0], [2950.0, 24327.0], [2950.5, 7645.0], [2955.5, 40000.0], [2956.5, 25512.0], [2957.0, 98517.0], [2959.5, 18055.0], [2960.0, 40000.0], [2961.0, 77247.0], [2962.75, 19624.0], [2966.25, 5641.0], [2966.5, 73225.0], [2967.25, 40100.0], [2971.25, 49402.0], [2979.0, 72220.0], [2979.25, 49285.0]]}}}
{"jsonrpc": "2.0", "method": "subscription", "params": {"channel": "book.ETH-19DEC25.none.20.100ms", "data": {"timestamp": 1765850414419, "change_id": 101605545070, "instrument_name": "ETH-19DEC25", "bids": [[2946.25, 1250.0], [2946.0, 8715.0], [2945.75, 507.0], [2945.5, 1700.0], [2945.25, 507.0], [2945.0, 1700.0], [2944.75, 500.0], [2942.75, 2144.0], [2942.5, 7183.0], [2939.75, 7529.0], [2939.5, 28916.0], [2939.25, 12375.0], [2939.0, 74972.0], [2937.5, 40000.0], [2936.25, 49725.0], [2934.5, 20915.0], [2932.75, 40000.0], [2930.25, 75705.0], [2930.0, 300.0], [2929.0, 300.0]], "asks": [[2947.25, 2602.0], [2947.5, 9088.0], [2947.75, 1250.0], [2949.25, 507.0], [2949.5, 1700.0], [2949.75, 7262.0], [2950.0, 24327.0], [2950.5, 7645.0], [2955.5, 40000.0], [2956.5, 25512.0], [2957.0, 98517.0], [2959.5, 18055.0], [2960.0, 40000.0], [2961.0, 77247.0], [2962.75, 19624.0], [2966.25, 5641.0], [2966.5, 73225.0], [2967.25, 40100.0], [2971.25, 49402.0], [2979.0, 72220.0]]}}}
{"jsonrpc": "2.0", "method": "subscription", "params": {"channel": "book.ETH-19DEC25.none.20.100ms", "data": {"timestamp": 1765850414836, "change_id": 101605545946, "instrument_name": "ETH-19DEC25", "bids": [[2946.75, 2950.0], [2946.5, 8715.0], [2945.75, 507.0], [2945.5, 1700.0], [2945.25, 507.0], [2945.0, 2357.0], [2944.75, 2200.0], [2944.5, 2133.0], [2944.25, 7145.0], [2939.75, 7529.0], [2939.5, 28916.0], [2939.25, 12375.0], [2939.0, 74972.0], [2937.5, 40000.0], [2936.25, 49725.0], [2934.5, 20915.0], [2932.75, 40000.0], [2930.25, 75705.0], [2930.0, 300.0], [2929.0, 300.0]], "asks": [[2947.75, 2601.0], [2948.0, 9088.0], [2948.25, 1549.0], [2948.5, 1000.0], [2948.75, 507.0], [2949.0, 1700.0], [2949.25, 507.0], [2949.5, 1700.0], [2949.75, 7262.0], [2950.0, 24327.0], [2950.5, 500.0], [2952.25, 7225.0], [2955.5, 40000.0], [2956.5, 25512.0], [2957.0, 98517.0], [2959.5, 18055.0], [2960.0, 40000.0], [2961.0, 77247.0], [2962.75, 19624.0], [2966.25, 5641.0]]}}}
{"jsonrpc": "2.0", "method": "subscription", "params": {"channel": "book.ETH-19DEC25.none.20.100ms", "data": {"timestamp": 1765850415184, "change_id": 101605546609, "instrument_name": "ETH-19DEC25", "bids": [[2946.75, 4508.0], [2946.5, 8715.0], [2945.75, 507.0], [2945.5, 1700.0], [2945.25, 507.0], [2945.0, 2357.0], [2944.75, 2200.0], [2944.5, 2133.0], [2944.25, 7145.0], [2939.75, 7529.0], [2939.5, 28916.0], [2939.25, 12375.0], [2939.0, 74972.0], [2937.5, 40000.0], [2936.25, 49725.0], [2934.5, 20915.0], [2932.75, 40000.0], [2930.25, 75705.0], [2930.0, 300.0], [2929.0, 300.0]], "asks": [[2947.75, 2601.0], [2948.0, 373.0], [2948.25, 1549.0], [2948.5, 1000.0], [2948.75, 507.0], [2949.0, 1700.0], [2949.25, 507.0], [2949.5, 1700.0], [2949.75, 7262.0], [2950.0, 24327.0], [2950.5, 500.0], [2952.5, 7338.0], [2955.5, 40000.0], [2956.5, 25512.0], [2957.0, 98517.0], [2959.5, 18055.0], [2960.0, 40000.0], [2961.0, 77247.0], [2962.75, 19624.0], [2966.25, 5641.0]]}}}
{"jsonrpc": "2.0", "method": "subscription", "params": {"channel": "book.ETH-19DEC25.none.20.100ms", "data": {"timestamp": 1765850415514, "change_id": 101605547500, "instrument_name": "ETH-19DEC25", "bids": [[2947.0, 9965.0], [2946.75, 1700.0], [2945.75, 507.0], [2945.5, 1700.0], [2945.25, 507.0], [2945.0, 2357.0], [2944.75, 2200.0], [2944.5, 2133.0], [2944.25, 7145.0], [2940.0, 37597.0], [2939.0, 74972.0], [2936.25, 49725.0], [2934.5, 20915.0], [2932.75, 40000.0], [2930.25, 75705.0], [2930.0, 300.0], [2929.0, 300.0], [2928.0, 300.0], [2927.0, 100.0], [2926.0, 300.0]], "asks": [[2948.25, 2862.0], [2948.5, 10088.0], [2948.75, 1757.0], [2949.0, 1700.0], [2949.25, 507.0], [2949.5, 1700.0], [2949.75, 7262.0], [2950.0, 24327.0], [2950.5, 500.0], [2954.0, 2202.0], [2954.25, 7376.0], [2955.5, 40000.0], [2956.5, 25512.0], [2957.0, 98517.0], [2959.5, 18055.0], [2960.0, 40000.0], [2961.0, 77247.0], [2962.75, 19624.0], [2966.25, 5641.0], [2966.5, 73225.0]]}}}
{"jsonrpc": "2.0", "method": "subscription", "params": {"channel": "book.ETH-19DEC25.none.20.100ms", "data": {"timestamp": 1765850415847, "change_id": 101605548395, "instrument_name": "ETH-19DEC25", "bids": [[2947.25, 1250.0], [2947.0, 8715.0], [2945.75, 507.0], [2945.5, 2207.0], [2945.25, 2207.0], [2945.0, 2357.0], [2944.75, 2200.0], [2944.5, 2133.0], [2944.25, 7145.0], [2940.25, 4513.0], [2940.0, 37597.0], [2939.25, 40000.0], [2939.0, 74972.0], [2936.25, 49725.0], [2934.5, 20915.0], [2932.75, 40000.0], [2930.25, 75705.0], [2930.0, 300.0], [2929.0, 300.0], [2928.0, 300.0]], "asks": [[2948.25, 2862.0], [2948.5, 10088.0], [2948.75, 1757.0], [2949.0, 1700.0], [2949.25, 507.0], [2949.5, 1700.0], [2949.75, 7262.0], [2950.0, 24327.0], [2950.5, 500.0], [2951.0, 2127.0], [2951.25, 7125.0], [2955.5, 40000.0], [2956.5, 25512.0], [2957.0, 98517.0], [2959.5, 18055.0], [2960.0, 40000.0], [2961.0, 77247.0], [2962.75, 19624.0], [2966.25, 5641.0], [2966.5, 73225.0]]}}}
{"jsonrpc": "2.0", "method": "subscription", "params": {"channel": "book.ETH-19DEC25.none.20.100ms", "data": {"timestamp": 1765850416163, "change_id": 101605549356, "instrument_name": "ETH-19DEC25", "bids": [[2946.75, 1250.0], [2946.5, 8715.0], [2945.75, 507.0], [2945.5, 2207.0], [2945.25, 2207.0], [2945.0, 2357.0], [2944.75, 2200.0], [2944.5, 2133.0], [2944.25, 7145.0], [2940.5, 1347.0], [2940.25, 15736.0], [2940.0, 37597.0], [2939.25, 40000.0], [2939.0, 74972.0], [2936.25, 49725.0], [2934.5, 20915.0], [2932.75, 40000.0], [2930.25, 75705.0], [2930.0, 300.0], [2929.0, 300.0]], "asks": [[2947.75, 2602.0], [2948.0, 9088.0], [2948.25, 1549.0], [2948.5, 1000.0], [2948.75, 507.0], [2949.0, 1700.0], [2949.25, 507.0], [2949.5, 1700.0], [2949.75, 7262.0], [2950.0, 24327.0], [2950.5, 500.0], [2951.0, 2127.0], [2951.25, 7125.0], [2955.5, 40000.0], [2956.5, 25512.0], [2957.0, 98517.0], [2959.5, 18055.0], [2960.0, 40000.0], [2961.0, 77247.0], [2962.75, 19624.0]]}}}
{"jsonrpc": "2.0", "method": "subscription", "params": {"channel": "book.ETH-19DEC25.none.20.100ms", "data": {"timestamp": 1765850416269, "change_id": 101605549550, "instrument_name": "ETH-19DEC25", "bids": [[2946.75, 1250.0], [2946.5, 8715.0], [2945.75, 507.0], [2945.5, 2207.0], [2945.25, 2207.0], [2945.0, 2357.0], [2944.75, 2200.0], [2944.5, 2133.0], [2944.25, 7145.0], [2940.5, 1347.0], [2940.25, 15736.0], [2940.0, 37597.0], [2939.25, 40000.0], [2939.0, 74972.0], [2936.25, 49725.0], [2934.5, 20915.0], [2932.75, 40000.0], [2930.25, 75705.0], [2930.0, 300.0], [2929.0, 300.0]], "asks": [[2947.75, 2602.0], [2948.0, 9088.0], [2948.25, 1549.0], [2948.5, 1000.0], [2948.75, 507.0], [2949.0, 1700.0], [2949.25, 507.0], [2949.5, 1700.0], [2949.75, 7262.0], [2950.0, 24327.0], [2950.5, 500.0], [2951.0, 2127.0], [2951.25, 7125.0], [2955.5, 40000.0], [2956.5, 25512.0], [2957.0, 98517.0], [2959.5, 18055.0], [2960.0, 40000.0], [2961.0, 77247.0], [2962.75, 19624.0]]}}}
{"jsonrpc": "2.0", "method": "subscription", "params": {"channel": "book.ETH-19DEC25.none.20.100ms", "data": {"timestamp": 1765850416811, "change_id": 101605550192, "instrument_name": "ETH-19DEC25", "bids": [[2946.75, 2950.0], [2946.5, 8715.0], [2945.75, 507.0], [2945.5, 2207.0], [2945.25, 2207.0], [2945.0, 2357.0], [2944.75, 2200.0], [2944.5, 2133.0], [2944.25, 7145.0], [2940.5, 1347.0], [2940.25, 15736.0], [2940.0, 37597.0], [2939.25, 40000.0], [2939.0, 74972.0], [2936.25, 49725.0], [2934.5, 20915.0], [2932.75, 40000.0], [2930.25, 75705.0], [2930.0, 300.0], [2929.0, 300.0]], "asks": [[2947.75, 2602.0], [2948.0, 9088.0], [2948.25, 1549.0], [2948.5, 1000.0], [2948.75, 507.0], [2949.0, 1700.0], [2949.25, 507.0], [2949.5, 1700.0], [2949.75, 7262.0], [2950.0, 24327.0], [2950.5, 500.0], [2951.0, 2127.0], [2951.25, 7125.0], [2955.5, 40000.0], [2956.5, 25512.0], [2957.0, 98517.0], [2959.5, 18055.0], [2960.0, 40000.0], [2961.0, 77247.0], [2962.75, 19624.0]]}}}
{"jsonrpc": "2.0", "method": "subscription", "params": {"channel": "book.ETH-19DEC25.none.20.100ms", "data": {"timestamp": 1765850417051, "change_id": 101605550431, "instrument_name": "ETH-19DEC25", "bids": [[2946.75, 2950.0], [2946.5, 8715.0], [2945.75, 507.0], [2945.5, 2207.0], [2945.25, 2207.0], [2945.0, 2357.0], [2944.75, 2200.0], [2944.5, 2133.0], [2944.25, 7145.0], [2940.5, 1347.0], [2940.25, 15736.0], [2940.0, 37597.0], [2939.25, 40000.0], [2939.0, 74972.0], [2936.25, 49725.0], [2934.75, 18054.0], [2934.5, 20915.0], [2932.75, 40000.0], [2930.25, 75705.0], [2930.0, 300.0]], "asks": [[2947.75, 2602.0], [2948.0, 9088.0], [2948.25, 1549.0], [2948.5, 1000.0], [2948.75, 507.0], [2949.0, 1700.0], [2949.25, 507.0], [2949.5, 1700.0], [2949.75, 7262.0], [2950.0, 24327.0], [2950.5, 500.0], [2951.0, 2127.0], [2951.25, 7125.0], [2955.5, 40000.0], [2956.5, 25512.0], [2957.0, 98517.0], [2959.5, 18055.0], [2960.0, 40000.0], [2961.0, 77247.0], [2962.75, 19624.0]]}}}
{"jsonrpc": "2.0", "method": "subscription", "params": {"channel": "book.ETH-19DEC25.none.20.100ms", "data": {"timestamp": 1765850417472, "change_id": 101605551035, "instrument_name": "ETH-19DEC25", "bids": [[2947.0, 1250.0], [2946.5, 8715.0], [2945.75, 507.0], [2945.5, 2207.0], [2945.25, 2207.0], [2945.0, 2357.0], [2944.75, 2200.0], [2944.5, 2133.0], [2944.25, 7145.0], [2940.5, 1347.0], [2940.25, 15736.0], [2940.0, 37597.0], [2939.25, 40000.0], [2939.0, 74972.0], [2936.25, 49725.0], [2934.75, 18054.0], [2934.5, 20915.0], [2932.75, 40000.0], [2930.25, 75705.0], [2930.0, 300.0]], "asks": [[2947.75, 2602.0], [2948.0, 9088.0], [2948.25, 1549.0], [2948.5, 1000.0], [2948.75, 507.0], [2949.0, 1700.0], [2949.25, 507.0], [2949.5, 1700.0], [2949.75, 7262.0], [2950.0, 24327.0], [2950.5, 500.0], [2951.0, 2127.0], [2951.25, 7125.0], [2955.5, 40000.0], [2956.5, 25512.0], [2957.0, 98517.0], [2959.5, 18055.0], [2960.0, 40000.0], [2961.0, 77247.0], [2962.75, 19624.0]]}}}
{"jsonrpc": "2.0", "method": "subscription", "params": {"channel": "book.ETH-19DEC25.none.20.100ms", "data": {"timestamp": 1765850417555, "change_id": 101605551080, "instrument_name": "ETH-19DEC25", "bids": [[2947.0, 1250.0], [2946.5, 8715.0], [2945.75, 507.0], [2945.5, 2207.0], [2945.25, 2207.0], [2945.0, 2357.0], [2944.75, 2200.0], [2944.5, 2133.0], [2944.25, 7145.0], [2941.0, 337.0], [2940.75, 1128.0], [2940.5, 1347.0], [2940.25, 15736.0], [2940.0, 37597.0], [2939.25, 40000.0], [2939.0, 74972.0], [2936.25, 49725.0], [2934.75, 18054.0], [2934.5, 20915.0], [2932.75, 40000.0]], "asks": [[2947.75, 2602.0], [2948.0, 9088.0], [2948.25, 1549.0], [2948.5, 1000.0], [2948.75, 507.0], [2949.0, 1700.0], [2949.25, 507.0], [2949.5, 1700.0], [2949.75, 7262.0], [2950.0, 24327.0], [2950.5, 500.0], [2951.0, 2127.0], [2951.25, 7125.0], [2955.5, 40000.0], [2956.5, 25512.0], [2957.0, 98517.0], [2959.5, 18055.0], [2960.0, 40000.0], [2961.0, 77247.0], [2962.75, 19624.0]]}}}
{"jsonrpc": "2.0", "method": "subscription", "params": {"channel": "book.ETH-19DEC25.none.20.100ms", "data": {"timestamp": 1765850418052, "change_id": 101605551651, "instrument_name": "ETH-19DEC25", "bids": [[2947.0, 1250.0], [2946.5, 8715.0], [2945.75, 507.0], [2945.5, 2207.0], [2945.25, 2207.0], [2945.0, 2357.0], [2944.75, 2200.0], [2944.5, 2133.0], [2944.25, 7145.0], [2941.0, 337.0], [2940.75, 1128.0], [2940.5, 1347.0], [2940.25, 15736.0], [2940.0, 37597.0], [2939.5, 18054.0], [2939.25, 40000.0], [2939.0, 74972.0], [2936.25, 49725.0], [2934.5, 20915.0], [2932.75, 40000.0]], "asks": [[2947.75, 2602.0], [2948.0, 9088.0], [2948.25, 1549.0], [2948.5, 1000.0], [2948.75, 507.0], [2949.0, 1700.0], [2949.25, 507.0], [2949.5, 1700.0], [2949.75, 7262.0], [2950.0, 24327.0], [2950.5, 500.0], [2951.0, 2127.0], [2951.25, 7125.0], [2955.5, 40000.0], [2956.5, 25512.0], [2957.0, 98517.0], [2959.5, 18055.0], [2960.0, 40000.0], [2961.0, 77247.0], [2962.75, 19624.0]]}}}
{"jsonrpc": "2.0", "method": "subscription", "params": {"channel": "book.ETH-19DEC25.none.20.100ms", "data": {"timestamp": 1765850418477, "change_id": 101605552434, "instrument_name": "ETH-19DEC25", "bids": [[2947.25, 1250.0], [2946.75, 2601.0], [2946.5, 8715.0], [2945.75, 507.0], [2945.5, 2207.0], [2945.25, 2207.0], [2945.0, 2357.0], [2944.75, 2200.0], [2944.5, 2133.0], [2944.25, 7145.0], [2941.0, 7822.0], [2940.75, 38725.0], [2940.5, 1347.0], [2940.25, 4513.0], [2939.5, 18054.0], [2939.25, 40000.0], [2939.0, 74972.0], [2936.25, 49725.0], [2934.5, 20915.0], [2932.75, 40000.0]], "asks": [[2948.25, 2862.0], [2948.5, 10088.0], [2948.75, 1757.0], [2949.0, 1700.0], [2949.25, 507.0], [2949.5, 1700.0], [2949.75, 7262.0], [2950.0, 24327.0], [2950.5, 500.0], [2951.0, 2127.0], [2951.25, 7125.0], [2953.0, 25512.0], [2955.5, 40000.0], [2957.0, 98517.0], [2959.5, 18055.0], [2960.0, 40000.0], [2961.0, 77247.0], [2962.75, 19624.0], [2966.25, 5641.0], [2966.5, 73225.0]]}}}
{"jsonrpc": "2.0", "method": "subscription", "params": {"channel": "book.ETH-19DEC25.none.20.100ms", "data": {"timestamp": 1765850418791, "change_id": 101605552694, "instrument_name": "ETH-19DEC25", "bids": [[2947.25, 1250.0], [2946.75, 2601.0], [2946.5, 8715.0], [2946.0, 507.0], [2945.75, 2207.0], [2945.5, 2207.0], [2945.25, 2207.0], [2945.0, 2357.0], [2944.75, 2200.0], [2944.5, 2133.0], [2944.25, 7145.0], [2941.0, 7822.0], [2940.75, 38725.0], [2940.5, 1347.0], [2940.25, 4513.0], [2939.5, 18054.0], [2939.25, 40000.0], [2939.0, 74972.0], [2936.25, 49725.0], [2934.5, 20915.0]], "asks": [[2948.25, 2862.0], [2948.5, 10088.0], [2948.75, 1757.0], [2949.0, 1700.0], [2949.25, 507.0], [2949.5, 1700.0], [2949.75, 7262.0], [2950.0, 24327.0], [2950.5, 500.0], [2951.0, 2127.0], [2951.25, 7125.0], [2953.0, 25512.0], [2955.5, 40000.0], [2957.0, 98517.0], [2959.5, 18055.0], [2960.0, 40000.0], [2961.0, 77247.0], [2962.75, 19624.0], [2966.25, 5641.0], [2966.5, 73225.0]]}}}
{"jsonrpc": "2.0", "method": "subscription", "params": {"channel": "book.ETH-19DEC25.none.20.100ms", "data": {"timestamp": 1765850419081, "change_id": 101605553067, "instrument_name": "ETH-19DEC25", "bids": [[2946.75, 3851.0], [2946.5, 8715.0], [2946.0, 507.0], [2945.75, 2207.0], [2945.5, 2207.0], [2945.25, 2207.0], [2945.0, 2357.0], [2944.75, 2200.0], [2944.5, 2133.0], [2944.25, 7145.0], [2941.0, 7822.0], [2940.75, 38725.0], [2940.5, 1347.0], [2940.25, 4513.0], [2939.5, 18054.0], [2939.25, 40000.0], [2939.0, 74972.0], [2936.25, 49725.0], [2934.5, 20915.0], [2932.75, 40000.0]], "asks": [[2948.25, 2862.0], [2948.5, 11338.0], [2948.75, 507.0], [2949.0, 1700.0], [2949.25, 507.0], [2949.5, 1700.0], [2949.75, 7262.0], [2950.0, 24327.0], [2950.5, 500.0], [2951.0, 2127.0], [2951.25, 7125.0], [2953.0, 25512.0], [2955.5, 40000.0], [2957.0, 98517.0], [2959.5, 18055.0], [2960.0, 40000.0], [2961.0, 77247.0], [2962.75, 19624.0], [2966.25, 5641.0], [2966.5, 73225.0]]}}}
{"jsonrpc": "2.0", "method": "subscription", "params": {"channel": "book.ETH-19DEC25.none.20.100ms", "data": {"timestamp": 1765850419282, "change_id": 101605553385, "instrument_name": "ETH-19DEC25", "bids": [[2946.75, 1250.0], [2946.5, 8715.0], [2946.0, 507.0], [2945.75, 2207.0], [2945.5, 2207.0], [2945.25, 2207.0], [2945.0, 2357.0], [2944.75, 2200.0], [2944.5, 2133.0], [2944.25, 7145.0], [2941.0, 7822.0], [2940.75, 38725.0], [2940.5, 1347.0], [2940.25, 4513.0], [2939.5, 18054.0], [2939.25, 40000.0], [2939.0, 74972.0], [2936.25, 49725.0], [2934.5, 20915.0], [2932.75, 40000.0]], "asks": [[2948.0, 373.0], [2948.25, 4112.0], [2948.5, 10088.0], [2948.75, 507.0], [2949.0, 1700.0], [2949.25, 507.0], [2949.5, 1700.0], [2949.75, 7262.0], [2950.0, 24327.0], [2950.5, 500.0], [2951.0, 2127.0], [2951.25, 7125.0], [2953.0, 25512.0], [2955.5, 40000.0], [2957.0, 98517.0], [2959.5, 18055.0], [2960.0, 40000.0], [2961.0, 77247.0], [2962.75, 19624.0], [2966.25, 5641.0]]}}}
{"jsonrpc": "2.0", "method": "subscription", "params": {"channel": "book.ETH-19DEC25.none.20.100ms", "data": {"timestamp": 1765850419778, "change_id": 101605553812, "instrument_name": "ETH-19DEC25", "bids": [[2946.75, 2950.0], [2946.5, 8715.0], [2946.0, 507.0], [2945.75, 2207.0], [2945.5, 2207.0], [2945.25, 2207.0], [2945.0, 2357.0], [2944.75, 2200.0], [2944.5, 2133.0], [2944.25, 7145.0], [2941.0, 7822.0], [2940.75, 38725.0], [2940.5, 1347.0], [2940.25, 4513.0], [2939.5, 18054.0], [2939.25, 40000.0], [2939.0, 74972.0], [2936.25, 49725.0], [2934.5, 20915.0], [2932.75, 40000.0]], "asks": [[2948.0, 373.0], [2948.25, 4112.0], [2948.5, 10088.0], [2948.75, 507.0], [2949.0, 1700.0], [2949.25, 507.0], [2949.5, 1700.0], [2949.75, 7262.0], [2950.0, 24327.0], [2950.5, 500.0], [2951.0, 2127.0], [2951.25, 7125.0], [2953.0, 25512.0], [2955.5, 40000.0], [2957.0, 98517.0], [2959.5, 18055.0], [2960.0, 40000.0], [2961.0, 77247.0], [2962.75, 19624.0], [2966.25, 5641.0]]}}}
{"jsonrpc": "2.0", "method": "subscription", "params": {"channel": "book.ETH-19DEC25.none.20.100ms", "data": {"timestamp": 1765850420104, "change_id": 101605554217, "instrument_name": "ETH-19DEC25", "bids": [[2946.75, 1250.0], [2946.5, 8715.0], [2946.0, 507.0], [2945.75, 2207.0], [2945.5, 2207.0], [2945.25, 2207.0], [2945.0, 2357.0], [2944.75, 2200.0], [2944.5, 2133.0], [2944.25, 7145.0], [2941.25, 4513.0], [2941.0, 7822.0], [2940.75, 38725.0], [2939.5, 18054.0], [2939.25, 40000.0], [2939.0, 74972.0], [2936.25, 49725.0], [2934.5, 20915.0], [2932.75, 40000.0], [2930.25, 75705.0]], "asks": [[2948.0, 373.0], [2948.25, 4112.0], [2948.5, 10088.0], [2948.75, 507.0], [2949.0, 1700.0], [2949.25, 507.0], [2949.5, 1700.0], [2949.75, 7262.0], [2950.0, 24327.0], [2950.5, 500.0], [2951.0, 2127.0], [2951.25, 7125.0], [2953.0, 25512.0], [2955.5, 40000.0], [2957.0, 98517.0], [2959.5, 18055.0], [2960.0, 40000.0], [2961.0, 77247.0], [2962.75, 19624.0], [2966.25, 5641.0]]}}}
{"jsonrpc": "2.0", "method": "subscription", "params": {"channel": "book.ETH-19DEC25.none.20.100ms", "data": {"timestamp": 1765850420383, "change_id": 101605554733, "instrument_name": "ETH-19DEC25", "bids": [[2946.75, 1250.0], [2946.5, 8715.0], [2946.0, 507.0], [2945.75, 2207.0], [2945.5, 2207.0], [2945.25, 2207.0], [2945.0, 2357.0], [2944.75, 2200.0], [2944.5, 2133.0], [2944.25, 7145.0], [2941.5, 1684.0], [2941.25, 5641.0], [2941.0, 7822.0], [2940.75, 37597.0], [2939.5, 18054.0], [2939.25, 40000.0], [2939.0, 74972.0], [2936.25, 49725.0], [2934.5, 20915.0], [2932.75, 40000.0]], "asks": [[2948.0, 373.0], [2948.25, 4112.0], [2948.5, 10088.0], [2948.75, 507.0], [2949.0, 1700.0], [2949.25, 507.0], [2949.5, 1700.0], [2949.75, 7262.0], [2950.0, 24327.0], [2950.5, 500.0], [2951.0, 2127.0], [2951.25, 7125.0], [2953.0, 25512.0], [2955.5, 40000.0], [2957.0, 98517.0], [2959.5, 18055.0], [2960.0, 40000.0], [2961.0, 77247.0], [2962.75, 19624.0], [2966.25, 5641.0]]}}}
{"jsonrpc": "2.0", "method": "subscription", "params": {"channel": "book.ETH-19DEC25.none.20.100ms", "data": {"timestamp": 1765850420688, "change_id": 101605554951, "instrument_name": "ETH-19DEC25", "bids": [[2947.0, 1250.0], [2946.5, 8715.0], [2946.0, 507.0], [2945.75, 2207.0], [2945.5, 2207.0], [2945.25, 2207.0], [2945.0, 2357.0], [2944.75, 2200.0], [2944.5, 2133.0], [2944.25, 7145.0], [2941.5, 1684.0], [2941.25, 5641.0], [2941.0, 7822.0], [2940.75, 37597.0], [2939.5, 18054.0], [2939.25, 40000.0], [2939.0, 74972.0], [2936.25, 49725.0], [2934.5, 20915.0], [2932.75, 40000.0]], "asks": [[2948.0, 373.0], [2948.25, 4112.0], [2948.5, 10088.0], [2948.75, 507.0], [2949.0, 1700.0], [2949.25, 507.0], [2949.5, 1700.0], [2949.75, 7262.0], [2950.0, 24327.0], [2950.5, 500.0], [2951.0, 2127.0], [2951.25, 7125.0], [2953.0, 25512.0], [2955.5, 40000.0], [2957.0, 98517.0], [2959.5, 18055.0], [2960.0, 40000.0], [2961.0, 77247.0], [2962.75, 19624.0], [2966.25, 5641.0]]}}}
{"jsonrpc": "2.0", "method": "subscription", "params": {"channel": "book.ETH-19DEC25.none.20.100ms", "data": {"timestamp": 1765850421385, "change_id": 101605555921, "instrument_name": "ETH-19DEC25", "bids": [[2946.5, 9965.0], [2946.0, 507.0], [2945.75, 2207.0], [2945.5, 2207.0], [2945.25, 2207.0], [2945.0, 2357.0], [2944.75, 2200.0], [2944.5, 2133.0], [2944.25, 7145.0], [2941.5, 1684.0], [2941.25, 5641.0], [2941.0, 7822.0], [2940.75, 37597.0], [2939.5, 18054.0], [2939.25, 40000.0], [2939.0, 74972.0], [2936.25, 49725.0], [2934.5, 20915.0], [2932.75, 40000.0], [2930.25, 75705.0]], "asks": [[2947.75, 373.0], [2948.0, 1250.0], [2948.25, 2862.0], [2948.5, 10088.0], [2948.75, 507.0], [2949.0, 1700.0], [2949.25, 507.0], [2949.5, 1700.0], [2949.75, 7262.0], [2950.0, 24327.0], [2950.5, 500.0], [2951.0, 2127.0], [2951.25, 7125.0], [2953.0, 25512.0], [2955.5, 40000.0], [2957.0, 98517.0], [2959.5, 18055.0], [2960.0, 40000.0], [2961.0, 77247.0], [2962.75, 19624.0]]}}}
{"jsonrpc": "2.0", "method": "subscription", "params": {"channel": "book.ETH-19DEC25.none.20.100ms", "data": {"timestamp": 1765850421769, "change_id": 101605556351, "instrument_name": "ETH-19DEC25", "bids": [[2946.5, 1250.0], [2946.0, 507.0], [2945.75, 2207.0], [2945.5, 2207.0], [2945.25, 2207.0], [2945.0, 1700.0], [2944.75, 500.0], [2943.25, 2145.0], [2943.0, 7187.0], [2941.5, 1684.0], [2941.25, 5641.0], [2941.0, 7822.0], [2940.75, 37597.0], [2939.5, 18054.0], [2939.25, 40000.0], [2939.0, 74972.0], [2936.25, 49725.0], [2934.5, 20915.0], [2932.75, 40000.0], [2930.25, 75705.0]], "asks": [[2947.75, 2927.0], [2948.0, 9965.0], [2948.25, 299.0], [2948.5, 1000.0], [2948.75, 507.0], [2949.0, 1700.0], [2949.25, 507.0], [2949.5, 1700.0], [2949.75, 7262.0], [2950.0, 24327.0], [2950.5, 500.0], [2951.0, 2127.0], [2951.25, 7125.0], [2953.0, 25512.0], [2955.5, 40000.0], [2957.0, 98517.0], [2959.5, 18055.0], [2960.0, 40000.0], [2961.0, 77247.0], [2962.75, 19624.0]]}}}
{"jsonrpc": "2.0", "method": "subscription", "params": {"channel": "book.ETH-19DEC25.none.20.100ms", "data": {"timestamp": 1765850422096, "change_id": 101605557107, "instrument_name": "ETH-19DEC25", "bids": [[2946.0, 10472.0], [2945.75, 2207.0], [2945.5, 2207.0], [2945.25, 2207.0], [2945.0, 1700.0], [2944.75, 500.0], [2943.75, 3694.0], [2943.5, 12375.0], [2941.75, 7529.0], [2941.5, 26906.0], [2941.25, 5641.0], [2940.75, 7438.0], [2939.5, 18054.0], [2939.25, 40000.0], [2939.0, 74972.0], [2936.25, 49725.0], [2934.5, 20915.0], [2932.75, 40000.0], [2930.25, 75705.0], [2930.0, 300.0]], "asks": [[2947.5, 2601.0], [2947.75, 10338.0], [2948.25, 299.0], [2948.5, 1000.0], [2948.75, 507.0], [2949.0, 1700.0], [2949.25, 507.0], [2949.5, 1700.0], [2949.75, 7262.0], [2950.0, 24327.0], [2950.5, 500.0], [2951.0, 2127.0], [2951.25, 7125.0], [2953.0, 25512.0], [2953.75, 49350.0], [2955.5, 40000.0], [2957.0, 49167.0], [2959.5, 18055.0], [2960.0, 40000.0], [2961.0, 77247.0]]}}}
{"jsonrpc": "2.0", "method": "subscription", "params": {"channel": "book.ETH-19DEC25.none.20.100ms", "data": {"timestamp": 1765850422331, "change_id": 101605557687, "instrument_name": "ETH-19DEC25", "bids": [[2946.25, 1250.0], [2946.0, 9222.0], [2945.75, 2207.0], [2945.5, 2207.0], [2945.25, 2207.0], [2945.0, 1700.0], [2944.75, 500.0], [2944.25, 2147.0], [2944.0, 7192.0], [2943.75, 3694.0], [2943.5, 12375.0], [2941.75, 7529.0], [2941.5, 26906.0], [2941.25, 5641.0], [2939.5, 18054.0], [2939.25, 40000.0], [2939.0, 74972.0], [2936.25, 49725.0], [2934.5, 20915.0], [2932.75, 40000.0]], "asks": [[2947.5, 2601.0], [2947.75, 10338.0], [2948.25, 299.0], [2948.5, 1000.0], [2948.75, 507.0], [2949.0, 1700.0], [2949.25, 507.0], [2949.5, 1700.0], [2949.75, 7262.0], [2950.0, 24327.0], [2950.5, 500.0], [2951.0, 2127.0], [2951.25, 7125.0], [2953.0, 25512.0], [2953.75, 49350.0], [2955.5, 40000.0], [2957.0, 49167.0], [2959.5, 18055.0], [2960.0, 40000.0], [2961.0, 77247.0]]}}}
{"jsonrpc": "2.0", "method": "subscription", "params": {"channel": "book.ETH-19DEC25.none.20.100ms", "data": {"timestamp": 1765850422746, "change_id": 101605558015, "instrument_name": "ETH-19DEC25", "bids": [[2946.25, 1250.0], [2946.0, 9222.0], [2945.75, 2207.0], [2945.5, 1700.0], [2945.25, 507.0], [2945.0, 1700.0], [2944.75, 1007.0], [2944.5, 1700.0], [2944.25, 2147.0], [2944.0, 7192.0], [2943.75, 3694.0], [2943.5, 12375.0], [2941.75, 7529.0], [2941.5, 26906.0], [2941.25, 5641.0], [2939.5, 18054.0], [2939.25, 40000.0], [2939.0, 74972.0], [2936.25, 49725.0], [2934.5, 20915.0]], "asks": [[2947.5, 2601.0], [2947.75, 10338.0], [2948.25, 299.0], [2948.5, 1000.0], [2948.75, 507.0], [2949.0, 1700.0], [2949.25, 507.0], [2949.5, 1700.0], [2949.75, 7262.0], [2950.0, 24327.0], [2950.5, 500.0], [2951.0, 2127.0], [2951.25, 7125.0], [2953.0, 25512.0], [2953.75, 49350.0], [2955.5, 40000.0], [2957.0, 49167.0], [2959.5, 18055.0], [2960.0, 40000.0], [2961.0, 77247.0]]}}}
{"jsonrpc": "2.0", "method": "subscription", "params": {"channel": "book.ETH-19DEC25.none.20.100ms", "data": {"timestamp": 1765850423365, "change_id": 101605558821, "instrument_name": "ETH-19DEC25", "bids": [[2946.25, 1250.0], [2946.0, 9222.0], [2945.75, 2207.0], [2945.5, 1700.0], [2945.25, 507.0], [2945.0, 1700.0], [2944.75, 1007.0], [2944.5, 1700.0], [2944.25, 5566.0], [2944.0, 19567.0], [2942.0, 7529.0], [2941.75, 25222.0], [2941.5, 1684.0], [2941.25, 5641.0], [2939.5, 18054.0], [2939.25, 40000.0], [2939.0, 74972.0], [2936.25, 49725.0], [2934.5, 20915.0], [2932.75, 40000.0]], "asks": [[2947.5, 2601.0], [2947.75, 10338.0], [2948.25, 299.0], [2948.5, 8262.0], [2948.75, 24834.0], [2949.0, 1700.0], [2949.25, 507.0], [2949.5, 1700.0], [2950.5, 500.0], [2951.0, 2127.0], [2951.25, 7125.0], [2953.0, 25512.0], [2953.75, 49350.0], [2955.5, 40000.0], [2957.0, 49167.0], [2959.5, 18055.0], [2960.0, 40000.0], [2961.0, 77247.0], [2962.75, 19624.0], [2966.25, 5641.0]]}}}
{"jsonrpc": "2.0", "method": "subscription", "params": {"channel": "book.ETH-19DEC25.none.20.100ms", "data": {"timestamp": 1765850423776, "change_id": 101605559114, "instrument_name": "ETH-19DEC25", "bids": [[2946.25, 1250.0], [2946.0, 9222.0], [2945.75, 507.0], [2945.5, 1700.0], [2945.25, 507.0], [2945.0, 1700.0], [2944.75, 1007.0], [2944.5, 1700.0], [2944.25, 5566.0], [2944.0, 19567.0], [2942.0, 7529.0], [2941.75, 25222.0], [2941.5, 1684.0], [2941.25, 5641.0], [2939.5, 18054.0], [2939.25, 40000.0], [2939.0, 74972.0], [2936.25, 49725.0], [2934.5, 20915.0], [2932.75, 40000.0]], "asks": [[2947.5, 2601.0], [2947.75, 10338.0], [2948.25, 299.0], [2948.5, 8262.0], [2948.75, 24834.0], [2949.0, 1700.0], [2950.5, 500.0], [2951.0, 2127.0], [2951.25, 7125.0], [2953.0, 25512.0], [2953.75, 49350.0], [2955.5, 40000.0], [2957.0, 49167.0], [2959.5, 18055.0], [2960.0, 40000.0], [2961.0, 77247.0], [2962.75, 19624.0], [2966.25, 5641.0], [2966.5, 73225.0], [2967.25, 40000.0]]}}}
{"jsonrpc": "2.0", "method": "subscription", "params": {"channel": "book.ETH-19DEC25.none.20.100ms", "data": {"timestamp": 1765850424109, "change_id": 101605559543, "instrument_name": "ETH-19DEC25", "bids": [[2946.25, 1250.0], [2946.0, 8715.0], [2945.5, 1700.0], [2945.25, 507.0], [2945.0, 1700.0], [2944.75, 1007.0], [2944.5, 1700.0], [2942.25, 14482.0], [2942.0, 7058.0], [2941.5, 1684.0], [2941.25, 5641.0], [2939.5, 18054.0], [2939.25, 40000.0], [2939.0, 74972.0], [2936.25, 49725.0], [2934.5, 20915.0], [2932.75, 40000.0], [2930.25, 75705.0], [2930.0, 300.0], [2929.0, 300.0]], "asks": [[2947.5, 2601.0], [2947.75, 10338.0], [2948.25, 299.0], [2948.5, 8262.0], [2948.75, 24834.0], [2949.0, 1700.0], [2950.5, 500.0], [2951.0, 2127.0], [2951.25, 7125.0], [2953.0, 25512.0], [2953.75, 49350.0], [2955.5, 40000.0], [2957.0, 49167.0], [2959.5, 18055.0], [2960.0, 40000.0], [2961.0, 77247.0], [2962.75, 19624.0], [2966.25, 5641.0], [2966.5, 73225.0], [2967.25, 40000.0]]}}}
{"jsonrpc": "2.0", "method": "subscription", "params": {"channel": "book.ETH-19DEC25.none.20.100ms", "data": {"timestamp": 1765850424387, "change_id": 101605560874, "instrument_name": "ETH-19DEC25", "bids": [[2945.75, 8715.0], [2945.5, 2950.0], [2945.25, 507.0], [2945.0, 1700.0], [2944.75, 1007.0], [2944.5, 1700.0], [2941.5, 1684.0], [2941.25, 5641.0], [2940.5, 2117.0], [2940.25, 7092.0], [2940.0, 7529.0], [2939.75, 25222.0], [2939.5, 18054.0], [2939.25, 40000.0], [2939.0, 74972.0], [2936.25, 49725.0], [2934.5, 20915.0], [2932.75, 40000.0], [2930.25, 75705.0], [2930.0, 300.0]], "asks": [[2947.0, 2601.0], [2947.25, 10472.0], [2947.5, 1999.0], [2947.75, 1000.0], [2948.5, 7262.0], [2948.75, 24834.0], [2949.0, 1700.0], [2950.5, 500.0], [2951.0, 2127.0], [2951.25, 7125.0], [2953.0, 25512.0], [2953.75, 49350.0], [2955.5, 40000.0], [2957.0, 49167.0], [2959.5, 18055.0], [2960.0, 40000.0], [2961.0, 77247.0], [2962.75, 19624.0], [2966.25, 5641.0], [2966.5, 73225.0]]}}}
{"jsonrpc": "2.0", "method": "subscription", "params": {"channel": "book.ETH-19DEC25.none.20.100ms", "data": {"timestamp": 1765850424741, "change_id": 101605562394, "instrument_name": "ETH-19DEC25", "bids": [[2945.25, 8715.0], [2945.0, 2950.0], [2944.75, 500.0], [2942.0, 2187.0], [2941.75, 7326.0], [2941.25, 5641.0], [2940.0, 7529.0], [2939.75, 25222.0], [2939.5, 18054.0], [2939.0, 74972.0], [2937.5, 40000.0], [2936.25, 49725.0], [2934.5, 20915.0], [2932.75, 40000.0], [2930.25, 75705.0], [2930.0, 300.0], [2929.0, 300.0], [2928.0, 300.0], [2926.0, 300.0], [2925.75, 72219.0]], "asks": [[2946.75, 9965.0], [2947.5, 1999.0], [2947.75, 6060.0], [2948.0, 16950.0], [2948.75, 24327.0], [2949.75, 7159.0], [2950.5, 500.0], [2953.0, 25512.0], [2953.75, 49350.0], [2955.5, 40000.0], [2957.0, 49167.0], [2959.5, 18055.0], [2960.0, 40000.0], [2961.0, 77247.0], [2962.75, 19624.0], [2966.25, 5641.0], [2966.5, 73325.0], [2967.25, 40000.0], [2971.25, 49402.0], [2979.0, 72220.0]]}}}
{"jsonrpc": "2.0", "method": "subscription", "params": {"channel": "book.ETH-19DEC25.none.20.100ms", "data": {"timestamp": 1765850424999, "change_id": 101605562909, "instrument_name": "ETH-19DEC25", "bids": [[2945.0, 9965.0], [2944.75, 500.0], [2941.75, 7326.0], [2941.5, 12375.0], [2939.0, 24622.0], [2937.5, 40000.0], [2936.75, 50350.0], [2936.25, 49725.0], [2934.5, 20915.0], [2932.75, 40000.0], [2930.25, 75705.0], [2930.0, 300.0], [2929.0, 300.0], [2928.0, 300.0], [2926.0, 300.0], [2925.5, 40000.0], [2925.25, 100.0], [2924.0, 74365.0], [2916.75, 49962.0], [2906.25, 48727.0]], "asks": [[2946.5, 1250.0], [2946.75, 8715.0], [2947.5, 1700.0], [2948.75, 24327.0], [2949.75, 7159.0], [2950.5, 500.0], [2953.0, 25512.0], [2953.75, 49350.0], [2955.5, 40000.0], [2957.0, 49167.0], [2959.5, 18055.0], [2960.0, 40000.0], [2961.0, 77247.0], [2962.75, 19624.0], [2966.25, 5741.0], [2966.5, 73225.0], [2967.25, 40000.0], [2971.25, 49402.0], [2979.0, 72220.0], [2979.25, 49285.0]]}}}
{"jsonrpc": "2.0", "method": "subscription", "params": {"channel": "book.ETH-19DEC25.none.20.100ms", "data": {"timestamp": 1765850425335, "change_id": 101605564468, "instrument_name": "ETH-19DEC25", "bids": [[2945.0, 9965.0], [2944.75, 500.0], [2942.0, 2187.0], [2941.75, 7326.0], [2940.75, 3694.0], [2940.5, 12375.0], [2939.75, 7529.0], [2939.5, 25222.0], [2939.25, 7350.0], [2939.0, 24622.0], [2937.75, 11940.0], [2937.5, 40000.0], [2936.75, 50350.0], [2936.25, 49725.0], [2934.5, 20915.0], [2932.75, 40000.0], [2930.25, 75705.0], [2930.0, 300.0], [2929.0, 300.0], [2928.0, 300.0]], "asks": [[2945.75, 763.0], [2946.0, 2927.0], [2946.25, 9965.0], [2947.0, 5058.0], [2947.25, 17453.0], [2947.5, 1700.0], [2948.5, 7262.0], [2948.75, 24327.0], [2949.5, 2137.0], [2949.75, 7159.0], [2950.5, 500.0], [2953.0, 25512.0], [2953.75, 49350.0], [2955.5, 40000.0], [2957.0, 49167.0], [2959.5, 18055.0], [2960.0, 40000.0], [2961.0, 77247.0], [2962.75, 19624.0], [2966.0, 100.0]]}}}
{"jsonrpc": "2.0", "method": "subscription", "params": {"channel": "book.ETH-19DEC25.none.20.100ms", "data": {"timestamp": 1765850425716, "change_id": 101605565454, "instrument_name": "ETH-19DEC25", "bids": [[2945.25, 2950.0], [2945.0, 10415.0], [2944.75, 500.0], [2942.0, 2187.0], [2941.75, 7326.0], [2940.75, 3694.0], [2940.5, 12375.0], [2939.75, 7529.0], [2939.5, 25222.0], [2939.25, 7350.0], [2939.0, 24622.0], [2937.75, 11940.0], [2937.5, 40000.0], [2936.75, 50350.0], [2936.25, 49725.0], [2934.5, 20915.0], [2932.75, 40000.0], [2930.25, 75705.0], [2930.0, 300.0], [2929.0, 300.0]], "asks": [[2946.5, 2927.0], [2946.75, 9965.0], [2948.0, 507.0], [2948.25, 1700.0], [2948.5, 7262.0], [2948.75, 24327.0], [2950.5, 500.0], [2952.0, 2195.0], [2952.25, 7354.0], [2953.0, 25512.0], [2953.75, 49350.0], [2955.5, 40000.0], [2957.0, 49167.0], [2959.5, 18055.0], [2960.0, 40000.0], [2961.0, 77247.0], [2962.75, 19624.0], [2966.25, 5641.0], [2966.5, 73325.0], [2967.25, 40000.0]]}}}
{"jsonrpc": "2.0", "method": "subscription", "params": {"channel": "book.ETH-19DEC25.none.20.100ms", "data": {"timestamp": 1765850426030, "change_id": 101605566616, "instrument_name": "ETH-19DEC25", "bids": [[2945.75, 1250.0], [2945.5, 10922.0], [2945.25, 2207.0], [2945.0, 1700.0], [2944.75, 500.0], [2942.0, 2187.0], [2941.75, 7326.0], [2941.25, 3694.0], [2941.0, 12375.0], [2940.25, 7529.0], [2940.0, 25222.0], [2939.25, 7350.0], [2939.0, 24622.0], [2937.75, 11940.0], [2937.5, 40000.0], [2936.75, 50350.0], [2936.25, 49725.0], [2934.5, 20915.0], [2932.75, 40000.0], [2930.25, 75705.0]], "asks": [[2947.0, 2601.0], [2947.25, 9965.0], [2948.0, 507.0], [2948.25, 1700.0], [2948.5, 7262.0], [2948.75, 24327.0], [2949.25, 2124.0], [2949.5, 7117.0], [2950.5, 500.0], [2952.75, 7615.0], [2953.0, 25512.0], [2953.75, 49350.0], [2955.5, 40000.0], [2957.0, 49167.0], [2959.5, 18055.0], [2960.0, 40000.0], [2961.0, 77247.0], [2962.75, 19624.0], [2966.25, 5641.0], [2966.5, 73225.0]]}}}
{"jsonrpc": "2.0", "method": "subscription", "params": {"channel": "book.ETH-19DEC25.none.20.100ms", "data": {"timestamp": 1765850426374, "change_id": 101605567524, "instrument_name": "ETH-19DEC25", "bids": [[2945.75, 1250.0], [2945.5, 10922.0], [2945.25, 2207.0], [2945.0, 1700.0], [2944.75, 500.0], [2942.0, 2187.0], [2941.75, 7326.0], [2941.25, 3694.0], [2941.0, 12375.0], [2940.25, 7529.0], [2940.0, 25222.0], [2939.25, 7350.0], [2939.0, 24622.0], [2937.75, 11940.0], [2937.5, 40000.0], [2936.75, 50350.0], [2936.25, 49725.0], [2934.5, 20915.0], [2932.75, 40000.0], [2930.5, 18054.0]], "asks": [[2947.0, 2601.0], [2947.25, 9965.0], [2948.0, 507.0], [2948.25, 1700.0], [2948.5, 7262.0], [2948.75, 24327.0], [2949.25, 2124.0], [2949.5, 7117.0], [2950.5, 500.0], [2952.75, 7615.0], [2953.0, 25512.0], [2953.75, 49350.0], [2955.5, 40000.0], [2957.0, 49167.0], [2959.5, 18055.0], [2960.0, 40000.0], [2961.0, 77247.0], [2962.75, 19624.0], [2966.25, 5641.0], [2966.5, 73225.0]]}}}
{"jsonrpc": "2.0", "method": "subscription", "params": {"channel": "book.ETH-19DEC25.none.20.100ms", "data": {"timestamp": 1765850426696, "change_id": 101605567999, "instrument_name": "ETH-19DEC25", "bids": [[2945.75, 1250.0], [2945.5, 9222.0], [2945.25, 2207.0], [2945.0, 1700.0], [2944.75, 500.0], [2942.0, 2187.0], [2941.75, 7326.0], [2941.25, 3694.0], [2941.0, 12375.0], [2940.25, 7529.0], [2940.0, 25222.0], [2939.25, 7350.0], [2939.0, 24622.0], [2937.75, 11940.0], [2937.5, 40000.0], [2936.75, 50350.0], [2936.25, 49725.0], [2934.5, 20915.0], [2932.75, 40000.0], [2930.5, 18054.0]], "asks": [[2946.75, 624.0], [2947.0, 4851.0], [2947.25, 8715.0], [2948.0, 507.0], [2948.25, 1700.0], [2948.5, 7262.0], [2948.75, 24327.0], [2949.25, 2124.0], [2949.5, 7117.0], [2950.5, 500.0], [2952.75, 7615.0], [2953.0, 25512.0], [2953.75, 49350.0], [2955.5, 40000.0], [2957.0, 49167.0], [2959.5, 18055.0], [2960.0, 40000.0], [2961.0, 77247.0], [2962.75, 19624.0], [2966.25, 5641.0]]}}}
{"jsonrpc": "2.0", "method": "subscription", "params": {"channel": "book.ETH-19DEC25.none.20.100ms", "data": {"timestamp": 1765850427040, "change_id": 101605568811, "instrument_name": "ETH-19DEC25", "bids": [[2945.25, 1250.0], [2945.0, 10415.0], [2944.75, 500.0], [2942.0, 2187.0], [2941.75, 7326.0], [2941.5, 3694.0], [2941.25, 12375.0], [2939.75, 7529.0], [2939.5, 25222.0], [2939.25, 7350.0], [2939.0, 24622.0], [2937.75, 11940.0], [2937.5, 40000.0], [2936.75, 50350.0], [2936.25, 49725.0], [2934.5, 20915.0], [2932.75, 40000.0], [2930.5, 18054.0], [2930.25, 75705.0], [2930.0, 300.0]], "asks": [[2946.0, 2602.0], [2946.25, 9088.0], [2946.5, 1250.0], [2946.75, 373.0], [2947.0, 1000.0], [2948.0, 507.0], [2948.25, 1700.0], [2948.5, 7262.0], [2948.75, 24327.0], [2949.25, 2124.0], [2949.5, 7117.0], [2950.5, 500.0], [2952.75, 7615.0], [2953.0, 25512.0], [2953.75, 49350.0], [2955.5, 40000.0], [2957.0, 49167.0], [2959.5, 18055.0], [2960.0, 40000.0], [2961.0, 77247.0]]}}}
{"jsonrpc": "2.0", "method": "subscription", "params": {"channel": "book.ETH-19DEC25.none.20.100ms", "data": {"timestamp": 1765850427346, "change_id": 101605569650, "instrument_name": "ETH-19DEC25", "bids": [[2945.0, 8715.0], [2944.75, 1750.0], [2942.0, 2187.0], [2941.75, 7326.0], [2941.5, 3694.0], [2941.25, 12375.0], [2940.0, 337.0], [2939.75, 8657.0], [2939.5, 25222.0], [2939.25, 7350.0], [2939.0, 24622.0], [2937.75, 16453.0], [2937.5, 40000.0], [2936.75, 50350.0], [2936.25, 49725.0], [2934.5, 20915.0], [2932.75, 40000.0], [2930.5, 18054.0], [2930.25, 75705.0], [2930.0, 300.0]], "asks": [[2946.0, 2602.0], [2946.25, 9088.0], [2946.5, 1250.0], [2946.75, 373.0], [2947.0, 6058.0], [2947.25, 16946.0], [2948.0, 507.0], [2948.25, 1700.0], [2948.5, 7262.0], [2948.75, 24327.0], [2949.25, 2124.0], [2949.5, 7117.0], [2950.5, 500.0], [2952.75, 7615.0], [2953.0, 25512.0], [2953.75, 49350.0], [2955.5, 40000.0], [2957.0, 49167.0], [2959.5, 18055.0], [2960.0, 40000.0]]}}}
{"jsonrpc": "2.0", "method": "subscription", "params": {"channel": "book.ETH-19DEC25.none.20.100ms", "data": {"timestamp": 1765850427691, "change_id": 101605570105, "instrument_name": "ETH-19DEC25", "bids": [[2945.0, 9965.0], [2944.75, 500.0], [2942.0, 2187.0], [2941.75, 7326.0], [2941.5, 3694.0], [2941.25, 12375.0], [2940.0, 337.0], [2939.75, 8657.0], [2939.5, 25222.0], [2939.25, 7350.0], [2939.0, 24622.0], [2937.75, 16453.0], [2937.5, 40000.0], [2936.75, 50350.0], [2936.25, 49725.0], [2934.5, 20915.0], [2932.75, 40000.0], [2930.5, 18054.0], [2930.25, 75705.0], [2930.0, 300.0]], "asks": [[2946.0, 2602.0], [2946.25, 9088.0], [2946.5, 1757.0], [2946.75, 2073.0], [2947.0, 6058.0], [2947.25, 16946.0], [2948.0, 507.0], [2948.25, 1700.0], [2948.5, 7262.0], [2948.75, 24327.0], [2949.25, 2124.0], [2949.5, 7117.0], [2950.5, 500.0], [2952.75, 7615.0], [2953.0, 25512.0], [2953.75, 49350.0], [2955.5, 40000.0], [2957.0, 49167.0], [2959.5, 18055.0], [2960.0, 40000.0]]}}}
{"jsonrpc": "2.0", "method": "subscription", "params": {"channel": "book.ETH-19DEC25.none.20.100ms", "data": {"timestamp": 1765850427929, "change_id": 101605570325, "instrument_name": "ETH-19DEC25", "bids": [[2945.0, 9965.0], [2944.75, 500.0], [2942.0, 2187.0], [2941.75, 7326.0], [2941.5, 3694.0], [2941.25, 12375.0], [2940.0, 337.0], [2939.75, 8657.0], [2939.5, 25222.0], [2939.25, 7350.0], [2939.0, 24622.0], [2937.75, 16453.0], [2937.5, 40000.0], [2936.75, 50350.0], [2936.25, 49725.0], [2934.5, 20915.0], [2932.75, 40000.0], [2930.5, 18054.0], [2930.25, 75705.0], [2930.0, 300.0]], "asks": [[2946.0, 2602.0], [2946.25, 9965.0], [2946.5, 507.0], [2946.75, 2073.0], [2947.0, 6058.0], [2947.25, 16946.0], [2948.0, 507.0], [2948.25, 1700.0], [2948.5, 7262.0], [2948.75, 24327.0], [2949.25, 2124.0], [2949.5, 7117.0], [2950.5, 500.0], [2952.75, 7615.0], [2953.0, 25512.0], [2953.75, 49350.0], [2955.5, 40000.0], [2957.0, 49167.0], [2959.5, 18055.0], [2960.0, 40000.0]]}}}
{"jsonrpc": "2.0", "method": "subscription", "params": {"channel": "book.ETH-19DEC25.none.20.100ms", "data": {"timestamp": 1765850428185, "change_id": 101605570679, "instrument_name": "ETH-19DEC25", "bids": [[2945.0, 9965.0], [2944.75, 500.0], [2942.0, 2187.0], [2941.75, 7326.0], [2940.5, 3694.0], [2940.25, 12375.0], [2940.0, 7822.0], [2939.75, 26350.0], [2939.25, 7350.0], [2939.0, 24622.0], [2938.0, 1347.0], [2937.75, 16453.0], [2937.5, 40000.0], [2936.75, 50350.0], [2936.25, 49725.0], [2934.5, 20915.0], [2932.75, 40000.0], [2930.5, 18054.0], [2930.25, 75705.0], [2930.0, 300.0]], "asks": [[2946.0, 2602.0], [2946.25, 9965.0], [2946.5, 507.0], [2946.75, 2073.0], [2947.0, 6058.0], [2947.25, 16946.0], [2948.0, 507.0], [2948.25, 1700.0], [2948.5, 7262.0], [2948.75, 24327.0], [2949.25, 2124.0], [2949.5, 7117.0], [2950.5, 500.0], [2952.75, 7615.0], [2953.0, 25512.0], [2953.75, 49350.0], [2955.5, 40000.0], [2957.0, 49167.0], [2959.5, 18055.0], [2960.0, 40000.0]]}}}
{"jsonrpc": "2.0", "method": "subscription", "params": {"channel": "book.ETH-19DEC25.none.20.100ms", "data": {"timestamp": 1765850428678, "change_id": 101605571183, "instrument_name": "ETH-19DEC25", "bids": [[2945.0, 11665.0], [2944.75, 500.0], [2942.0, 2187.0], [2941.75, 7326.0], [2940.5, 3694.0], [2940.25, 12375.0], [2940.0, 7822.0], [2939.75, 26350.0], [2939.25, 7350.0], [2939.0, 24622.0], [2938.0, 1347.0], [2937.75, 16453.0], [2937.5, 40000.0], [2936.75, 50350.0], [2936.25, 49725.0], [2934.5, 20915.0], [2932.75, 40000.0], [2930.5, 18054.0], [2930.25, 75705.0], [2930.0, 300.0]], "asks": [[2946.0, 2602.0], [2946.25, 9965.0], [2946.5, 507.0], [2946.75, 2073.0], [2947.0, 6058.0], [2947.25, 16946.0], [2948.0, 507.0], [2948.25, 1700.0], [2948.5, 7262.0], [2948.75, 24327.0], [2949.25, 2124.0], [2949.5, 7117.0], [2950.5, 500.0], [2952.75, 7615.0], [2953.0, 25512.0], [2953.75, 49350.0], [2955.5, 40000.0], [2957.0, 49167.0], [2959.5, 18055.0], [2960.0, 40000.0]]}}}
{"jsonrpc": "2.0", "method": "subscription", "params": {"channel": "book.ETH-19DEC25.none.20.100ms", "data": {"timestamp": 1765850428859, "change_id": 101605571309, "instrument_name": "ETH-19DEC25", "bids": [[2945.0, 9965.0], [2944.75, 500.0], [2942.0, 2187.0], [2941.75, 7326.0], [2940.5, 3694.0], [2940.25, 12375.0], [2940.0, 7822.0], [2939.75, 26350.0], [2939.25, 7350.0], [2939.0, 24622.0], [2938.0, 1347.0], [2937.75, 16453.0], [2937.5, 40000.0], [2936.75, 50350.0], [2936.25, 49725.0], [2934.5, 20915.0], [2932.75, 40000.0], [2930.5, 18054.0], [2930.25, 75705.0], [2930.0, 300.0]], "asks": [[2946.0, 2602.0], [2946.25, 9965.0], [2946.5, 507.0], [2946.75, 2073.0], [2947.0, 6058.0], [2947.25, 16946.0], [2948.0, 507.0], [2948.25, 1700.0], [2948.5, 7262.0], [2948.75, 24327.0], [2949.25, 2124.0], [2949.5, 7117.0], [2950.5, 500.0], [2952.75, 7615.0], [2953.0, 25512.0], [2953.75, 49350.0], [2955.5, 40000.0], [2957.0, 49167.0], [2959.5, 18055.0], [2960.0, 40000.0]]}}}
{"jsonrpc": "2.0", "method": "subscription", "params": {"channel": "book.ETH-19DEC25.none.20.100ms", "data": {"timestamp": 1765850429220, "change_id": 101605571811, "instrument_name": "ETH-19DEC25", "bids": [[2945.0, 9965.0], [2944.75, 500.0], [2942.0, 2187.0], [2941.75, 7326.0], [2940.5, 3694.0], [2940.25, 13722.0], [2940.0, 12335.0], [2939.75, 26350.0], [2939.25, 7350.0], [2939.0, 24622.0], [2937.75, 11940.0], [2937.5, 40000.0], [2936.75, 50350.0], [2936.25, 49725.0], [2934.5, 20915.0], [2932.75, 40000.0], [2930.5, 18054.0], [2930.25, 75705.0], [2930.0, 300.0], [2929.0, 300.0]], "asks": [[2946.0, 2602.0], [2946.25, 9965.0], [2946.5, 507.0], [2946.75, 2073.0], [2947.0, 6058.0], [2947.25, 16946.0], [2948.0, 507.0], [2948.25, 1700.0], [2948.5, 7262.0], [2948.75, 24327.0], [2949.25, 2124.0], [2949.5, 7117.0], [2950.5, 500.0], [2952.75, 7615.0], [2953.0, 25512.0], [2953.75, 49350.0], [2955.5, 40000.0], [2957.0, 49167.0], [2959.5, 18055.0], [2960.0, 40000.0]]}}}
{"jsonrpc": "2.0", "method": "subscription", "params": {"channel": "book.ETH-19DEC25.none.20.100ms", "data": {"timestamp": 1765850429681, "change_id": 101605572404, "instrument_name": "ETH-19DEC25", "bids": [[2945.25, 2950.0], [2945.0, 10415.0], [2944.75, 500.0], [2942.0, 2187.0], [2941.75, 7326.0], [2940.5, 3694.0], [2940.25, 13722.0], [2940.0, 12335.0], [2939.75, 26350.0], [2939.25, 7350.0], [2939.0, 24622.0], [2937.75, 11940.0], [2937.5, 40000.0], [2936.75, 50350.0], [2936.25, 49725.0], [2934.5, 20915.0], [2932.75, 40000.0], [2930.5, 18054.0], [2930.25, 75705.0], [2930.0, 300.0]], "asks": [[2946.0, 2602.0], [2946.25, 8715.0], [2946.5, 841.0], [2946.75, 3323.0], [2947.0, 6058.0], [2947.25, 16946.0], [2948.0, 507.0], [2948.25, 1700.0], [2948.5, 7262.0], [2948.75, 24327.0], [2949.25, 2124.0], [2949.5, 7117.0], [2950.5, 500.0], [2952.75, 7615.0], [2953.0, 25512.0], [2953.75, 49350.0], [2955.5, 40000.0], [2957.0, 49167.0], [2959.5, 18055.0], [2960.0, 40000.0]]}}}
{"jsonrpc": "2.0", "method": "subscription", "params": {"channel": "book.ETH-19DEC25.none.20.100ms", "data": {"timestamp": 1765850430024, "change_id": 101605572745, "instrument_name": "ETH-19DEC25", "bids": [[2945.25, 1250.0], [2945.0, 10415.0], [2944.75, 500.0], [2942.0, 2187.0], [2941.75, 7326.0], [2940.5, 3694.0], [2940.25, 13722.0], [2940.0, 12335.0], [2939.75, 26350.0], [2939.25, 7350.0], [2939.0, 24622.0], [2937.75, 11940.0], [2937.5, 40000.0], [2936.75, 50350.0], [2936.25, 49725.0], [2934.5, 20915.0], [2932.75, 40000.0], [2930.5, 18054.0], [2930.25, 75705.0], [2930.0, 300.0]], "asks": [[2946.0, 2602.0], [2946.25, 8715.0], [2946.5, 841.0], [2946.75, 3323.0], [2947.0, 6058.0], [2947.25, 16946.0], [2948.0, 507.0], [2948.25, 1700.0], [2948.5, 7262.0], [2948.75, 24327.0], [2949.25, 2124.0], [2949.5, 7117.0], [2950.5, 500.0], [2952.75, 7615.0], [2953.0, 25512.0], [2953.75, 49350.0], [2955.5, 40000.0], [2957.0, 49167.0], [2959.5, 18055.0], [2960.0, 40000.0]]}}}
{"jsonrpc": "2.0", "method": "subscription", "params": {"channel": "book.ETH-19DEC25.none.20.100ms", "data": {"timestamp": 1765850430282, "change_id": 101605573093, "instrument_name": "ETH-19DEC25", "bids": [[2945.25, 1250.0], [2945.0, 10415.0], [2944.75, 500.0], [2942.0, 2187.0], [2941.75, 7326.0], [2940.75, 337.0], [2940.5, 4822.0], [2940.25, 13722.0], [2940.0, 12335.0], [2939.75, 25222.0], [2939.25, 7350.0], [2939.0, 24622.0], [2937.75, 11940.0], [2937.5, 40000.0], [2936.75, 50350.0], [2936.25, 49725.0], [2934.5, 20915.0], [2932.75, 40000.0], [2930.5, 18054.0], [2930.25, 75705.0]], "asks": [[2946.0, 2602.0], [2946.25, 9088.0], [2946.5, 1559.0], [2946.75, 2073.0], [2947.0, 6058.0], [2947.25, 16946.0], [2948.0, 507.0], [2948.25, 1700.0], [2948.5, 7262.0], [2948.75, 24327.0], [2949.25, 2124.0], [2949.5, 7117.0], [2950.5, 500.0], [2952.75, 7615.0], [2953.0, 25512.0], [2953.75, 49350.0], [2955.5, 40000.0], [2957.0, 49167.0], [2959.5, 18055.0], [2960.0, 40000.0]]}}}
{"jsonrpc": "2.0", "method": "subscription", "params": {"channel": "book.ETH-19DEC25.none.20.100ms", "data": {"timestamp": 1765850430719, "change_id": 101605573691, "instrument_name": "ETH-19DEC25", "bids": [[2945.5, 1250.0], [2945.25, 1343.0], [2945.0, 10415.0], [2944.75, 500.0], [2942.5, 3694.0], [2942.25, 12375.0], [2942.0, 2187.0], [2941.75, 7326.0], [2940.75, 337.0], [2940.5, 26350.0], [2940.25, 1347.0], [2940.0, 4850.0], [2939.25, 7350.0], [2939.0, 24622.0], [2937.75, 11940.0], [2937.5, 40000.0], [2937.0, 18054.0], [2936.75, 50350.0], [2936.25, 49725.0], [2934.5, 20915.0]], "asks": [[2946.75, 3193.0], [2947.0, 16023.0], [2947.25, 16946.0], [2948.0, 507.0], [2948.25, 1700.0], [2948.5, 7262.0], [2948.75, 24327.0], [2950.5, 500.0], [2952.75, 7615.0], [2953.0, 25512.0], [2953.75, 49350.0], [2955.5, 40000.0], [2957.0, 49167.0], [2959.5, 18055.0], [2960.0, 40000.0], [2961.0, 77247.0], [2962.75, 19624.0], [2966.25, 5641.0], [2966.5, 73325.0], [2967.25, 40000.0]]}}}
{"jsonrpc": "2.0", "method": "subscription", "params": {"channel": "book.ETH-19DEC25.none.20.100ms", "data": {"timestamp": 1765850430968, "change_id": 101605573966, "instrument_name": "ETH-19DEC25", "bids": [[2945.5, 1250.0], [2945.0, 10415.0], [2944.75, 500.0], [2942.5, 3694.0], [2942.25, 12375.0], [2942.0, 2187.0], [2941.75, 7326.0], [2940.75, 337.0], [2940.5, 26350.0], [2940.25, 1347.0], [2940.0, 4850.0], [2939.25, 7350.0], [2939.0, 24622.0], [2937.75, 11940.0], [2937.5, 40000.0], [2937.0, 18054.0], [2936.75, 50350.0], [2936.25, 49725.0], [2934.5, 20915.0], [2932.75, 40000.0]], "asks": [[2946.5, 373.0], [2946.75, 4443.0], [2947.0, 14773.0], [2947.25, 16946.0], [2948.0, 507.0], [2948.25, 1700.0], [2948.5, 7262.0], [2948.75, 26496.0], [2949.0, 7266.0], [2950.5, 500.0], [2952.75, 7615.0], [2953.0, 25512.0], [2953.75, 49350.0], [2955.5, 40000.0], [2957.0, 49167.0], [2959.5, 18055.0], [2960.0, 40000.0], [2961.0, 77247.0], [2962.75, 19624.0], [2966.25, 5641.0]]}}}
{"jsonrpc": "2.0", "method": "subscription", "params": {"channel": "book.ETH-19DEC25.none.20.100ms", "data": {"timestamp": 1765850431140, "change_id": 101605574214, "instrument_name": "ETH-19DEC25", "bids": [[2945.5, 1250.0], [2945.0, 10415.0], [2944.75, 500.0], [2942.5, 3694.0], [2942.25, 12375.0], [2942.0, 2187.0], [2941.75, 7326.0], [2940.75, 337.0], [2940.5, 26350.0], [2940.25, 1347.0], [2940.0, 4850.0], [2939.25, 7350.0], [2939.0, 24622.0], [2937.75, 11940.0], [2937.5, 40000.0], [2937.0, 18054.0], [2936.75, 50350.0], [2936.25, 49725.0], [2934.5, 20915.0], [2932.75, 40000.0]], "asks": [[2946.5, 373.0], [2946.75, 4443.0], [2947.0, 14773.0], [2947.25, 16946.0], [2948.0, 507.0], [2948.25, 1700.0], [2948.5, 7262.0], [2948.75, 26496.0], [2949.0, 7266.0], [2950.5, 500.0], [2952.75, 7615.0], [2953.0, 25512.0], [2953.75, 49350.0], [2955.5, 40000.0], [2957.0, 49167.0], [2959.5, 18055.0], [2960.0, 40000.0], [2961.0, 77247.0], [2962.75, 19624.0], [2966.25, 5641.0]]}}}
{"jsonrpc": "2.0", "method": "subscription", "params": {"channel": "book.ETH-19DEC25.none.20.100ms", "data": {"timestamp": 1765850432347, "change_id": 101605576009, "instrument_name": "ETH-19DEC25", "bids": [[2945.75, 2950.0], [2945.5, 8715.0], [2945.25, 507.0], [2945.0, 1700.0], [2944.75, 500.0], [2943.5, 2109.0], [2943.25, 7065.0], [2942.5, 3694.0], [2942.25, 12375.0], [2940.75, 7822.0], [2940.5, 26350.0], [2940.25, 1347.0], [2940.0, 4850.0], [2939.25, 7350.0], [2939.0, 24622.0], [2937.75, 11940.0], [2937.5, 40000.0], [2937.0, 18054.0], [2936.75, 50350.0], [2936.25, 49725.0]], "asks": [[2946.75, 3193.0], [2947.0, 16023.0], [2947.25, 16946.0], [2948.0, 507.0], [2948.25, 1700.0], [2948.5, 7262.0], [2948.75, 26496.0], [2949.0, 7266.0], [2950.5, 500.0], [2952.75, 7615.0], [2953.0, 25512.0], [2953.75, 49350.0], [2955.5, 40000.0], [2957.0, 49167.0], [2959.5, 18055.0], [2960.0, 40000.0], [2961.0, 77247.0], [2962.75, 19624.0], [2966.25, 5641.0], [2966.5, 73225.0]]}}}
{"jsonrpc": "2.0", "method": "subscription", "params": {"channel": "book.ETH-19DEC25.none.20.100ms", "data": {"timestamp": 1765850432635, "change_id": 101605576674, "instrument_name": "ETH-19DEC25", "bids": [[2946.0, 1250.0], [2945.75, 3622.0], [2945.5, 8715.0], [2945.25, 507.0], [2945.0, 1700.0], [2944.75, 500.0], [2944.0, 507.0], [2943.75, 1700.0], [2943.5, 2109.0], [2943.25, 10759.0], [2943.0, 12375.0], [2941.5, 7529.0], [2941.25, 25222.0], [2940.75, 337.0], [2940.5, 1128.0], [2940.25, 1347.0], [2940.0, 4850.0], [2939.25, 7350.0], [2939.0, 24622.0], [2937.75, 11940.0]], "asks": [[2946.75, 373.0], [2947.0, 8013.0], [2947.25, 26034.0], [2947.5, 1250.0], [2948.0, 507.0], [2948.25, 1700.0], [2948.5, 7262.0], [2948.75, 24327.0], [2950.5, 500.0], [2951.0, 2075.0], [2951.25, 6953.0], [2952.75, 7615.0], [2953.0, 25512.0], [2953.75, 49350.0], [2955.5, 40000.0], [2957.0, 49167.0], [2959.5, 18055.0], [2960.0, 40000.0], [2961.0, 77247.0], [2962.75, 19624.0]]}}}
{"jsonrpc": "2.0", "method": "subscription", "params": {"channel": "book.ETH-19DEC25.none.20.100ms", "data": {"timestamp": 1765850432950, "change_id": 101605577194, "instrument_name": "ETH-19DEC25", "bids": [[2946.0, 1250.0], [2945.75, 3622.0], [2945.5, 8715.0], [2945.25, 507.0], [2945.0, 1700.0], [2944.75, 500.0], [2944.0, 507.0], [2943.75, 1700.0], [2943.5, 2109.0], [2943.25, 10759.0], [2943.0, 12375.0], [2941.5, 7529.0], [2941.25, 25222.0], [2940.75, 337.0], [2940.5, 1128.0], [2940.25, 1347.0], [2940.0, 4850.0], [2939.25, 7350.0], [2939.0, 24622.0], [2937.75, 11940.0]], "asks": [[2947.0, 2955.0], [2947.25, 9088.0], [2947.5, 1250.0], [2948.0, 507.0], [2948.25, 1700.0], [2948.5, 7262.0], [2948.75, 24327.0], [2950.5, 500.0], [2951.0, 2075.0], [2951.25, 6953.0], [2952.75, 7615.0], [2953.0, 25512.0], [2953.75, 49350.0], [2955.5, 40000.0], [2957.0, 49167.0], [2959.5, 18055.0], [2960.0, 40000.0], [2961.0, 77247.0], [2962.75, 19624.0], [2966.25, 5641.0]]}}}
{"jsonrpc": "2.0", "method": "subscription", "params": {"channel": "book.ETH-19DEC25.none.20.100ms", "data": {"timestamp": 1765850433351, "change_id": 101605577870, "instrument_name": "ETH-19DEC25", "bids": [[2946.0, 1250.0], [2945.75, 3622.0], [2945.5, 8715.0], [2945.25, 507.0], [2945.0, 1700.0], [2944.75, 500.0], [2944.0, 507.0], [2943.75, 1700.0], [2943.5, 2109.0], [2943.25, 10759.0], [2943.0, 12375.0], [2941.5, 7529.0], [2941.25, 25222.0], [2940.75, 337.0], [2940.5, 1128.0], [2940.25, 1347.0], [2940.0, 4850.0], [2939.25, 7350.0], [2939.0, 24622.0], [2937.75, 11940.0]], "asks": [[2946.75, 299.0], [2947.0, 2955.0], [2947.25, 10525.0], [2947.5, 6224.0], [2948.0, 507.0], [2948.25, 1700.0], [2948.5, 7262.0], [2948.75, 24327.0], [2950.5, 500.0], [2951.0, 2075.0], [2951.25, 6953.0], [2952.75, 7615.0], [2953.0, 25512.0], [2953.75, 49350.0], [2955.5, 40000.0], [2957.0, 49167.0], [2959.5, 18055.0], [2960.0, 40000.0], [2961.0, 77247.0], [2962.75, 19624.0]]}}}
{"jsonrpc": "2.0", "method": "subscription", "params": {"channel": "book.ETH-19DEC25.none.20.100ms", "data": {"timestamp": 1765850433624, "change_id": 101605577976, "instrument_name": "ETH-19DEC25", "bids": [[2946.25, 1250.0], [2945.75, 3622.0], [2945.5, 8715.0], [2945.25, 507.0], [2945.0, 1700.0], [2944.75, 500.0], [2944.5, 507.0], [2944.25, 1700.0], [2944.0, 507.0], [2943.75, 1700.0], [2943.5, 2109.0], [2943.25, 10759.0], [2943.0, 12375.0], [2941.5, 7529.0], [2941.25, 25222.0], [2940.75, 337.0], [2940.5, 1128.0], [2940.25, 1347.0], [2940.0, 4850.0], [2939.25, 7350.0]], "asks": [[2946.75, 299.0], [2947.0, 2955.0], [2947.25, 10525.0], [2947.5, 6731.0], [2947.75, 1700.0], [2948.0, 507.0], [2948.25, 1700.0], [2948.5, 7262.0], [2948.75, 24327.0], [2950.5, 500.0], [2951.0, 2075.0], [2951.25, 6953.0], [2952.75, 7615.0], [2953.0, 25512.0], [2953.75, 49350.0], [2955.5, 40000.0], [2957.0, 49167.0], [2959.5, 18055.0], [2960.0, 40000.0], [2961.0, 77247.0]]}}}
{"jsonrpc": "2.0", "method": "subscription", "params": {"channel": "book.ETH-19DEC25.none.20.100ms", "data": {"timestamp": 1765850433977, "change_id": 101605578849, "instrument_name": "ETH-19DEC25", "bids": [[2946.5, 1250.0], [2946.0, 9222.0], [2945.75, 1700.0], [2945.25, 507.0], [2945.0, 1700.0], [2944.75, 500.0], [2944.5, 507.0], [2944.25, 1700.0], [2944.0, 507.0], [2943.75, 1700.0], [2943.5, 2109.0], [2943.25, 10759.0], [2943.0, 12375.0], [2941.5, 7529.0], [2941.25, 25222.0], [2940.75, 337.0], [2940.5, 1128.0], [2940.25, 1347.0], [2940.0, 4850.0], [2939.25, 7350.0]], "asks": [[2947.25, 2927.0], [2947.5, 8715.0], [2947.75, 633.0], [2948.0, 2757.0], [2948.25, 1700.0], [2948.5, 7262.0], [2948.75, 24327.0], [2950.5, 500.0], [2951.0, 2075.0], [2951.25, 6953.0], [2952.75, 7615.0], [2953.0, 25512.0], [2953.75, 49350.0], [2955.5, 40000.0], [2957.0, 49167.0], [2959.5, 18055.0], [2960.0, 40000.0], [2961.0, 77247.0], [2962.75, 19624.0], [2966.25, 5641.0]]}}}
{"jsonrpc": "2.0", "method": "subscription", "params": {"channel": "book.ETH-19DEC25.none.20.100ms", "data": {"timestamp": 1765850434179, "change_id": 101605579304, "instrument_name": "ETH-19DEC25", "bids": [[2946.5, 1250.0], [2946.0, 9222.0], [2945.75, 1700.0], [2945.25, 507.0], [2945.0, 1700.0], [2944.75, 500.0], [2944.5, 507.0], [2944.25, 1700.0], [2944.0, 4137.0], [2943.75, 14075.0], [2943.5, 2109.0], [2943.25, 7065.0], [2941.75, 7529.0], [2941.5, 25222.0], [2940.75, 337.0], [2940.5, 1128.0], [2940.25, 1347.0], [2940.0, 4850.0], [2939.25, 7350.0], [2939.0, 24622.0]], "asks": [[2947.25, 2927.0], [2947.5, 8715.0], [2947.75, 633.0], [2948.0, 2757.0], [2948.25, 1700.0], [2948.5, 7262.0], [2948.75, 24327.0], [2950.5, 500.0], [2951.0, 2075.0], [2951.25, 6953.0], [2952.75, 7615.0], [2953.0, 25512.0], [2953.75, 49350.0], [2955.5, 40000.0], [2957.0, 49167.0], [2959.5, 18055.0], [2960.0, 40000.0], [2961.0, 77247.0], [2962.75, 19624.0], [2966.25, 5641.0]]}}}
{"jsonrpc": "2.0", "method": "subscription", "params": {"channel": "book.ETH-19DEC25.none.20.100ms", "data": {"timestamp": 1765850434683, "change_id": 101605579860, "instrument_name": "ETH-19DEC25", "bids": [[2946.5, 1250.0], [2946.0, 8715.0], [2945.25, 507.0], [2945.0, 2357.0], [2944.75, 2200.0], [2944.5, 507.0], [2944.25, 1700.0], [2944.0, 4137.0], [2943.75, 14075.0], [2943.5, 2109.0], [2943.25, 7065.0], [2941.75, 7529.0], [2941.5, 25222.0], [2940.75, 337.0], [2940.5, 1128.0], [2940.25, 1347.0], [2940.0, 4850.0], [2939.25, 7350.0], [2939.0, 24622.0], [2937.5, 40000.0]], "asks": [[2947.25, 2927.0], [2947.5, 8715.0], [2947.75, 1883.0], [2948.0, 1507.0], [2948.25, 1700.0], [2948.5, 7262.0], [2948.75, 24327.0], [2950.5, 500.0], [2951.0, 2075.0], [2951.25, 6953.0], [2952.75, 7615.0], [2953.0, 25512.0], [2953.75, 49350.0], [2955.5, 40000.0], [2957.0, 49167.0], [2959.5, 18055.0], [2960.0, 40000.0], [2961.0, 77247.0], [2962.75, 19624.0], [2966.25, 5641.0]]}}}
{"jsonrpc": "2.0", "method": "subscription", "params": {"channel": "book.ETH-19DEC25.none.20.100ms", "data": {"timestamp": 1765850434986, "change_id": 101605580202, "instrument_name": "ETH-19DEC25", "bids": [[2946.0, 1250.0], [2945.75, 8715.0], [2945.25, 507.0], [2945.0, 2357.0], [2944.75, 2200.0], [2944.5, 507.0], [2944.25, 1700.0], [2944.0, 4137.0], [2943.75, 14075.0], [2943.5, 2109.0], [2943.25, 7065.0], [2941.75, 7529.0], [2941.5, 25222.0], [2940.75, 337.0], [2940.5, 1128.0], [2940.25, 1347.0], [2940.0, 4850.0], [2939.25, 7350.0], [2939.0, 24622.0], [2937.5, 40000.0]], "asks": [[2947.25, 2927.0], [2947.5, 9965.0], [2947.75, 299.0], [2948.0, 1507.0], [2948.25, 1700.0], [2948.5, 7262.0], [2948.75, 24327.0], [2950.5, 500.0], [2951.0, 2075.0], [2951.25, 6953.0], [2952.75, 7615.0], [2953.0, 25512.0], [2953.75, 49350.0], [2955.5, 40000.0], [2957.0, 49167.0], [2959.5, 18055.0], [2960.0, 40000.0], [2961.0, 77247.0], [2962.75, 19624.0], [2966.25, 5641.0]]}}}
{"jsonrpc": "2.0", "method": "subscription", "params": {"channel": "book.ETH-19DEC25.none.20.100ms", "data": {"timestamp": 1765850435041, "change_id": 101605580395, "instrument_name": "ETH-19DEC25", "bids": [[2946.0, 1250.0], [2945.75, 8715.0], [2945.25, 507.0], [2945.0, 2357.0], [2944.75, 2200.0], [2944.5, 507.0], [2944.25, 1700.0], [2944.0, 4137.0], [2943.75, 14075.0], [2943.5, 2109.0], [2943.25, 7065.0], [2941.75, 7529.0], [2941.5, 25222.0], [2940.75, 337.0], [2940.5, 1128.0], [2940.25, 1347.0], [2940.0, 4850.0], [2939.25, 7350.0], [2939.0, 24622.0], [2937.5, 40000.0]], "asks": [[2947.25, 2927.0], [2947.5, 9965.0], [2947.75, 299.0], [2948.0, 1507.0], [2948.25, 1700.0], [2948.5, 7262.0], [2948.75, 24327.0], [2950.5, 500.0], [2951.0, 2075.0], [2951.25, 6953.0], [2952.75, 7615.0], [2953.0, 25512.0], [2953.75, 49350.0], [2955.5, 40000.0], [2957.0, 49167.0], [2959.5, 18055.0], [2960.0, 40000.0], [2961.0, 77247.0], [2962.75, 19624.0], [2966.25, 5641.0]]}}}
{"jsonrpc": "2.0", "method": "subscription", "params": {"channel": "book.ETH-19DEC25.none.20.100ms", "data": {"timestamp": 1765850435600, "change_id": 101605581000, "instrument_name": "ETH-19DEC25", "bids": [[2946.0, 2950.0], [2945.75, 8715.0], [2945.25, 507.0], [2945.0, 2357.0], [2944.75, 2200.0], [2944.5, 507.0], [2944.25, 1700.0], [2944.0, 4137.0], [2943.75, 14075.0], [2943.5, 2109.0], [2943.25, 7065.0], [2941.75, 7529.0], [2941.5, 25222.0], [2940.75, 337.0], [2940.5, 1128.0], [2940.25, 1347.0], [2940.0, 4850.0], [2939.25, 7350.0], [2939.0, 24622.0], [2937.5, 40000.0]], "asks": [[2947.25, 2927.0], [2947.5, 9965.0], [2947.75, 299.0], [2948.0, 1507.0], [2948.25, 1700.0], [2948.5, 7262.0], [2948.75, 24327.0], [2950.5, 500.0], [2951.0, 2075.0], [2951.25, 6953.0], [2952.75, 7615.0], [2953.0, 25512.0], [2953.75, 49350.0], [2955.5, 40000.0], [2957.0, 49167.0], [2959.5, 18055.0], [2960.0, 40000.0], [2961.0, 77247.0], [2962.75, 19624.0], [2966.25, 5641.0]]}}}
{"jsonrpc": "2.0", "method": "subscription", "params": {"channel": "book.ETH-19DEC25.none.20.100ms", "data": {"timestamp": 1765850436334, "change_id": 101605582322, "instrument_name": "ETH-19DEC25", "bids": [[2946.5, 2950.0], [2946.25, 10415.0], [2945.25, 507.0], [2945.0, 5967.0], [2944.75, 14575.0], [2944.5, 507.0], [2944.25, 1700.0], [2944.0, 507.0], [2943.75, 1700.0], [2943.5, 2109.0], [2943.25, 7065.0], [2941.75, 7529.0], [2941.5, 25222.0], [2940.75, 337.0], [2940.5, 1128.0], [2940.25, 1347.0], [2940.0, 4850.0], [2939.25, 7350.0], [2939.0, 24622.0], [2937.5, 40000.0]], "asks": [[2947.75, 3192.0], [2948.0, 10965.0], [2948.5, 7262.0], [2948.75, 24327.0], [2950.5, 500.0], [2951.0, 2075.0], [2951.25, 6953.0], [2952.75, 7615.0], [2953.0, 25512.0], [2953.75, 49350.0], [2955.5, 40000.0], [2957.0, 49167.0], [2959.5, 18055.0], [2960.0, 40000.0], [2961.0, 77247.0], [2962.75, 19624.0], [2966.25, 5641.0], [2966.5, 73225.0], [2967.25, 40100.0], [2971.25, 49402.0]]}}}
{"jsonrpc": "2.0", "method": "subscription", "params": {"channel": "book.ETH-19DEC25.none.20.100ms", "data": {"timestamp": 1765850436592, "change_id": 101605583565, "instrument_name": "ETH-19DEC25", "bids": [[2946.75, 9965.0], [2945.5, 507.0], [2945.25, 2207.0], [2945.0, 6051.0], [2944.75, 14575.0], [2944.5, 507.0], [2944.25, 1700.0], [2944.0, 507.0], [2943.75, 1700.0], [2943.5, 2109.0], [2943.25, 7065.0], [2941.75, 7529.0], [2941.5, 25222.0], [2940.75, 337.0], [2940.5, 1128.0], [2940.25, 1347.0], [2940.0, 4850.0], [2939.25, 7350.0], [2939.0, 24622.0], [2937.5, 40000.0]], "asks": [[2947.75, 2559.0], [2948.0, 9715.0], [2948.25, 373.0], [2948.5, 8512.0], [2948.75, 24327.0], [2950.5, 500.0], [2951.75, 2122.0], [2952.0, 7109.0], [2952.75, 7615.0], [2953.0, 25512.0], [2953.75, 49350.0], [2955.5, 40000.0], [2957.0, 49167.0], [2959.5, 18055.0], [2960.0, 40000.0], [2961.0, 77247.0], [2962.75, 19624.0], [2966.25, 5641.0], [2966.5, 73225.0], [2967.25, 40000.0]]}}}
{"jsonrpc": "2.0", "method": "subscription", "params": {"channel": "book.ETH-19DEC25.none.20.100ms", "data": {"timestamp": 1765850436730, "change_id": 101605583968, "instrument_name": "ETH-19DEC25", "bids": [[2946.75, 9965.0], [2945.5, 507.0], [2945.25, 2207.0], [2945.0, 6051.0], [2944.75, 14575.0], [2944.5, 507.0], [2944.25, 1700.0], [2944.0, 507.0], [2943.75, 1700.0], [2943.5, 2109.0], [2943.25, 7065.0], [2941.75, 7529.0], [2941.5, 25222.0], [2940.75, 337.0], [2940.5, 1128.0], [2940.25, 1347.0], [2940.0, 4850.0], [2939.25, 7350.0], [2939.0, 24622.0], [2937.5, 40000.0]], "asks": [[2947.75, 2559.0], [2948.0, 10088.0], [2948.25, 1250.0], [2948.5, 7262.0], [2948.75, 24327.0], [2950.25, 2251.0], [2950.5, 7540.0], [2952.75, 7615.0], [2953.0, 25512.0], [2953.75, 49350.0], [2955.5, 40000.0], [2957.0, 49167.0], [2959.5, 18055.0], [2960.0, 40000.0], [2961.0, 77247.0], [2962.75, 19624.0], [2966.25, 5641.0], [2966.5, 73225.0], [2967.25, 40000.0], [2967.75, 100.0]]}}}
{"jsonrpc": "2.0", "method": "subscription", "params": {"channel": "book.ETH-19DEC25.none.20.100ms", "data": {"timestamp": 1765850437016, "change_id": 101605584218, "instrument_name": "ETH-19DEC25", "bids": [[2946.75, 9965.0], [2945.5, 507.0], [2945.25, 2207.0], [2945.0, 6051.0], [2944.75, 14575.0], [2944.5, 507.0], [2944.25, 1700.0], [2944.0, 507.0], [2943.75, 1700.0], [2943.5, 2109.0], [2943.25, 7065.0], [2941.75, 7529.0], [2941.5, 25222.0], [2940.75, 337.0], [2940.5, 1128.0], [2940.25, 1347.0], [2940.0, 4850.0], [2939.25, 7350.0], [2939.0, 24622.0], [2937.5, 40000.0]], "asks": [[2947.75, 2559.0], [2948.0, 12345.0], [2948.25, 8972.0], [2948.5, 7262.0], [2948.75, 24327.0], [2950.25, 2251.0], [2950.5, 7540.0], [2952.75, 7615.0], [2953.0, 25512.0], [2953.75, 49350.0], [2955.5, 40000.0], [2957.0, 49167.0], [2959.5, 18055.0], [2960.0, 40000.0], [2961.0, 77247.0], [2962.75, 19624.0], [2966.25, 5641.0], [2966.5, 73225.0], [2967.25, 40000.0], [2967.75, 100.0]]}}}
{"jsonrpc": "2.0", "method": "subscription", "params": {"channel": "book.ETH-19DEC25.none.20.100ms", "data": {"timestamp": 1765850437581, "change_id": 101605585063, "instrument_name": "ETH-19DEC25", "bids": [[2947.0, 1250.0], [2946.75, 10415.0], [2945.75, 507.0], [2945.5, 2207.0], [2945.25, 2207.0], [2945.0, 6051.0], [2944.75, 14575.0], [2944.5, 507.0], [2944.25, 1700.0], [2944.0, 507.0], [2943.75, 1700.0], [2943.5, 2109.0], [2943.25, 7065.0], [2941.75, 7529.0], [2941.5, 25222.0], [2940.75, 337.0], [2940.5, 1128.0], [2940.25, 1347.0], [2940.0, 4850.0], [2939.25, 7350.0]], "asks": [[2947.75, 2559.0], [2948.0, 12345.0], [2948.25, 8972.0], [2948.5, 7262.0], [2948.75, 24327.0], [2950.25, 2251.0], [2950.5, 7540.0], [2952.75, 7615.0], [2953.0, 25512.0], [2953.75, 49350.0], [2955.5, 40000.0], [2957.0, 49167.0], [2959.5, 18055.0], [2960.0, 40000.0], [2961.0, 77247.0], [2962.75, 19624.0], [2966.25, 5641.0], [2966.5, 73225.0], [2967.25, 40000.0], [2967.75, 100.0]]}}}
{"jsonrpc": "2.0", "method": "subscription", "params": {"channel": "book.ETH-19DEC25.none.20.100ms", "data": {"timestamp": 1765850437775, "change_id": 101605585350, "instrument_name": "ETH-19DEC25", "bids": [[2946.75, 9965.0], [2945.75, 507.0], [2945.5, 2207.0], [2945.25, 2207.0], [2945.0, 6051.0], [2944.75, 14575.0], [2944.5, 507.0], [2944.25, 1700.0], [2944.0, 507.0], [2943.75, 1700.0], [2943.5, 2109.0], [2943.25, 7065.0], [2941.75, 7529.0], [2941.5, 25222.0], [2940.75, 337.0], [2940.5, 1128.0], [2940.25, 1347.0], [2940.0, 4850.0], [2939.25, 7350.0], [2939.0, 24622.0]], "asks": [[2947.75, 2559.0], [2948.0, 10088.0], [2948.25, 1250.0], [2948.5, 7262.0], [2948.75, 24327.0], [2950.25, 2251.0], [2950.5, 7540.0], [2952.75, 7615.0], [2953.0, 25512.0], [2953.75, 49350.0], [2955.5, 40000.0], [2957.0, 49167.0], [2959.5, 18055.0], [2960.0, 40000.0], [2961.0, 77247.0], [2962.75, 19624.0], [2966.25, 5641.0], [2966.5, 73225.0], [2967.25, 40000.0], [2967.75, 100.0]]}}}
{"jsonrpc": "2.0", "method": "subscription", "params": {"channel": "book.ETH-19DEC25.none.20.100ms", "data": {"timestamp": 1765850438087, "change_id": 101605585697, "instrument_name": "ETH-19DEC25", "bids": [[2946.75, 9965.0], [2945.75, 507.0], [2945.5, 2207.0], [2945.25, 2207.0], [2945.0, 6051.0], [2944.75, 14575.0], [2944.5, 507.0], [2944.25, 1700.0], [2944.0, 507.0], [2943.75, 1700.0], [2943.5, 2109.0], [2943.25, 7065.0], [2941.75, 7529.0], [2941.5, 25222.0], [2940.75, 337.0], [2940.5, 1128.0], [2940.25, 1347.0], [2940.0, 4850.0], [2939.25, 7350.0], [2939.0, 24622.0]], "asks": [[2947.75, 2559.0], [2948.0, 11885.0], [2948.25, 7428.0], [2948.5, 7262.0], [2948.75, 24327.0], [2950.25, 2251.0], [2950.5, 7540.0], [2952.75, 7615.0], [2953.0, 25512.0], [2953.75, 49350.0], [2955.5, 40000.0], [2957.0, 49167.0], [2959.5, 18055.0], [2960.0, 40000.0], [2961.0, 77247.0], [2962.75, 19624.0], [2966.25, 5641.0], [2966.5, 73225.0], [2967.25, 40000.0], [2967.75, 100.0]]}}}
{"jsonrpc": "2.0", "method": "subscription", "params": {"channel": "book.ETH-19DEC25.none.20.100ms", "data": {"timestamp": 1765850438491, "change_id": 101605586271, "instrument_name": "ETH-19DEC25", "bids": [[2946.75, 9965.0], [2945.75, 507.0], [2945.5, 2207.0], [2945.25, 2207.0], [2945.0, 6051.0], [2944.75, 14575.0], [2944.5, 507.0], [2944.25, 1700.0], [2944.0, 507.0], [2943.75, 1700.0], [2943.5, 2109.0], [2943.25, 7065.0], [2941.75, 7529.0], [2941.5, 25222.0], [2940.75, 337.0], [2940.5, 1128.0], [2940.25, 1347.0], [2940.0, 4850.0], [2939.25, 7350.0], [2939.0, 24622.0]], "asks": [[2947.75, 2559.0], [2948.0, 10548.0], [2948.25, 2950.0], [2948.5, 7262.0], [2948.75, 24327.0], [2950.25, 2251.0], [2950.5, 7540.0], [2952.75, 7615.0], [2953.0, 25512.0], [2953.75, 49350.0], [2955.5, 40000.0], [2957.0, 49167.0], [2959.5, 18055.0], [2960.0, 40000.0], [2961.0, 77247.0], [2962.75, 19624.0], [2966.25, 5641.0], [2966.5, 73225.0], [2967.25, 40000.0], [2967.75, 100.0]]}}}
{"jsonrpc": "2.0", "method": "subscription", "params": {"channel": "book.ETH-19DEC25.none.20.100ms", "data": {"timestamp": 1765850439241, "change_id": 101605587146, "instrument_name": "ETH-19DEC25", "bids": [[2947.0, 1250.0], [2946.75, 8715.0], [2945.75, 507.0], [2945.5, 2207.0], [2945.25, 2207.0], [2945.0, 6051.0], [2944.75, 14575.0], [2944.5, 507.0], [2944.25, 1700.0], [2944.0, 507.0], [2943.75, 1700.0], [2943.5, 2109.0], [2943.25, 7065.0], [2941.75, 7529.0], [2941.5, 25222.0], [2940.75, 337.0], [2940.5, 1128.0], [2940.25, 1347.0], [2940.0, 4850.0], [2939.25, 7350.0]], "asks": [[2947.75, 2559.0], [2948.0, 10548.0], [2948.25, 2950.0], [2948.5, 7262.0], [2948.75, 24327.0], [2950.25, 2251.0], [2950.5, 7540.0], [2952.75, 7615.0], [2953.0, 25512.0], [2953.75, 49350.0], [2955.5, 40000.0], [2957.0, 49167.0], [2959.5, 18055.0], [2960.0, 40000.0], [2961.0, 77247.0], [2962.75, 19624.0], [2966.25, 5641.0], [2966.5, 73225.0], [2967.25, 40000.0], [2967.75, 100.0]]}}}
{"jsonrpc": "2.0", "method": "subscription", "params": {"channel": "book.ETH-19DEC25.none.20.100ms", "data": {"timestamp": 1765850439556, "change_id": 101605587434, "instrument_name": "ETH-19DEC25", "bids": [[2947.0, 1250.0], [2946.75, 8715.0], [2946.0, 507.0], [2945.75, 2207.0], [2945.5, 2207.0], [2945.25, 2207.0], [2945.0, 6051.0], [2944.75, 14575.0], [2944.5, 507.0], [2944.25, 1700.0], [2943.5, 2109.0], [2943.25, 7065.0], [2941.75, 7529.0], [2941.5, 25222.0], [2940.75, 337.0], [2940.5, 1128.0], [2940.25, 1347.0], [2940.0, 4850.0], [2939.25, 7350.0], [2939.0, 24622.0]], "asks": [[2947.75, 2559.0], [2948.0, 10548.0], [2948.25, 2950.0], [2948.5, 7262.0], [2948.75, 24327.0], [2950.25, 2251.0], [2950.5, 7540.0], [2952.75, 7615.0], [2953.0, 25512.0], [2953.75, 49350.0], [2955.5, 40000.0], [2957.0, 49167.0], [2959.5, 18055.0], [2960.0, 40000.0], [2961.0, 77247.0], [2962.75, 19624.0], [2966.25, 5641.0], [2966.5, 73225.0], [2967.25, 40000.0], [2967.75, 100.0]]}}}
{"jsonrpc": "2.0", "method": "subscription", "params": {"channel": "book.ETH-19DEC25.none.20.100ms", "data": {"timestamp": 1765850439791, "change_id": 101605587698, "instrument_name": "ETH-19DEC25", "bids": [[2947.0, 1250.0], [2946.75, 8715.0], [2946.0, 507.0], [2945.75, 2207.0], [2945.5, 2207.0], [2945.25, 2207.0], [2945.0, 6051.0], [2944.75, 14575.0], [2944.5, 507.0], [2944.25, 1700.0], [2943.5, 2109.0], [2943.25, 7065.0], [2941.75, 7529.0], [2941.5, 25222.0], [2940.75, 337.0], [2940.5, 1128.0], [2940.25, 1347.0], [2940.0, 4850.0], [2939.25, 7350.0], [2939.0, 24622.0]], "asks": [[2947.75, 2559.0], [2948.0, 10088.0], [2948.25, 1250.0], [2948.5, 7262.0], [2948.75, 24327.0], [2950.25, 2251.0], [2950.5, 7540.0], [2952.75, 7615.0], [2953.0, 25512.0], [2953.75, 49350.0], [2955.5, 40000.0], [2957.0, 49167.0], [2959.5, 18055.0], [2960.0, 40000.0], [2961.0, 77247.0], [2962.75, 19624.0], [2966.25, 5641.0], [2966.5, 73225.0], [2967.25, 40000.0], [2967.75, 100.0]]}}}
{"jsonrpc": "2.0", "method": "subscription", "params": {"channel": "book.ETH-19DEC25.none.20.100ms", "data": {"timestamp": 1765850440186, "change_id": 101605588173, "instrument_name": "ETH-19DEC25", "bids": [[2947.0, 1250.0], [2946.75, 8715.0], [2946.0, 507.0], [2945.75, 2207.0], [2945.5, 2207.0], [2945.25, 2207.0], [2945.0, 14075.0], [2944.75, 2200.0], [2944.5, 507.0], [2944.25, 1700.0], [2943.5, 2109.0], [2943.25, 7065.0], [2942.25, 7529.0], [2942.0, 25222.0], [2940.75, 337.0], [2940.5, 1128.0], [2940.25, 1347.0], [2940.0, 4850.0], [2939.25, 7350.0], [2939.0, 24622.0]], "asks": [[2947.75, 2559.0], [2948.0, 10088.0], [2948.25, 1250.0], [2948.5, 7262.0], [2948.75, 24327.0], [2950.25, 2251.0], [2950.5, 7540.0], [2952.75, 7615.0], [2953.0, 25512.0], [2953.75, 49350.0], [2955.5, 40000.0], [2957.0, 49167.0], [2959.5, 18055.0], [2960.0, 40000.0], [2961.0, 77247.0], [2962.75, 19624.0], [2966.25, 5641.0], [2966.5, 73225.0], [2967.25, 40000.0], [2967.75, 100.0]]}}}
{"jsonrpc": "2.0", "method": "subscription", "params": {"channel": "book.ETH-19DEC25.none.20.100ms", "data": {"timestamp": 1765850440545, "change_id": 101605588479, "instrument_name": "ETH-19DEC25", "bids": [[2947.0, 1250.0], [2946.75, 8715.0], [2946.0, 507.0], [2945.75, 2207.0], [2945.5, 2207.0], [2945.25, 2207.0], [2945.0, 14075.0], [2944.75, 2200.0], [2943.5, 2109.0], [2943.25, 7065.0], [2942.25, 7529.0], [2942.0, 25222.0], [2940.75, 337.0], [2940.5, 1128.0], [2940.25, 1347.0], [2940.0, 4850.0], [2939.25, 7350.0], [2939.0, 24622.0], [2937.5, 40000.0], [2937.0, 18054.0]], "asks": [[2947.75, 2559.0], [2948.0, 10088.0], [2948.25, 1250.0], [2948.5, 7262.0], [2948.75, 24327.0], [2950.25, 2251.0], [2950.5, 7540.0], [2952.75, 7615.0], [2953.0, 25512.0], [2953.75, 49350.0], [2955.5, 40000.0], [2957.0, 49167.0], [2959.5, 18055.0], [2960.0, 40000.0], [2961.0, 77247.0], [2962.75, 19624.0], [2966.25, 5641.0], [2966.5, 73225.0], [2967.25, 40000.0], [2967.75, 100.0]]}}}
{"jsonrpc": "2.0", "method": "subscription", "params": {"channel": "book.ETH-19DEC25.none.20.100ms", "data": {"timestamp": 1765850440790, "change_id": 101605588987, "instrument_name": "ETH-19DEC25", "bids": [[2947.0, 1250.0], [2946.75, 8715.0], [2946.0, 507.0], [2945.75, 2207.0], [2945.5, 2207.0], [2945.25, 2207.0], [2945.0, 14075.0], [2944.75, 2200.0], [2943.5, 2109.0], [2943.25, 7065.0], [2942.25, 7529.0], [2942.0, 25222.0], [2940.75, 337.0], [2940.5, 1128.0], [2940.25, 1347.0], [2940.0, 4850.0], [2939.25, 7350.0], [2939.0, 24622.0], [2937.5, 40000.0], [2937.0, 18054.0]], "asks": [[2948.0, 3927.0], [2948.25, 9965.0], [2948.5, 7262.0], [2948.75, 24327.0], [2950.5, 500.0], [2951.75, 2188.0], [2952.0, 7329.0], [2952.75, 7615.0], [2953.0, 25512.0], [2953.75, 49350.0], [2955.5, 40000.0], [2957.0, 49167.0], [2959.5, 18055.0], [2960.0, 40000.0], [2961.0, 77247.0], [2962.75, 19624.0], [2966.25, 5641.0], [2966.5, 73225.0], [2967.25, 40000.0], [2968.0, 100.0]]}}}
{"jsonrpc": "2.0", "method": "subscription", "params": {"channel": "book.ETH-19DEC25.none.20.100ms", "data": {"timestamp": 1765850441193, "change_id": 101605589676, "instrument_name": "ETH-19DEC25", "bids": [[2947.25, 1250.0], [2946.75, 8715.0], [2946.0, 507.0], [2945.75, 2207.0], [2945.5, 2207.0], [2945.25, 14582.0], [2945.0, 1700.0], [2944.75, 2200.0], [2943.5, 2109.0], [2943.25, 7065.0], [2941.0, 25222.0], [2940.75, 337.0], [2940.5, 1128.0], [2940.25, 1347.0], [2940.0, 4850.0], [2939.25, 7350.0], [2939.0, 24622.0], [2937.5, 40000.0], [2937.0, 18054.0], [2936.75, 50350.0]], "asks": [[2947.75, 299.0], [2948.0, 3927.0], [2948.25, 8715.0], [2948.5, 7262.0], [2948.75, 25577.0], [2950.5, 500.0], [2951.75, 2188.0], [2952.0, 7329.0], [2952.75, 7615.0], [2953.0, 25512.0], [2953.75, 49350.0], [2955.5, 40000.0], [2957.0, 49167.0], [2959.5, 18055.0], [2960.0, 40000.0], [2961.0, 77247.0], [2962.75, 19624.0], [2966.25, 5641.0], [2966.5, 73225.0], [2967.25, 40000.0]]}}}
{"jsonrpc": "2.0", "method": "subscription", "params": {"channel": "book.ETH-19DEC25.none.20.100ms", "data": {"timestamp": 1765850441621, "change_id": 101605590389, "instrument_name": "ETH-19DEC25", "bids": [[2947.25, 11665.0], [2946.25, 507.0], [2946.0, 2207.0], [2945.75, 2207.0], [2945.5, 5329.0], [2945.25, 12882.0], [2945.0, 3973.0], [2944.75, 7614.0], [2940.75, 337.0], [2940.5, 1128.0], [2940.0, 4513.0], [2939.25, 47350.0], [2939.0, 24622.0], [2937.0, 18054.0], [2936.75, 50350.0], [2936.25, 49725.0], [2934.5, 20915.0], [2932.75, 40000.0], [2930.25, 75705.0], [2930.0, 300.0]], "asks": [[2948.5, 7262.0], [2948.75, 34591.0], [2949.0, 1000.0], [2950.5, 500.0], [2951.75, 2188.0], [2952.0, 7329.0], [2952.75, 7615.0], [2953.0, 25512.0], [2953.5, 14731.0], [2953.75, 49350.0], [2955.5, 40000.0], [2957.0, 49167.0], [2959.5, 18055.0], [2960.0, 40000.0], [2961.0, 77247.0], [2962.75, 19624.0], [2966.25, 5641.0], [2966.5, 73225.0], [2967.25, 40000.0], [2968.0, 100.0]]}}}
{"jsonrpc": "2.0", "method": "subscription", "params": {"channel": "book.ETH-19DEC25.none.20.100ms", "data": {"timestamp": 1765850441839, "change_id": 101605591634, "instrument_name": "ETH-19DEC25", "bids": [[2947.5, 1250.0], [2947.25, 10415.0], [2946.25, 356.0], [2946.0, 2056.0], [2945.75, 2207.0], [2945.5, 1700.0], [2945.25, 4137.0], [2945.0, 16348.0], [2944.75, 7614.0], [2941.25, 7529.0], [2941.0, 25222.0], [2940.75, 337.0], [2940.5, 1128.0], [2940.0, 4513.0], [2939.5, 18054.0], [2939.25, 47350.0], [2939.0, 24622.0], [2936.75, 50350.0], [2936.25, 49725.0], [2934.5, 20915.0]], "asks": [[2948.5, 2512.0], [2948.75, 9344.0], [2949.0, 2250.0], [2950.0, 7262.0], [2950.25, 24327.0], [2950.5, 500.0], [2951.75, 2188.0], [2952.0, 7329.0], [2952.75, 7615.0], [2953.0, 25512.0], [2953.5, 14731.0], [2953.75, 49350.0], [2955.5, 40000.0], [2957.0, 49167.0], [2959.5, 18055.0], [2961.0, 77247.0], [2962.75, 19624.0], [2963.0, 40000.0], [2966.25, 5641.0], [2966.5, 73225.0]]}}}
{"jsonrpc": "2.0", "method": "subscription", "params": {"channel": "book.ETH-19DEC25.none.20.100ms", "data": {"timestamp": 1765850442216, "change_id": 101605592813, "instrument_name": "ETH-19DEC25", "bids": [[2947.0, 1250.0], [2946.75, 8715.0], [2946.25, 356.0], [2946.0, 2056.0], [2945.75, 2207.0], [2945.5, 1700.0], [2945.25, 507.0], [2945.0, 1700.0], [2944.75, 500.0], [2942.75, 7529.0], [2942.5, 37597.0], [2942.25, 337.0], [2942.0, 1128.0], [2940.5, 7194.0], [2940.0, 4513.0], [2939.5, 18054.0], [2939.25, 47350.0], [2939.0, 24622.0], [2936.75, 50350.0], [2936.25, 49725.0]], "asks": [[2948.0, 2602.0], [2948.25, 9222.0], [2948.5, 2073.0], [2948.75, 1584.0], [2949.0, 1000.0], [2950.0, 7262.0], [2950.25, 24327.0], [2950.5, 500.0], [2951.75, 2188.0], [2952.0, 7329.0], [2952.75, 7615.0], [2953.0, 25512.0], [2953.5, 14731.0], [2953.75, 49350.0], [2955.5, 40000.0], [2957.0, 49167.0], [2959.5, 18055.0], [2961.0, 77247.0], [2962.75, 19624.0], [2963.0, 40000.0]]}}}
{"jsonrpc": "2.0", "method": "subscription", "params": {"channel": "book.ETH-19DEC25.none.20.100ms", "data": {"timestamp": 1765850442597, "change_id": 101605593509, "instrument_name": "ETH-19DEC25", "bids": [[2947.25, 1250.0], [2946.75, 8715.0], [2946.5, 507.0], [2946.25, 2056.0], [2946.0, 1700.0], [2945.75, 507.0], [2945.5, 1700.0], [2945.25, 507.0], [2945.0, 1700.0], [2944.75, 2654.0], [2944.5, 7216.0], [2942.75, 7529.0], [2942.5, 37597.0], [2942.25, 337.0], [2942.0, 1128.0], [2940.0, 4513.0], [2939.5, 18054.0], [2939.25, 47350.0], [2939.0, 24622.0], [2936.75, 50350.0]], "asks": [[2948.0, 2602.0], [2948.25, 9222.0], [2948.5, 373.0], [2948.75, 6103.0], [2949.0, 16400.0], [2950.0, 7262.0], [2950.25, 24327.0], [2950.5, 500.0], [2951.75, 2188.0], [2952.0, 7329.0], [2952.75, 7615.0], [2953.0, 25512.0], [2953.5, 14731.0], [2953.75, 49350.0], [2955.5, 40000.0], [2957.0, 49167.0], [2959.5, 18055.0], [2961.0, 77247.0], [2962.75, 19624.0], [2963.0, 40000.0]]}}}
{"jsonrpc": "2.0", "method": "subscription", "params": {"channel": "book.ETH-19DEC25.none.20.100ms", "data": {"timestamp": 1765850442935, "change_id": 101605594052, "instrument_name": "ETH-19DEC25", "bids": [[2947.25, 1250.0], [2946.75, 8715.0], [2946.5, 507.0], [2946.25, 2056.0], [2946.0, 1700.0], [2945.75, 507.0], [2945.5, 1700.0], [2945.25, 507.0], [2945.0, 1700.0], [2944.75, 2654.0], [2944.5, 7216.0], [2942.75, 7529.0], [2942.5, 37597.0], [2942.25, 337.0], [2942.0, 1128.0], [2940.0, 4513.0], [2939.5, 18054.0], [2939.25, 47350.0], [2939.0, 24622.0], [2936.75, 50350.0]], "asks": [[2948.0, 2602.0], [2948.25, 9222.0], [2948.5, 373.0], [2948.75, 1584.0], [2949.0, 1000.0], [2950.0, 7262.0], [2950.25, 24327.0], [2950.5, 500.0], [2951.75, 2188.0], [2952.0, 7329.0], [2952.75, 7615.0], [2953.0, 25512.0], [2953.5, 14731.0], [2953.75, 49350.0], [2955.5, 40000.0], [2957.0, 49167.0], [2959.5, 18055.0], [2961.0, 77247.0], [2962.75, 19624.0], [2963.0, 40000.0]]}}}
{"jsonrpc": "2.0", "method": "subscription", "params": {"channel": "book.ETH-19DEC25.none.20.100ms", "data": {"timestamp": 1765850443277, "change_id": 101605594688, "instrument_name": "ETH-19DEC25", "bids": [[2947.25, 1250.0], [2947.0, 1826.0], [2946.75, 8715.0], [2946.5, 507.0], [2946.25, 2056.0], [2946.0, 1700.0], [2945.75, 507.0], [2945.5, 1700.0], [2945.25, 507.0], [2945.0, 1700.0], [2944.75, 2654.0], [2944.5, 7216.0], [2942.75, 7529.0], [2942.5, 37597.0], [2942.25, 337.0], [2942.0, 1128.0], [2940.0, 4513.0], [2939.5, 18054.0], [2939.25, 47350.0], [2939.0, 24622.0]], "asks": [[2948.5, 2601.0], [2948.75, 9049.0], [2949.0, 1000.0], [2950.0, 7262.0], [2950.25, 24327.0], [2950.5, 500.0], [2951.75, 2188.0], [2952.0, 7329.0], [2952.75, 7615.0], [2953.0, 25512.0], [2953.5, 14731.0], [2953.75, 49350.0], [2955.5, 40000.0], [2957.0, 49167.0], [2959.5, 18055.0], [2961.0, 77247.0], [2962.75, 19624.0], [2963.0, 40000.0], [2966.25, 5641.0], [2966.5, 73225.0]]}}}
{"jsonrpc": "2.0", "method": "subscription", "params": {"channel": "book.ETH-19DEC25.none.20.100ms", "data": {"timestamp": 1765850443602, "change_id": 101605595274, "instrument_name": "ETH-19DEC25", "bids": [[2947.5, 1250.0], [2947.25, 8715.0], [2946.25, 356.0], [2946.0, 1700.0], [2945.75, 507.0], [2945.5, 1700.0], [2945.25, 4137.0], [2945.0, 14075.0], [2944.75, 2654.0], [2944.5, 7216.0], [2943.0, 7529.0], [2942.75, 25222.0], [2942.25, 337.0], [2942.0, 1128.0], [2940.0, 4513.0], [2939.5, 18054.0], [2939.25, 47350.0], [2939.0, 24622.0], [2936.75, 50350.0], [2936.25, 49725.0]], "asks": [[2948.5, 2601.0], [2948.75, 9344.0], [2949.0, 2250.0], [2950.0, 7262.0], [2950.25, 24327.0], [2950.5, 500.0], [2951.75, 2188.0], [2952.0, 7329.0], [2952.75, 7615.0], [2953.0, 25512.0], [2953.5, 14731.0], [2953.75, 49350.0], [2955.5, 40000.0], [2957.0, 49167.0], [2959.5, 18055.0], [2961.0, 77247.0], [2962.75, 19624.0], [2963.0, 40000.0], [2966.25, 5641.0], [2966.5, 73225.0]]}}}
{"jsonrpc": "2.0", "method": "subscription", "params": {"channel": "book.ETH-19DEC25.none.20.100ms", "data": {"timestamp": 1765850443934, "change_id": 101605595696, "instrument_name": "ETH-19DEC25", "bids": [[2947.5, 1250.0], [2947.25, 8715.0], [2946.25, 356.0], [2946.0, 1700.0], [2945.75, 507.0], [2945.5, 1700.0], [2945.25, 4137.0], [2945.0, 14075.0], [2944.75, 2654.0], [2944.5, 7216.0], [2942.75, 7529.0], [2942.5, 25222.0], [2942.25, 337.0], [2942.0, 1128.0], [2940.0, 4513.0], [2939.5, 18054.0], [2939.25, 47350.0], [2939.0, 24622.0], [2936.75, 50350.0], [2936.25, 49725.0]], "asks": [[2948.5, 2601.0], [2948.75, 10938.0], [2949.0, 7716.0], [2950.0, 7262.0], [2950.25, 24327.0], [2950.5, 500.0], [2951.75, 2188.0], [2952.0, 7329.0], [2952.75, 7615.0], [2953.0, 25512.0], [2953.5, 14731.0], [2953.75, 49350.0], [2955.5, 40000.0], [2957.0, 49167.0], [2959.5, 18055.0], [2961.0, 77247.0], [2962.75, 19624.0], [2963.0, 40000.0], [2966.25, 5641.0], [2966.5, 73225.0]]}}}
{"jsonrpc": "2.0", "method": "subscription", "params": {"channel": "book.ETH-19DEC25.none.20.100ms", "data": {"timestamp": 1765850443957, "change_id": 101605595712, "instrument_name": "ETH-19DEC25", "bids": [[2947.5, 1250.0], [2947.25, 8715.0], [2946.25, 356.0], [2946.0, 1700.0], [2945.75, 507.0], [2945.5, 1700.0], [2945.25, 4137.0], [2945.0, 14075.0], [2944.75, 2654.0], [2944.5, 7216.0], [2942.75, 7529.0], [2942.5, 25222.0], [2942.25, 337.0], [2942.0, 1128.0], [2940.0, 4513.0], [2939.5, 18054.0], [2939.25, 47350.0], [2939.0, 24622.0], [2936.75, 50350.0], [2936.25, 49725.0]], "asks": [[2948.5, 2601.0], [2948.75, 12188.0], [2949.0, 6466.0], [2950.0, 7262.0], [2950.25, 24327.0], [2950.5, 500.0], [2951.75, 2188.0], [2952.0, 7329.0], [2952.75, 7615.0], [2953.0, 25512.0], [2953.5, 14731.0], [2953.75, 49350.0], [2955.5, 40000.0], [2957.0, 49167.0], [2959.5, 18055.0], [2961.0, 77247.0], [2962.75, 19624.0], [2963.0, 40000.0], [2966.25, 5641.0], [2966.5, 73225.0]]}}}
{"jsonrpc": "2.0", "method": "subscription", "params": {"channel": "book.ETH-19DEC25.none.20.100ms", "data": {"timestamp": 1765850444501, "change_id": 101605596424, "instrument_name": "ETH-19DEC25", "bids": [[2947.5, 1250.0], [2947.25, 8715.0], [2946.25, 356.0], [2946.0, 1700.0], [2945.75, 507.0], [2945.5, 2207.0], [2945.25, 5837.0], [2945.0, 14075.0], [2944.75, 2654.0], [2944.5, 7216.0], [2942.75, 7529.0], [2942.5, 25222.0], [2942.25, 337.0], [2942.0, 1128.0], [2940.0, 4513.0], [2939.5, 18054.0], [2939.25, 47350.0], [2939.0, 24622.0], [2936.75, 50350.0], [2936.25, 49725.0]], "asks": [[2948.5, 2601.0], [2948.75, 12188.0], [2949.0, 6466.0], [2950.0, 7262.0], [2950.25, 24327.0], [2950.5, 500.0], [2951.75, 2188.0], [2952.0, 7329.0], [2952.75, 7615.0], [2953.0, 25512.0], [2953.5, 14731.0], [2953.75, 49350.0], [2955.5, 40000.0], [2957.0, 49167.0], [2959.5, 18055.0], [2961.0, 77247.0], [2962.75, 19624.0], [2963.0, 40000.0], [2966.25, 5641.0], [2966.5, 73225.0]]}}}
{"jsonrpc": "2.0", "method": "subscription", "params": {"channel": "book.ETH-19DEC25.none.20.100ms", "data": {"timestamp": 1765850444913, "change_id": 101605597139, "instrument_name": "ETH-19DEC25", "bids": [[2947.5, 1250.0], [2947.25, 8715.0], [2946.25, 356.0], [2946.0, 1700.0], [2945.75, 507.0], [2945.5, 2207.0], [2945.25, 5837.0], [2945.0, 14075.0], [2944.75, 2654.0], [2944.5, 7216.0], [2942.75, 7529.0], [2942.5, 25222.0], [2942.25, 337.0], [2942.0, 1128.0], [2940.0, 4513.0], [2939.5, 18054.0], [2939.25, 47350.0], [2939.0, 24622.0], [2936.75, 50350.0], [2936.25, 49725.0]], "asks": [[2948.5, 2601.0], [2948.75, 9344.0], [2949.0, 2250.0], [2950.0, 7262.0], [2950.25, 24327.0], [2950.5, 500.0], [2951.75, 2188.0], [2952.0, 7329.0], [2952.75, 7615.0], [2953.0, 25512.0], [2953.5, 14731.0], [2953.75, 49350.0], [2955.5, 40000.0], [2957.0, 49167.0], [2959.5, 18055.0], [2961.0, 77247.0], [2962.75, 19624.0], [2963.0, 40000.0], [2966.25, 5641.0], [2966.5, 73225.0]]}}}
{"jsonrpc": "2.0", "method": "subscription", "params": {"channel": "book.ETH-19DEC25.none.20.100ms", "data": {"timestamp": 1765850445010, "change_id": 101605597240, "instrument_name": "ETH-19DEC25", "bids": [[2947.5, 1250.0], [2947.25, 8715.0], [2946.25, 356.0], [2946.0, 1700.0], [2945.75, 507.0], [2945.5, 2207.0], [2945.25, 5837.0], [2945.0, 14075.0], [2944.75, 2654.0], [2944.5, 7216.0], [2942.75, 7529.0], [2942.5, 25222.0], [2942.25, 337.0], [2942.0, 1128.0], [2940.0, 4513.0], [2939.5, 18054.0], [2939.25, 47350.0], [2939.0, 24622.0], [2936.75, 50350.0], [2936.25, 49725.0]], "asks": [[2948.5, 2601.0], [2948.75, 9344.0], [2949.0, 2250.0], [2950.0, 7262.0], [2950.25, 24327.0], [2950.5, 500.0], [2951.75, 2188.0], [2952.0, 7329.0], [2952.75, 7615.0], [2953.0, 25512.0], [2953.5, 14731.0], [2953.75, 49350.0], [2955.5, 40000.0], [2957.0, 49167.0], [2959.5, 18055.0], [2961.0, 77247.0], [2962.75, 19624.0], [2963.0, 40000.0], [2966.25, 5641.0], [2966.5, 73225.0]]}}}
{"jsonrpc": "2.0", "method": "subscription", "params": {"channel": "book.ETH-19DEC25.none.20.100ms", "data": {"timestamp": 1765850445490, "change_id": 101605597947, "instrument_name": "ETH-19DEC25", "bids": [[2947.5, 1250.0], [2947.25, 8715.0], [2946.25, 356.0], [2946.0, 2207.0], [2945.75, 2207.0], [2945.5, 2207.0], [2945.25, 5837.0], [2945.0, 14075.0], [2944.75, 2654.0], [2944.5, 7216.0], [2942.75, 7529.0], [2942.5, 25222.0], [2942.25, 337.0], [2942.0, 1128.0], [2940.0, 4513.0], [2939.5, 18054.0], [2939.25, 47350.0], [2939.0, 24622.0], [2936.75, 50350.0], [2936.25, 49725.0]], "asks": [[2948.5, 2601.0], [2948.75, 9344.0], [2949.0, 2250.0], [2950.0, 7262.0], [2950.25, 24327.0], [2950.5, 500.0], [2951.75, 2188.0], [2952.0, 7329.0], [2952.75, 7615.0], [2953.0, 25512.0], [2953.5, 14731.0], [2953.75, 49350.0], [2955.5, 40000.0], [2957.0, 49167.0], [2959.5, 18055.0], [2961.0, 77247.0], [2962.75, 19624.0], [2963.0, 40000.0], [2966.25, 5641.0], [2966.5, 73225.0]]}}}
{"jsonrpc": "2.0", "method": "subscription", "params": {"channel": "book.ETH-19DEC25.none.20.100ms", "data": {"timestamp": 1765850446216, "change_id": 101605599077, "instrument_name": "ETH-19DEC25", "bids": [[2947.0, 1250.0], [2946.75, 8715.0], [2946.25, 356.0], [2946.0, 2207.0], [2945.75, 2207.0], [2945.5, 2207.0], [2945.25, 2207.0], [2945.0, 1700.0], [2944.75, 15029.0], [2944.5, 7216.0], [2942.5, 25222.0], [2942.25, 337.0], [2942.0, 1128.0], [2940.0, 4513.0], [2939.5, 18054.0], [2939.25, 47350.0], [2939.0, 24622.0], [2936.75, 50350.0], [2936.25, 49725.0], [2934.5, 20915.0]], "asks": [[2948.5, 2601.0], [2948.75, 15282.0], [2949.0, 17956.0], [2950.0, 7262.0], [2950.25, 24327.0], [2950.5, 500.0], [2951.75, 2188.0], [2952.0, 7329.0], [2952.75, 7615.0], [2953.0, 25512.0], [2953.5, 14731.0], [2953.75, 49350.0], [2955.5, 40000.0], [2957.0, 49167.0], [2959.5, 18055.0], [2961.0, 77247.0], [2962.75, 19624.0], [2963.0, 40000.0], [2966.25, 5641.0], [2966.5, 73225.0]]}}}
{"jsonrpc": "2.0", "method": "subscription", "params": {"channel": "book.ETH-19DEC25.none.20.100ms", "data": {"timestamp": 1765850446548, "change_id": 101605599996, "instrument_name": "ETH-19DEC25", "bids": [[2946.75, 1250.0], [2946.5, 1700.0], [2946.25, 9071.0], [2946.0, 2207.0], [2945.75, 2207.0], [2945.5, 1700.0], [2945.25, 507.0], [2945.0, 1700.0], [2944.75, 500.0], [2943.0, 10594.0], [2942.75, 12375.0], [2942.5, 7529.0], [2942.25, 25559.0], [2942.0, 1128.0], [2940.0, 4513.0], [2939.5, 18054.0], [2939.25, 47350.0], [2939.0, 24622.0], [2936.75, 50350.0], [2936.25, 49725.0]], "asks": [[2948.0, 2537.0], [2948.25, 12665.0], [2948.75, 5317.0], [2949.0, 16956.0], [2950.0, 7262.0], [2950.25, 26618.0], [2950.5, 7676.0], [2952.75, 7615.0], [2953.0, 25512.0], [2953.5, 14731.0], [2953.75, 49350.0], [2955.5, 40000.0], [2957.0, 49167.0], [2959.5, 18055.0], [2961.0, 77247.0], [2962.75, 19624.0], [2963.0, 40000.0], [2966.25, 5641.0], [2966.5, 73225.0], [2967.25, 40000.0]]}}}
{"jsonrpc": "2.0", "method": "subscription", "params": {"channel": "book.ETH-19DEC25.none.20.100ms", "data": {"timestamp": 1765850446641, "change_id": 101605600057, "instrument_name": "ETH-19DEC25", "bids": [[2946.75, 1250.0], [2946.5, 1700.0], [2946.25, 9071.0], [2946.0, 2207.0], [2945.75, 2207.0], [2945.5, 1700.0], [2945.25, 507.0], [2945.0, 1700.0], [2944.75, 7658.0], [2943.0, 3694.0], [2942.75, 12375.0], [2942.5, 7529.0], [2942.25, 25559.0], [2942.0, 1128.0], [2940.0, 4513.0], [2939.5, 18054.0], [2939.25, 47350.0], [2939.0, 24622.0], [2936.75, 50350.0], [2936.25, 49725.0]], "asks": [[2948.0, 2537.0], [2948.25, 12665.0], [2950.0, 7262.0], [2950.25, 26618.0], [2950.5, 7676.0], [2952.75, 7615.0], [2953.0, 25512.0], [2953.5, 14731.0], [2953.75, 49350.0], [2955.5, 40000.0], [2957.0, 49167.0], [2959.5, 18055.0], [2961.0, 77247.0], [2962.75, 19624.0], [2963.0, 40000.0], [2966.25, 5641.0], [2966.5, 73225.0], [2967.25, 40000.0], [2968.0, 100.0], [2971.25, 49402.0]]}}}
{"jsonrpc": "2.0", "method": "subscription", "params": {"channel": "book.ETH-19DEC25.none.20.100ms", "data": {"timestamp": 1765850447122, "change_id": 101605600942, "instrument_name": "ETH-19DEC25", "bids": [[2946.75, 1250.0], [2946.25, 9071.0], [2946.0, 2207.0], [2945.75, 2207.0], [2945.5, 1700.0], [2945.25, 507.0], [2945.0, 1700.0], [2944.75, 7658.0], [2943.0, 3694.0], [2942.75, 12375.0], [2942.5, 7529.0], [2942.25, 25559.0], [2942.0, 1128.0], [2940.0, 4513.0], [2939.5, 18054.0], [2939.25, 47350.0], [2939.0, 24622.0], [2936.75, 50350.0], [2936.25, 49725.0], [2934.5, 20915.0]], "asks": [[2948.0, 2537.0], [2948.25, 12665.0], [2950.0, 7262.0], [2950.25, 26618.0], [2950.5, 7676.0], [2952.75, 7615.0], [2953.0, 25512.0], [2953.5, 14731.0], [2953.75, 49350.0], [2955.5, 40000.0], [2957.0, 49167.0], [2959.5, 18055.0], [2961.0, 77247.0], [2962.75, 19624.0], [2963.0, 40000.0], [2966.25, 5641.0], [2966.5, 73225.0], [2967.25, 40000.0], [2968.0, 100.0], [2971.25, 49402.0]]}}}
{"jsonrpc": "2.0", "method": "subscription", "params": {"channel": "book.ETH-19DEC25.none.20.100ms", "data": {"timestamp": 1765850447467, "change_id": 101605601639, "instrument_name": "ETH-19DEC25", "bids": [[2946.75, 9965.0], [2946.25, 356.0], [2946.0, 1700.0], [2945.75, 507.0], [2945.5, 1700.0], [2945.25, 507.0], [2945.0, 3986.0], [2944.75, 7658.0], [2943.0, 3694.0], [2942.75, 12375.0], [2942.5, 7529.0], [2942.25, 25559.0], [2942.0, 1128.0], [2940.0, 4513.0], [2939.5, 18054.0], [2939.25, 47350.0], [2939.0, 24622.0], [2936.75, 50350.0], [2936.25, 49725.0], [2934.5, 20915.0]], "asks": [[2948.0, 3304.0], [2948.25, 11788.0], [2948.5, 1250.0], [2950.0, 7262.0], [2950.25, 24327.0], [2950.5, 500.0], [2951.5, 2157.0], [2951.75, 7225.0], [2952.75, 7615.0], [2953.0, 25512.0], [2953.5, 14731.0], [2953.75, 49350.0], [2955.5, 40000.0], [2957.0, 49167.0], [2959.5, 18055.0], [2961.0, 77247.0], [2962.75, 19624.0], [2963.0, 40000.0], [2966.25, 5641.0], [2966.5, 73225.0]]}}}
