{"jsonrpc": "2.0", "id": 1, "result": ["book.ETH-6MAR26.none.20.100ms", "book.ETH-13MAR26.none.20.100ms"], "usIn": 1772764169130640, "usOut": 1772764169130932, "usDiff": 292, "testnet": false}
{"jsonrpc": "2.0", "method": "subscription", "params": {"channel": "book.ETH-6MAR26.none.20.100ms", "data": {"timestamp": 1772764169069, "change_id": 112177211696, "instrument_name": "ETH-6MAR26", "bids": [[2087.25, 4345.0], [2087.0, 7200.0], [2086.75, 1720.0], [2084.5, 19502.0], [2084.0, 7085.0], [2081.75, 90000.0], [2081.0, 1293.0], [2080.25, 5111.0], [2080.0, 20560.0], [2079.75, 52.0], [2079.5, 59696.0], [2079.25, 20445.0], [2079.0, 40934.0], [2078.5, 180000.0], [2078.25, 38894.0], [2075.25, 59184.0], [2074.5, 40000.0], [2072.0, 40000.0], [2070.5, 208.0], [2070.25, 81782.0]], "asks": [[2088.0, 3038.0], [2088.25, 3720.0], [2088.5, 1000.0], [2090.0, 20030.0], [2090.25, 7254.0], [2091.5, 20288.0], [2092.0, 21808.0], [2092.25, 90000.0], [2093.5, 40838.0], [2095.75, 40000.0], [2096.0, 1277.0], [2096.25, 180000.0], [2097.0, 39762.0], [2099.0, 5111.0], [2099.25, 58284.0], [2099.5, 61600.0], [2101.25, 40000.0], [2104.25, 40000.0], [2105.5, 20445.0], [2105.75, 39214.0]]}}}
{"jsonrpc": "2.0", "method": "subscription", "params": {"channel": "book.ETH-13MAR26.none.20.100ms", "data": {"timestamp": 1772764169035, "change_id": 112177211281, "instrument_name": "ETH-13MAR26", "bids": [[2088.5, 4802.0], [2088.25, 641.0], [2087.25, 1400.0], [2087.0, 1000.0], [2085.25, 1400.0], [2085.0, 500.0], [2083.75, 4991.0], [2082.75, 1400.0], [2082.5, 3.0], [2082.25, 90000.0], [2082.0, 14717.0], [2081.25, 1290.0], [2080.75, 5163.0], [2080.0, 20445.0], [2079.75, 19694.0], [2079.25, 40000.0], [2079.0, 209288.0], [2077.75, 30244.0], [2075.25, 30342.0], [2074.0, 40000.0]], "asks": [[2089.0, 2025.0], [2089.25, 3402.0], [2089.5, 48.0], [2090.25, 1400.0], [2090.5, 6505.0], [2090.75, 21770.0], [2092.0, 15332.0], [2092.25, 90000.0], [2094.75, 6388.0], [2095.0, 29468.0], [2095.5, 30162.0], [2095.75, 29903.0], [2096.0, 16.0], [2096.25, 20445.0], [2096.5, 180000.0], [2097.0, 40000.0], [2098.0, 16.0], [2098.5, 16.0], [2099.0, 16.0], [2099.25, 30141.0]]}}}
{"jsonrpc": "2.0", "method": "subscription", "params": {"channel": "book.ETH-13MAR26.none.20.100ms", "data": {"timestamp": 1772764170016, "change_id": 112177212985, "instrument_name": "ETH-13MAR26", "bids": [[2088.5, 4802.0], [2088.25, 641.0], [2087.5, 1000.0], [2087.25, 1400.0], [2085.25, 1400.0], [2085.0, 500.0], [2082.75, 1400.0], [2082.5, 3.0], [2082.25, 90000.0], [2082.0, 14717.0], [2081.25, 1290.0], [2080.75, 5163.0], [2080.0, 20445.0], [2079.75, 19694.0], [2079.25, 40000.0], [2079.0, 209288.0], [2077.75, 30244.0], [2075.25, 30342.0], [2074.0, 40000.0], [2071.75, 208.0]], "asks": [[2089.25, 2025.0], [2089.5, 3450.0], [2090.25, 1400.0], [2090.5, 6505.0], [2090.75, 21770.0], [2092.0, 15332.0], [2092.25, 90000.0], [2094.75, 6388.0], [2095.0, 29468.0], [2095.5, 30162.0], [2095.75, 29903.0], [2096.0, 16.0], [2096.25, 20445.0], [2096.5, 180000.0], [2097.0, 40000.0], [2098.0, 16.0], [2098.5, 16.0], [2099.0, 16.0], [2099.25, 30141.0], [2100.0, 16.0]]}}}
{"jsonrpc": "2.0", "method": "subscription", "params": {"channel": "book.ETH-6MAR26.none.20.100ms", "data": {"timestamp": 1772764170051, "change_id": 112177213144, "instrument_name": "ETH-6MAR26", "bids": [[2087.5, 3720.0], [2087.25, 625.0], [2087.0, 7200.0], [2086.75, 1720.0], [2085.0, 6998.0], [2081.75, 90000.0], [2081.0, 1293.0], [2080.25, 5111.0], [2080.0, 20560.0], [2079.75, 52.0], [2079.5, 59696.0], [2079.25, 20445.0], [2079.0, 40934.0], [2078.5, 180000.0], [2078.25, 38894.0], [2075.25, 59184.0], [2074.5, 40000.0], [2072.0, 40000.0], [2070.5, 208.0], [2070.25, 81782.0]], "asks": [[2088.25, 2161.0], [2088.5, 4720.0], [2090.0, 20030.0], [2090.25, 7254.0], [2091.5, 20288.0], [2092.0, 21808.0], [2092.25, 90000.0], [2093.5, 40838.0], [2095.75, 40000.0], [2096.0, 1277.0], [2096.25, 180000.0], [2097.0, 39762.0], [2099.0, 5111.0], [2099.25, 58284.0], [2099.5, 61600.0], [2101.25, 40000.0], [2104.25, 40000.0], [2105.5, 20445.0], [2105.75, 39214.0], [2109.25, 52.0]]}}}
{"jsonrpc": "2.0", "method": "subscription", "params": {"channel": "book.ETH-13MAR26.none.20.100ms", "data": {"timestamp": 1772764170132, "change_id": 112177213424, "instrument_name": "ETH-13MAR26", "bids": [[2088.5, 4802.0], [2088.25, 7845.0], [2087.5, 1000.0], [2087.25, 1400.0], [2085.25, 1400.0], [2085.0, 500.0], [2082.75, 1400.0], [2082.5, 3.0], [2082.25, 90000.0], [2082.0, 14717.0], [2081.25, 1290.0], [2080.75, 5163.0], [2080.0, 20445.0], [2079.75, 19694.0], [2079.25, 40000.0], [2079.0, 209288.0], [2077.75, 30244.0], [2075.25, 30342.0], [2074.0, 40000.0], [2071.75, 208.0]], "asks": [[2089.25, 2025.0], [2089.5, 3450.0], [2090.25, 1400.0], [2090.5, 6505.0], [2090.75, 21770.0], [2092.0, 15332.0], [2092.25, 90000.0], [2094.75, 6388.0], [2095.0, 29468.0], [2095.5, 30162.0], [2095.75, 29903.0], [2096.0, 16.0], [2096.25, 20445.0], [2096.5, 180000.0], [2097.0, 40000.0], [2098.0, 16.0], [2098.5, 16.0], [2099.0, 16.0], [2099.25, 30141.0], [2100.0, 16.0]]}}}
{"jsonrpc": "2.0", "method": "subscription", "params": {"channel": "book.ETH-6MAR26.none.20.100ms", "data": {"timestamp": 1772764170339, "change_id": 112177213739, "instrument_name": "ETH-6MAR26", "bids": [[2087.5, 3720.0], [2087.25, 625.0], [2087.0, 7200.0], [2086.75, 400.0], [2085.0, 6998.0], [2081.75, 90000.0], [2081.0, 1293.0], [2080.25, 5111.0], [2080.0, 20560.0], [2079.75, 52.0], [2079.5, 59696.0], [2079.25, 20445.0], [2079.0, 40934.0], [2078.5, 180000.0], [2078.25, 38894.0], [2075.25, 59184.0], [2074.5, 40000.0], [2072.0, 40000.0], [2070.5, 208.0], [2070.25, 81782.0]], "asks": [[2088.25, 2161.0], [2088.5, 11925.0], [2090.0, 20030.0], [2090.25, 7254.0], [2091.5, 20288.0], [2092.0, 21808.0], [2092.25, 90000.0], [2093.5, 40838.0], [2095.75, 40000.0], [2096.0, 1277.0], [2096.25, 180000.0], [2097.0, 39762.0], [2099.0, 5111.0], [2099.25, 58284.0], [2099.5, 61600.0], [2101.25, 40000.0], [2104.25, 40000.0], [2105.5, 20445.0], [2105.75, 39214.0], [2109.25, 52.0]]}}}
{"jsonrpc": "2.0", "method": "subscription", "params": {"channel": "book.ETH-13MAR26.none.20.100ms", "data": {"timestamp": 1772764170744, "change_id": 112177214532, "instrument_name": "ETH-13MAR26", "bids": [[2088.0, 3402.0], [2087.75, 641.0], [2087.5, 1000.0], [2087.25, 1400.0], [2085.25, 1400.0], [2085.0, 500.0], [2083.25, 4991.0], [2082.75, 1400.0], [2082.5, 3.0], [2082.25, 90000.0], [2082.0, 14717.0], [2081.25, 1290.0], [2080.75, 5163.0], [2080.0, 20445.0], [2079.75, 19694.0], [2079.25, 40000.0], [2079.0, 209288.0], [2077.75, 30244.0], [2075.25, 30342.0], [2074.0, 40000.0]], "asks": [[2089.0, 5427.0], [2089.25, 1448.0], [2090.25, 1400.0], [2090.5, 6505.0], [2090.75, 21770.0], [2092.0, 15332.0], [2092.25, 90000.0], [2094.75, 6388.0], [2095.0, 29468.0], [2095.5, 30162.0], [2095.75, 29903.0], [2096.0, 16.0], [2096.25, 20445.0], [2096.5, 180000.0], [2097.0, 40000.0], [2098.0, 16.0], [2098.5, 16.0], [2099.0, 16.0], [2099.25, 30141.0], [2100.0, 16.0]]}}}
{"jsonrpc": "2.0", "method": "subscription", "params": {"channel": "book.ETH-6MAR26.none.20.100ms", "data": {"timestamp": 1772764170745, "change_id": 112177214534, "instrument_name": "ETH-6MAR26", "bids": [[2087.0, 3720.0], [2086.75, 1025.0], [2084.0, 7139.0], [2082.25, 19502.0], [2081.75, 90000.0], [2081.0, 1293.0], [2080.25, 5111.0], [2080.0, 20560.0], [2079.75, 52.0], [2079.5, 59696.0], [2079.25, 20445.0], [2079.0, 40934.0], [2078.5, 180000.0], [2078.25, 38894.0], [2075.25, 59184.0], [2074.5, 40000.0], [2072.0, 40000.0], [2070.5, 208.0], [2070.25, 81782.0], [2070.0, 59734.0]], "asks": [[2087.75, 1536.0], [2088.0, 4345.0], [2088.5, 1000.0], [2090.0, 20030.0], [2090.25, 7254.0], [2091.5, 20288.0], [2092.0, 21808.0], [2092.25, 90000.0], [2093.5, 40838.0], [2095.75, 40000.0], [2096.0, 1277.0], [2096.25, 180000.0], [2097.0, 39762.0], [2099.0, 5111.0], [2099.25, 58284.0], [2099.5, 61600.0], [2101.25, 40000.0], [2104.25, 40000.0], [2105.5, 20445.0], [2105.75, 39214.0]]}}}
{"jsonrpc": "2.0", "method": "subscription", "params": {"channel": "book.ETH-13MAR26.none.20.100ms", "data": {"timestamp": 1772764171068, "change_id": 112177215199, "instrument_name": "ETH-13MAR26", "bids": [[2088.25, 4802.0], [2088.0, 2041.0], [2087.5, 1000.0], [2085.25, 1400.0], [2085.0, 500.0], [2083.25, 4991.0], [2082.75, 1400.0], [2082.5, 3.0], [2082.25, 90000.0], [2082.0, 14717.0], [2081.25, 1290.0], [2080.75, 5163.0], [2080.0, 20445.0], [2079.75, 19694.0], [2079.25, 40000.0], [2079.0, 209288.0], [2077.75, 30244.0], [2075.25, 30342.0], [2074.0, 40000.0], [2071.75, 208.0]], "asks": [[2089.0, 625.0], [2089.25, 4850.0], [2089.5, 7208.0], [2090.25, 1400.0], [2090.5, 6505.0], [2090.75, 26494.0], [2092.0, 15332.0], [2092.25, 90000.0], [2094.75, 6388.0], [2095.0, 29468.0], [2095.5, 30162.0], [2095.75, 29903.0], [2096.0, 16.0], [2096.25, 20445.0], [2096.5, 180000.0], [2097.0, 40000.0], [2098.0, 16.0], [2098.5, 16.0], [2099.0, 16.0], [2099.25, 30141.0]]}}}
{"jsonrpc": "2.0", "method": "subscription", "params": {"channel": "book.ETH-6MAR26.none.20.100ms", "data": {"timestamp": 1772764171056, "change_id": 112177215114, "instrument_name": "ETH-6MAR26", "bids": [[2087.25, 8715.0], [2087.0, 625.0], [2086.75, 400.0], [2085.75, 1386.0], [2084.0, 7139.0], [2082.25, 19502.0], [2081.75, 90000.0], [2081.0, 1293.0], [2080.25, 5111.0], [2080.0, 20560.0], [2079.75, 52.0], [2079.5, 59696.0], [2079.25, 20445.0], [2079.0, 40934.0], [2078.5, 180000.0], [2078.25, 38894.0], [2075.25, 59184.0], [2074.5, 40000.0], [2072.0, 40000.0], [2070.5, 208.0]], "asks": [[2088.0, 3038.0], [2088.25, 3720.0], [2088.5, 8204.0], [2090.0, 20030.0], [2090.25, 7254.0], [2091.5, 20288.0], [2092.0, 21808.0], [2092.25, 90000.0], [2093.5, 40838.0], [2095.75, 40000.0], [2096.0, 1277.0], [2096.25, 180000.0], [2097.0, 39762.0], [2099.0, 5111.0], [2099.25, 58284.0], [2099.5, 61600.0], [2101.25, 40000.0], [2104.25, 40000.0], [2105.5, 20445.0], [2105.75, 39214.0]]}}}
{"jsonrpc": "2.0", "method": "subscription", "params": {"channel": "book.ETH-13MAR26.none.20.100ms", "data": {"timestamp": 1772764171186, "change_id": 112177215831, "instrument_name": "ETH-13MAR26", "bids": [[2088.5, 4802.0], [2088.25, 2041.0], [2088.0, 8603.0], [2087.5, 1000.0], [2085.25, 1400.0], [2085.0, 500.0], [2083.25, 4991.0], [2082.75, 1400.0], [2082.5, 3.0], [2082.25, 90000.0], [2082.0, 14717.0], [2081.25, 1290.0], [2080.75, 5163.0], [2080.0, 20445.0], [2079.75, 19694.0], [2079.25, 40000.0], [2079.0, 209288.0], [2077.75, 30244.0], [2075.25, 30342.0], [2074.0, 40000.0]], "asks": [[2089.0, 625.0], [2089.25, 1400.0], [2089.5, 3450.0], [2090.25, 1400.0], [2090.5, 6505.0], [2090.75, 26494.0], [2092.0, 15332.0], [2092.25, 90000.0], [2094.75, 6388.0], [2095.0, 29468.0], [2095.5, 30162.0], [2095.75, 29903.0], [2096.0, 16.0], [2096.25, 20445.0], [2096.5, 180000.0], [2097.0, 40000.0], [2098.0, 16.0], [2098.5, 16.0], [2099.0, 16.0], [2099.25, 30141.0]]}}}
{"jsonrpc": "2.0", "method": "subscription", "params": {"channel": "book.ETH-6MAR26.none.20.100ms", "data": {"timestamp": 1772764171340, "change_id": 112177215798, "instrument_name": "ETH-6MAR26", "bids": [[2087.5, 3720.0], [2087.25, 625.0], [2087.0, 7200.0], [2086.75, 400.0], [2084.0, 7139.0], [2082.25, 19502.0], [2081.75, 90000.0], [2081.0, 1293.0], [2080.25, 5111.0], [2080.0, 20560.0], [2079.75, 52.0], [2079.5, 59696.0], [2079.25, 20445.0], [2079.0, 40934.0], [2078.5, 180000.0], [2078.25, 38894.0], [2075.25, 59184.0], [2074.5, 40000.0], [2072.0, 40000.0], [2070.5, 208.0]], "asks": [[2088.0, 1928.0], [2088.25, 4019.0], [2088.5, 1000.0], [2089.75, 629.0], [2090.0, 20030.0], [2091.5, 27630.0], [2092.0, 21808.0], [2092.25, 90000.0], [2093.5, 40838.0], [2095.75, 40000.0], [2096.0, 1277.0], [2096.25, 180000.0], [2097.0, 39762.0], [2099.0, 5111.0], [2099.25, 58284.0], [2099.5, 61600.0], [2101.25, 40000.0], [2104.25, 40000.0], [2105.5, 20445.0], [2105.75, 39214.0]]}}}
{"jsonrpc": "2.0", "method": "subscription", "params": {"channel": "book.ETH-6MAR26.none.20.100ms", "data": {"timestamp": 1772764171616, "change_id": 112177216102, "instrument_name": "ETH-6MAR26", "bids": [[2087.5, 3720.0], [2087.25, 625.0], [2087.0, 7200.0], [2086.75, 400.0], [2085.75, 1037.0], [2084.0, 7139.0], [2082.25, 19502.0], [2081.75, 90000.0], [2081.0, 1293.0], [2080.25, 5111.0], [2080.0, 20560.0], [2079.75, 52.0], [2079.5, 59696.0], [2079.25, 20445.0], [2079.0, 40934.0], [2078.5, 180000.0], [2078.25, 38894.0], [2075.25, 59184.0], [2074.5, 40000.0], [2072.0, 40000.0]], "asks": [[2088.0, 1928.0], [2088.25, 4019.0], [2088.5, 1000.0], [2089.75, 629.0], [2090.0, 20030.0], [2090.25, 7016.0], [2091.5, 20288.0], [2092.0, 21808.0], [2092.25, 90000.0], [2093.5, 40838.0], [2095.75, 40000.0], [2096.0, 1277.0], [2096.25, 180000.0], [2097.0, 39762.0], [2099.0, 5111.0], [2099.25, 58284.0], [2099.5, 61600.0], [2101.25, 40000.0], [2104.25, 40000.0], [2105.5, 20445.0]]}}}
{"jsonrpc": "2.0", "method": "subscription", "params": {"channel": "book.ETH-13MAR26.none.20.100ms", "data": {"timestamp": 1772764171765, "change_id": 112177216439, "instrument_name": "ETH-13MAR26", "bids": [[2088.5, 4802.0], [2088.25, 2041.0], [2088.0, 7203.0], [2087.5, 1000.0], [2085.25, 1400.0], [2085.0, 500.0], [2083.25, 4991.0], [2082.75, 1400.0], [2082.5, 3.0], [2082.25, 90000.0], [2082.0, 14717.0], [2081.25, 1290.0], [2080.75, 5163.0], [2080.0, 20445.0], [2079.75, 19694.0], [2079.25, 40000.0], [2079.0, 209288.0], [2077.75, 30244.0], [2075.25, 30342.0], [2074.0, 40000.0]], "asks": [[2089.0, 2025.0], [2089.25, 1400.0], [2089.5, 3450.0], [2090.25, 1400.0], [2090.5, 6505.0], [2090.75, 26494.0], [2092.0, 15332.0], [2092.25, 90000.0], [2094.75, 6388.0], [2095.0, 29468.0], [2095.5, 30162.0], [2095.75, 29903.0], [2096.0, 16.0], [2096.25, 20445.0], [2096.5, 180000.0], [2097.0, 40000.0], [2098.0, 16.0], [2098.5, 16.0], [2099.0, 16.0], [2099.25, 30141.0]]}}}
{"jsonrpc": "2.0", "method": "subscription", "params": {"channel": "book.ETH-6MAR26.none.20.100ms", "data": {"timestamp": 1772764172051, "change_id": 112177216790, "instrument_name": "ETH-6MAR26", "bids": [[2087.5, 3720.0], [2087.25, 625.0], [2087.0, 7200.0], [2086.75, 400.0], [2085.75, 1050.0], [2084.0, 7139.0], [2082.25, 19502.0], [2081.75, 90000.0], [2081.0, 1293.0], [2080.25, 5111.0], [2080.0, 20560.0], [2079.75, 52.0], [2079.5, 59696.0], [2079.25, 20445.0], [2079.0, 40934.0], [2078.5, 180000.0], [2078.25, 38894.0], [2075.25, 59184.0], [2074.5, 40000.0], [2072.0, 40000.0]], "asks": [[2088.0, 2856.0], [2088.25, 3720.0], [2088.5, 1000.0], [2090.0, 20030.0], [2090.25, 7016.0], [2091.5, 20288.0], [2092.0, 21808.0], [2092.25, 90000.0], [2093.5, 40838.0], [2095.75, 40000.0], [2096.0, 1277.0], [2096.25, 180000.0], [2097.0, 39762.0], [2099.0, 5111.0], [2099.25, 58284.0], [2099.5, 61600.0], [2101.25, 40000.0], [2104.25, 40000.0], [2105.5, 20445.0], [2105.75, 39214.0]]}}}
{"jsonrpc": "2.0", "method": "subscription", "params": {"channel": "book.ETH-6MAR26.none.20.100ms", "data": {"timestamp": 1772764172353, "change_id": 112177217376, "instrument_name": "ETH-6MAR26", "bids": [[2087.25, 4345.0], [2087.0, 7200.0], [2086.75, 400.0], [2084.0, 7139.0], [2082.25, 19502.0], [2081.75, 90000.0], [2081.0, 1293.0], [2080.25, 5111.0], [2080.0, 20560.0], [2079.75, 52.0], [2079.5, 59696.0], [2079.25, 20445.0], [2079.0, 40934.0], [2078.5, 180000.0], [2078.25, 38894.0], [2075.25, 59184.0], [2074.5, 40000.0], [2072.0, 40000.0], [2070.5, 208.0], [2070.25, 81782.0]], "asks": [[2088.0, 2856.0], [2088.25, 3720.0], [2088.5, 1000.0], [2090.0, 20030.0], [2090.25, 7016.0], [2091.5, 20288.0], [2092.0, 21808.0], [2092.25, 90000.0], [2093.5, 40838.0], [2095.75, 40000.0], [2096.0, 1277.0], [2096.25, 180000.0], [2097.0, 39762.0], [2099.0, 5111.0], [2099.25, 58284.0], [2099.5, 61600.0], [2101.25, 40000.0], [2104.25, 40000.0], [2105.5, 20445.0], [2105.75, 39214.0]]}}}
{"jsonrpc": "2.0", "method": "subscription", "params": {"channel": "book.ETH-6MAR26.none.20.100ms", "data": {"timestamp": 1772764172649, "change_id": 112177217667, "instrument_name": "ETH-6MAR26", "bids": [[2087.5, 3720.0], [2087.25, 625.0], [2087.0, 7200.0], [2086.75, 400.0], [2085.75, 1283.0], [2084.0, 7139.0], [2082.25, 19502.0], [2081.75, 90000.0], [2081.0, 1293.0], [2080.25, 5111.0], [2080.0, 20560.0], [2079.75, 52.0], [2079.5, 59696.0], [2079.25, 20445.0], [2079.0, 40934.0], [2078.5, 180000.0], [2078.25, 38894.0], [2075.25, 59184.0], [2074.5, 40000.0], [2072.0, 40000.0]], "asks": [[2088.0, 2856.0], [2088.25, 3720.0], [2088.5, 1000.0], [2090.0, 20030.0], [2090.25, 7016.0], [2091.5, 20288.0], [2092.0, 21808.0], [2092.25, 90000.0], [2093.5, 40838.0], [2095.75, 40000.0], [2096.0, 1277.0], [2096.25, 180000.0], [2097.0, 39762.0], [2099.0, 5111.0], [2099.25, 58284.0], [2099.5, 61600.0], [2101.25, 40000.0], [2104.25, 40000.0], [2105.5, 20445.0], [2105.75, 39214.0]]}}}
{"jsonrpc": "2.0", "method": "subscription", "params": {"channel": "book.ETH-6MAR26.none.20.100ms", "data": {"timestamp": 1772764172838, "change_id": 112177217749, "instrument_name": "ETH-6MAR26", "bids": [[2087.5, 3720.0], [2087.25, 625.0], [2087.0, 7200.0], [2086.75, 400.0], [2084.0, 7139.0], [2082.25, 19502.0], [2081.75, 90000.0], [2081.0, 1293.0], [2080.25, 5111.0], [2080.0, 20560.0], [2079.75, 52.0], [2079.5, 59696.0], [2079.25, 20445.0], [2079.0, 40934.0], [2078.5, 180000.0], [2078.25, 38894.0], [2075.25, 59184.0], [2074.5, 40000.0], [2072.0, 40000.0], [2070.5, 208.0]], "asks": [[2088.0, 2856.0], [2088.25, 3720.0], [2088.5, 1000.0], [2090.0, 20030.0], [2090.25, 7016.0], [2091.5, 20288.0], [2092.0, 21808.0], [2092.25, 90000.0], [2093.5, 40838.0], [2095.75, 40000.0], [2096.0, 1277.0], [2096.25, 180000.0], [2097.0, 39762.0], [2099.0, 5111.0], [2099.25, 58284.0], [2099.5, 61600.0], [2101.25, 40000.0], [2104.25, 40000.0], [2105.5, 20445.0], [2105.75, 39214.0]]}}}
{"jsonrpc": "2.0", "method": "subscription", "params": {"channel": "book.ETH-6MAR26.none.20.100ms", "data": {"timestamp": 1772764173082, "change_id": 112177218077, "instrument_name": "ETH-6MAR26", "bids": [[2087.5, 3720.0], [2087.25, 625.0], [2087.0, 7200.0], [2086.75, 400.0], [2086.25, 908.0], [2084.0, 7139.0], [2082.25, 19502.0], [2081.75, 90000.0], [2081.0, 1293.0], [2080.25, 5111.0], [2080.0, 20560.0], [2079.75, 52.0], [2079.5, 59696.0], [2079.25, 20445.0], [2079.0, 40934.0], [2078.5, 180000.0], [2078.25, 38894.0], [2075.25, 59184.0], [2074.5, 40000.0], [2072.0, 40000.0]], "asks": [[2088.0, 2856.0], [2088.25, 3720.0], [2088.5, 1000.0], [2090.0, 20030.0], [2090.25, 7016.0], [2091.5, 20288.0], [2092.0, 21808.0], [2092.25, 90000.0], [2093.5, 40838.0], [2095.75, 40000.0], [2096.0, 1277.0], [2096.25, 180000.0], [2097.0, 39762.0], [2099.0, 5111.0], [2099.25, 58284.0], [2099.5, 61600.0], [2101.25, 40000.0], [2104.25, 40000.0], [2105.5, 20445.0], [2105.75, 39214.0]]}}}
{"jsonrpc": "2.0", "method": "subscription", "params": {"channel": "book.ETH-13MAR26.none.20.100ms", "data": {"timestamp": 1772764173668, "change_id": 112177219040, "instrument_name": "ETH-13MAR26", "bids": [[2088.25, 5443.0], [2088.0, 7203.0], [2087.5, 1000.0], [2085.25, 1400.0], [2085.0, 500.0], [2083.25, 4991.0], [2082.75, 1400.0], [2082.5, 3.0], [2082.25, 90000.0], [2082.0, 14717.0], [2081.25, 1290.0], [2080.75, 5163.0], [2080.0, 20445.0], [2079.75, 19694.0], [2079.25, 40000.0], [2079.0, 209288.0], [2077.75, 30244.0], [2075.25, 30342.0], [2074.0, 40000.0], [2071.75, 208.0]], "asks": [[2089.0, 5427.0], [2089.25, 1400.0], [2089.5, 48.0], [2090.25, 1400.0], [2090.5, 6505.0], [2090.75, 26494.0], [2092.0, 15332.0], [2092.25, 90000.0], [2094.75, 6388.0], [2095.0, 29468.0], [2095.5, 30162.0], [2095.75, 29903.0], [2096.0, 16.0], [2096.25, 20445.0], [2096.5, 180000.0], [2097.0, 40000.0], [2098.0, 16.0], [2098.5, 16.0], [2099.0, 16.0], [2099.25, 30141.0]]}}}
{"jsonrpc": "2.0", "method": "subscription", "params": {"channel": "book.ETH-6MAR26.none.20.100ms", "data": {"timestamp": 1772764173638, "change_id": 112177218925, "instrument_name": "ETH-6MAR26", "bids": [[2087.25, 625.0], [2087.0, 10920.0], [2086.75, 400.0], [2084.0, 7139.0], [2082.25, 19502.0], [2081.75, 90000.0], [2081.0, 1293.0], [2080.25, 5111.0], [2080.0, 20560.0], [2079.75, 52.0], [2079.5, 59696.0], [2079.25, 20445.0], [2079.0, 40934.0], [2078.5, 180000.0], [2078.25, 38894.0], [2075.25, 59184.0], [2074.5, 40000.0], [2072.0, 40000.0], [2070.5, 208.0], [2070.25, 81782.0]], "asks": [[2087.75, 1305.0], [2088.0, 4345.0], [2088.5, 1000.0], [2090.0, 20030.0], [2090.25, 7016.0], [2091.5, 20288.0], [2092.0, 21808.0], [2092.25, 90000.0], [2093.5, 40838.0], [2095.75, 40000.0], [2096.0, 1277.0], [2096.25, 180000.0], [2097.0, 39762.0], [2099.0, 5111.0], [2099.25, 58284.0], [2099.5, 61600.0], [2101.25, 40000.0], [2104.25, 40000.0], [2105.5, 20445.0], [2105.75, 39214.0]]}}}
{"jsonrpc": "2.0", "method": "subscription", "params": {"channel": "book.ETH-13MAR26.none.20.100ms", "data": {"timestamp": 1772764173893, "change_id": 112177219329, "instrument_name": "ETH-13MAR26", "bids": [[2088.25, 4043.0], [2087.5, 1000.0], [2085.25, 1400.0], [2085.0, 500.0], [2083.25, 4991.0], [2082.75, 1400.0], [2082.5, 3.0], [2082.25, 90000.0], [2082.0, 14717.0], [2081.25, 1290.0], [2080.75, 5163.0], [2080.0, 20445.0], [2079.75, 19694.0], [2079.25, 40000.0], [2079.0, 209288.0], [2077.75, 30244.0], [2075.25, 30342.0], [2074.0, 40000.0], [2071.75, 208.0], [2071.5, 40000.0]], "asks": [[2089.0, 4027.0], [2089.25, 1448.0], [2090.25, 1400.0], [2090.5, 6505.0], [2090.75, 26494.0], [2092.0, 15332.0], [2092.25, 90000.0], [2094.75, 6388.0], [2095.0, 29468.0], [2095.5, 30162.0], [2095.75, 29903.0], [2096.0, 16.0], [2096.25, 20445.0], [2096.5, 180000.0], [2097.0, 40000.0], [2098.0, 16.0], [2098.5, 16.0], [2099.0, 16.0], [2099.25, 30141.0], [2100.0, 16.0]]}}}
{"jsonrpc": "2.0", "method": "subscription", "params": {"channel": "book.ETH-6MAR26.none.20.100ms", "data": {"timestamp": 1772764173996, "change_id": 112177219377, "instrument_name": "ETH-6MAR26", "bids": [[2087.25, 625.0], [2087.0, 3720.0], [2086.75, 400.0], [2084.0, 7139.0], [2082.25, 19502.0], [2081.75, 90000.0], [2081.0, 1293.0], [2080.25, 5111.0], [2080.0, 20560.0], [2079.75, 52.0], [2079.5, 59696.0], [2079.25, 20445.0], [2079.0, 40934.0], [2078.5, 180000.0], [2078.25, 38894.0], [2075.25, 59184.0], [2074.5, 40000.0], [2072.0, 40000.0], [2070.5, 208.0], [2070.25, 81782.0]], "asks": [[2087.75, 1305.0], [2088.0, 4345.0], [2088.5, 1000.0], [2090.0, 20030.0], [2090.25, 7016.0], [2091.5, 20288.0], [2092.0, 21808.0], [2092.25, 90000.0], [2093.5, 40838.0], [2095.75, 40000.0], [2096.0, 1277.0], [2096.25, 180000.0], [2097.0, 39762.0], [2099.0, 5111.0], [2099.25, 58284.0], [2099.5, 61600.0], [2101.25, 40000.0], [2104.25, 40000.0], [2105.5, 20445.0], [2105.75, 39214.0]]}}}
{"jsonrpc": "2.0", "method": "subscription", "params": {"channel": "book.ETH-13MAR26.none.20.100ms", "data": {"timestamp": 1772764174078, "change_id": 112177219819, "instrument_name": "ETH-13MAR26", "bids": [[2088.25, 3418.0], [2088.0, 7828.0], [2087.5, 1000.0], [2085.25, 1400.0], [2085.0, 500.0], [2083.25, 4991.0], [2082.75, 1400.0], [2082.5, 3.0], [2082.25, 90000.0], [2082.0, 14717.0], [2081.25, 1290.0], [2080.75, 5163.0], [2080.0, 20445.0], [2079.75, 19694.0], [2079.25, 40000.0], [2079.0, 209288.0], [2077.75, 30244.0], [2075.25, 30342.0], [2074.0, 40000.0], [2071.75, 208.0]], "asks": [[2089.0, 4027.0], [2089.25, 1448.0], [2090.25, 1400.0], [2090.5, 6505.0], [2090.75, 26494.0], [2092.0, 15332.0], [2092.25, 90000.0], [2094.75, 6388.0], [2095.0, 29468.0], [2095.5, 30162.0], [2095.75, 29903.0], [2096.0, 16.0], [2096.25, 20445.0], [2096.5, 180000.0], [2097.0, 40000.0], [2098.0, 16.0], [2098.5, 16.0], [2099.0, 16.0], [2099.25, 30141.0], [2100.0, 16.0]]}}}
{"jsonrpc": "2.0", "method": "subscription", "params": {"channel": "book.ETH-6MAR26.none.20.100ms", "data": {"timestamp": 1772764174334, "change_id": 112177220131, "instrument_name": "ETH-6MAR26", "bids": [[2087.25, 4345.0], [2086.75, 400.0], [2085.5, 963.0], [2084.0, 7139.0], [2082.25, 19502.0], [2081.75, 90000.0], [2081.0, 1293.0], [2080.25, 5111.0], [2080.0, 20560.0], [2079.75, 52.0], [2079.5, 59696.0], [2079.25, 20445.0], [2079.0, 40934.0], [2078.5, 180000.0], [2078.25, 38894.0], [2075.25, 59184.0], [2074.5, 40000.0], [2072.0, 40000.0], [2070.5, 208.0], [2070.25, 81782.0]], "asks": [[2087.75, 1305.0], [2088.0, 4345.0], [2088.5, 1000.0], [2090.0, 20030.0], [2090.25, 7016.0], [2091.5, 20288.0], [2092.0, 21808.0], [2092.25, 90000.0], [2093.5, 40838.0], [2095.75, 40000.0], [2096.0, 1277.0], [2096.25, 180000.0], [2097.0, 39762.0], [2099.0, 5111.0], [2099.25, 58284.0], [2099.5, 61600.0], [2101.25, 40000.0], [2104.25, 40000.0], [2105.5, 20445.0], [2105.75, 39214.0]]}}}
{"jsonrpc": "2.0", "method": "subscription", "params": {"channel": "book.ETH-13MAR26.none.20.100ms", "data": {"timestamp": 1772764174699, "change_id": 112177220391, "instrument_name": "ETH-13MAR26", "bids": [[2088.25, 3418.0], [2088.0, 7828.0], [2087.5, 1000.0], [2085.25, 1400.0], [2085.0, 500.0], [2083.5, 4991.0], [2082.75, 1400.0], [2082.5, 3.0], [2082.25, 90000.0], [2082.0, 14717.0], [2081.25, 1290.0], [2080.75, 5163.0], [2080.0, 20445.0], [2079.75, 19694.0], [2079.25, 40000.0], [2079.0, 209288.0], [2077.75, 30244.0], [2075.25, 30342.0], [2074.0, 40000.0], [2071.75, 208.0]], "asks": [[2089.0, 625.0], [2089.25, 4850.0], [2090.25, 1400.0], [2090.5, 6505.0], [2090.75, 26494.0], [2092.0, 15332.0], [2092.25, 90000.0], [2094.75, 6388.0], [2095.0, 29468.0], [2095.5, 30162.0], [2095.75, 29903.0], [2096.0, 16.0], [2096.25, 20445.0], [2096.5, 180000.0], [2097.0, 40000.0], [2098.0, 16.0], [2098.5, 16.0], [2099.0, 16.0], [2099.25, 30141.0], [2100.0, 16.0]]}}}
{"jsonrpc": "2.0", "method": "subscription", "params": {"channel": "book.ETH-6MAR26.none.20.100ms", "data": {"timestamp": 1772764174492, "change_id": 112177220272, "instrument_name": "ETH-6MAR26", "bids": [[2087.25, 4345.0], [2086.75, 400.0], [2084.0, 7139.0], [2082.25, 19502.0], [2081.75, 90000.0], [2081.0, 1293.0], [2080.25, 5111.0], [2080.0, 20560.0], [2079.75, 52.0], [2079.5, 59696.0], [2079.25, 20445.0], [2079.0, 40934.0], [2078.5, 180000.0], [2078.25, 38894.0], [2075.25, 59184.0], [2074.5, 40000.0], [2072.0, 40000.0], [2070.5, 208.0], [2070.25, 81782.0], [2070.0, 59734.0]], "asks": [[2087.75, 1305.0], [2088.0, 4345.0], [2088.5, 1000.0], [2090.0, 20030.0], [2090.25, 7016.0], [2091.5, 20288.0], [2092.0, 21808.0], [2092.25, 90000.0], [2093.5, 40838.0], [2095.75, 40000.0], [2096.0, 1277.0], [2096.25, 180000.0], [2097.0, 39762.0], [2099.0, 5111.0], [2099.25, 58284.0], [2099.5, 61600.0], [2101.25, 40000.0], [2104.25, 40000.0], [2105.5, 20445.0], [2105.75, 39214.0]]}}}
{"jsonrpc": "2.0", "method": "subscription", "params": {"channel": "book.ETH-13MAR26.none.20.100ms", "data": {"timestamp": 1772764174731, "change_id": 112177220407, "instrument_name": "ETH-13MAR26", "bids": [[2088.25, 4818.0], [2088.0, 7828.0], [2087.5, 1000.0], [2085.25, 1400.0], [2085.0, 500.0], [2083.5, 4991.0], [2082.75, 1400.0], [2082.5, 3.0], [2082.25, 90000.0], [2082.0, 14717.0], [2081.25, 1290.0], [2080.75, 5163.0], [2080.0, 20445.0], [2079.75, 19694.0], [2079.25, 40000.0], [2079.0, 209288.0], [2077.75, 30244.0], [2075.25, 30342.0], [2074.0, 40000.0], [2071.75, 208.0]], "asks": [[2089.0, 2025.0], [2089.25, 3450.0], [2090.25, 1400.0], [2090.5, 6505.0], [2090.75, 26494.0], [2092.0, 15332.0], [2092.25, 90000.0], [2094.75, 6388.0], [2095.0, 29468.0], [2095.5, 30162.0], [2095.75, 29903.0], [2096.0, 16.0], [2096.25, 20445.0], [2096.5, 180000.0], [2097.0, 40000.0], [2098.0, 16.0], [2098.5, 16.0], [2099.0, 16.0], [2099.25, 30141.0], [2100.0, 16.0]]}}}
{"jsonrpc": "2.0", "method": "subscription", "params": {"channel": "book.ETH-6MAR26.none.20.100ms", "data": {"timestamp": 1772764174969, "change_id": 112177220611, "instrument_name": "ETH-6MAR26", "bids": [[2087.25, 4345.0], [2086.75, 400.0], [2084.25, 19502.0], [2084.0, 7139.0], [2081.75, 90000.0], [2081.0, 1293.0], [2080.25, 5111.0], [2080.0, 20560.0], [2079.75, 52.0], [2079.5, 59696.0], [2079.25, 20445.0], [2079.0, 40934.0], [2078.5, 180000.0], [2078.25, 38894.0], [2075.25, 59184.0], [2074.5, 40000.0], [2072.0, 40000.0], [2070.5, 208.0], [2070.25, 81782.0], [2070.0, 59734.0]], "asks": [[2087.75, 1305.0], [2088.0, 4345.0], [2088.5, 1000.0], [2090.0, 20030.0], [2090.25, 7016.0], [2091.5, 20288.0], [2092.0, 21808.0], [2092.25, 90000.0], [2093.5, 40838.0], [2095.75, 40000.0], [2096.0, 1277.0], [2096.25, 180000.0], [2097.0, 39762.0], [2099.0, 5111.0], [2099.25, 58284.0], [2099.5, 61600.0], [2101.25, 40000.0], [2104.25, 40000.0], [2105.5, 20445.0], [2105.75, 39214.0]]}}}
{"jsonrpc": "2.0", "method": "subscription", "params": {"channel": "book.ETH-6MAR26.none.20.100ms", "data": {"timestamp": 1772764175215, "change_id": 112177221130, "instrument_name": "ETH-6MAR26", "bids": [[2087.25, 4345.0], [2086.75, 400.0], [2086.0, 1122.0], [2084.25, 19502.0], [2084.0, 7139.0], [2081.75, 90000.0], [2081.0, 1293.0], [2080.25, 5111.0], [2080.0, 20560.0], [2079.75, 52.0], [2079.5, 59696.0], [2079.25, 20445.0], [2079.0, 40934.0], [2078.5, 180000.0], [2078.25, 38894.0], [2075.25, 59184.0], [2074.5, 40000.0], [2072.0, 40000.0], [2070.5, 208.0], [2070.25, 81782.0]], "asks": [[2087.75, 1305.0], [2088.0, 4345.0], [2088.5, 1000.0], [2090.0, 20030.0], [2090.25, 7016.0], [2091.5, 20288.0], [2092.0, 21808.0], [2092.25, 90000.0], [2093.5, 40838.0], [2095.75, 40000.0], [2096.0, 1277.0], [2096.25, 180000.0], [2097.0, 39762.0], [2099.0, 5111.0], [2099.25, 58284.0], [2099.5, 61600.0], [2101.25, 40000.0], [2104.25, 40000.0], [2105.5, 20445.0], [2105.75, 39214.0]]}}}
{"jsonrpc": "2.0", "method": "subscription", "params": {"channel": "book.ETH-13MAR26.none.20.100ms", "data": {"timestamp": 1772764175663, "change_id": 112177221538, "instrument_name": "ETH-13MAR26", "bids": [[2088.25, 3418.0], [2088.0, 7828.0], [2087.5, 1000.0], [2085.25, 1400.0], [2085.0, 500.0], [2083.75, 4991.0], [2082.75, 1400.0], [2082.5, 3.0], [2082.25, 90000.0], [2082.0, 14717.0], [2081.25, 1290.0], [2080.75, 5163.0], [2080.0, 20445.0], [2079.75, 19694.0], [2079.25, 40000.0], [2079.0, 209288.0], [2077.75, 30244.0], [2075.25, 30342.0], [2074.0, 40000.0], [2071.75, 208.0]], "asks": [[2089.0, 2025.0], [2089.25, 3450.0], [2090.25, 1400.0], [2090.5, 6505.0], [2090.75, 26494.0], [2092.0, 15332.0], [2092.25, 90000.0], [2094.75, 6388.0], [2095.0, 29468.0], [2095.5, 30162.0], [2095.75, 29903.0], [2096.0, 16.0], [2096.25, 20445.0], [2096.5, 180000.0], [2097.0, 40000.0], [2098.0, 16.0], [2098.5, 16.0], [2099.0, 16.0], [2099.25, 30141.0], [2100.0, 16.0]]}}}
{"jsonrpc": "2.0", "method": "subscription", "params": {"channel": "book.ETH-6MAR26.none.20.100ms", "data": {"timestamp": 1772764175659, "change_id": 112177221528, "instrument_name": "ETH-6MAR26", "bids": [[2087.25, 625.0], [2087.0, 3720.0], [2086.75, 400.0], [2086.0, 1122.0], [2084.5, 19502.0], [2084.0, 7139.0], [2081.75, 90000.0], [2081.0, 1293.0], [2080.25, 5111.0], [2080.0, 20560.0], [2079.75, 52.0], [2079.5, 59696.0], [2079.25, 20445.0], [2079.0, 40934.0], [2078.5, 180000.0], [2078.25, 38894.0], [2075.25, 59184.0], [2074.5, 40000.0], [2072.0, 40000.0], [2070.5, 208.0]], "asks": [[2087.75, 1142.0], [2088.0, 4345.0], [2088.5, 1000.0], [2090.0, 20030.0], [2090.25, 7016.0], [2091.5, 20288.0], [2092.0, 21808.0], [2092.25, 90000.0], [2093.5, 40838.0], [2095.75, 40000.0], [2096.0, 1277.0], [2096.25, 180000.0], [2097.0, 39762.0], [2099.0, 5111.0], [2099.25, 58284.0], [2099.5, 61600.0], [2101.25, 40000.0], [2104.25, 40000.0], [2105.5, 20445.0], [2105.75, 39214.0]]}}}
{"jsonrpc": "2.0", "method": "subscription", "params": {"channel": "book.ETH-13MAR26.none.20.100ms", "data": {"timestamp": 1772764175874, "change_id": 112177221830, "instrument_name": "ETH-13MAR26", "bids": [[2088.25, 4802.0], [2088.0, 7828.0], [2087.75, 16.0], [2087.5, 1000.0], [2085.25, 1400.0], [2085.0, 500.0], [2083.75, 4991.0], [2082.75, 1400.0], [2082.5, 3.0], [2082.25, 90000.0], [2082.0, 14717.0], [2081.25, 1290.0], [2080.75, 5163.0], [2080.0, 20445.0], [2079.75, 19694.0], [2079.25, 40000.0], [2079.0, 209288.0], [2077.75, 30244.0], [2075.25, 30342.0], [2074.0, 40000.0]], "asks": [[2089.0, 2025.0], [2089.25, 3450.0], [2090.25, 1400.0], [2090.5, 6505.0], [2090.75, 26494.0], [2092.0, 15332.0], [2092.25, 90000.0], [2094.75, 6388.0], [2095.0, 29468.0], [2095.5, 30162.0], [2095.75, 29903.0], [2096.0, 16.0], [2096.25, 20445.0], [2096.5, 180000.0], [2097.0, 40000.0], [2098.0, 16.0], [2098.5, 16.0], [2099.0, 16.0], [2099.25, 30141.0], [2100.0, 16.0]]}}}
{"jsonrpc": "2.0", "method": "subscription", "params": {"channel": "book.ETH-6MAR26.none.20.100ms", "data": {"timestamp": 1772764176026, "change_id": 112177221919, "instrument_name": "ETH-6MAR26", "bids": [[2087.25, 4995.0], [2087.0, 4345.0], [2086.75, 400.0], [2084.5, 19502.0], [2084.0, 7139.0], [2081.75, 90000.0], [2081.0, 1293.0], [2080.25, 5111.0], [2080.0, 20560.0], [2079.75, 52.0], [2079.5, 59696.0], [2079.25, 20445.0], [2079.0, 40934.0], [2078.5, 180000.0], [2078.25, 38894.0], [2075.25, 59184.0], [2074.5, 40000.0], [2072.0, 40000.0], [2070.5, 208.0], [2070.25, 81782.0]], "asks": [[2087.75, 1142.0], [2088.0, 4345.0], [2088.5, 1000.0], [2090.0, 20030.0], [2090.25, 7016.0], [2091.5, 20288.0], [2092.0, 21808.0], [2092.25, 90000.0], [2093.5, 40838.0], [2095.75, 40000.0], [2096.0, 1277.0], [2096.25, 180000.0], [2097.0, 39762.0], [2099.0, 5111.0], [2099.25, 58284.0], [2099.5, 61600.0], [2101.25, 40000.0], [2104.25, 40000.0], [2105.5, 20445.0], [2105.75, 39214.0]]}}}
{"jsonrpc": "2.0", "method": "subscription", "params": {"channel": "book.ETH-13MAR26.none.20.100ms", "data": {"timestamp": 1772764176345, "change_id": 112177222800, "instrument_name": "ETH-13MAR26", "bids": [[2088.0, 4027.0], [2087.75, 16.0], [2087.5, 1000.0], [2085.25, 1400.0], [2085.0, 500.0], [2084.0, 4991.0], [2082.75, 1400.0], [2082.5, 3.0], [2082.25, 90000.0], [2082.0, 14717.0], [2081.25, 1290.0], [2080.75, 5163.0], [2080.0, 20445.0], [2079.75, 19694.0], [2079.25, 40000.0], [2079.0, 209288.0], [2077.75, 30244.0], [2075.25, 30342.0], [2074.0, 40000.0], [2071.75, 208.0]], "asks": [[2088.75, 2025.0], [2089.0, 4850.0], [2090.25, 1400.0], [2090.5, 6505.0], [2090.75, 26494.0], [2092.0, 15332.0], [2092.25, 90000.0], [2094.75, 6388.0], [2095.0, 29468.0], [2095.5, 30162.0], [2095.75, 29903.0], [2096.0, 16.0], [2096.25, 20445.0], [2096.5, 180000.0], [2097.0, 40000.0], [2098.0, 16.0], [2098.5, 16.0], [2099.0, 16.0], [2099.25, 30141.0], [2100.0, 16.0]]}}}
{"jsonrpc": "2.0", "method": "subscription", "params": {"channel": "book.ETH-6MAR26.none.20.100ms", "data": {"timestamp": 1772764176357, "change_id": 112177222775, "instrument_name": "ETH-6MAR26", "bids": [[2087.0, 4345.0], [2086.75, 400.0], [2086.5, 966.0], [2084.75, 19502.0], [2084.0, 7139.0], [2081.75, 90000.0], [2081.0, 1293.0], [2080.25, 5111.0], [2080.0, 20560.0], [2079.75, 52.0], [2079.5, 59696.0], [2079.25, 20445.0], [2079.0, 40934.0], [2078.5, 180000.0], [2078.25, 38894.0], [2075.25, 59184.0], [2074.5, 40000.0], [2072.0, 40000.0], [2070.5, 208.0], [2070.25, 81782.0]], "asks": [[2087.5, 362.0], [2087.75, 2103.0], [2088.0, 3720.0], [2088.5, 1000.0], [2090.0, 20030.0], [2090.25, 7016.0], [2091.5, 20288.0], [2092.0, 21808.0], [2092.25, 90000.0], [2093.5, 40838.0], [2095.75, 40000.0], [2096.0, 1277.0], [2096.25, 180000.0], [2097.0, 39762.0], [2099.0, 5111.0], [2099.25, 58284.0], [2099.5, 61600.0], [2101.25, 40000.0], [2104.25, 40000.0], [2105.5, 20445.0]]}}}
{"jsonrpc": "2.0", "method": "subscription", "params": {"channel": "book.ETH-13MAR26.none.20.100ms", "data": {"timestamp": 1772764176685, "change_id": 112177223409, "instrument_name": "ETH-13MAR26", "bids": [[2088.0, 3402.0], [2087.75, 7844.0], [2087.5, 1000.0], [2085.25, 1400.0], [2085.0, 500.0], [2084.0, 4991.0], [2082.75, 1400.0], [2082.5, 3.0], [2082.25, 90000.0], [2082.0, 14717.0], [2081.25, 1290.0], [2080.75, 5163.0], [2080.0, 20445.0], [2079.75, 19694.0], [2079.25, 40000.0], [2079.0, 209288.0], [2077.75, 30244.0], [2075.25, 30342.0], [2074.0, 40000.0], [2071.75, 208.0]], "asks": [[2088.75, 2025.0], [2089.0, 4850.0], [2090.25, 1400.0], [2090.5, 6505.0], [2090.75, 26494.0], [2092.0, 15332.0], [2092.25, 90000.0], [2094.75, 6388.0], [2095.0, 29468.0], [2095.5, 30162.0], [2095.75, 29903.0], [2096.0, 16.0], [2096.25, 20445.0], [2096.5, 180000.0], [2097.0, 40000.0], [2098.0, 16.0], [2098.5, 16.0], [2099.0, 16.0], [2099.25, 30141.0], [2100.0, 16.0]]}}}
{"jsonrpc": "2.0", "method": "subscription", "params": {"channel": "book.ETH-6MAR26.none.20.100ms", "data": {"timestamp": 1772764176683, "change_id": 112177223405, "instrument_name": "ETH-6MAR26", "bids": [[2087.0, 4345.0], [2086.75, 7599.0], [2085.25, 705.0], [2084.75, 19502.0], [2084.0, 7139.0], [2081.75, 90000.0], [2081.0, 1293.0], [2080.25, 5111.0], [2080.0, 20560.0], [2079.75, 52.0], [2079.5, 59696.0], [2079.25, 20445.0], [2079.0, 40934.0], [2078.5, 180000.0], [2078.25, 38894.0], [2075.25, 59184.0], [2074.5, 40000.0], [2072.0, 40000.0], [2070.5, 208.0], [2070.25, 81782.0]], "asks": [[2087.75, 5461.0], [2088.25, 299.0], [2088.5, 1000.0], [2090.0, 20030.0], [2090.25, 7016.0], [2091.25, 362.0], [2091.5, 20288.0], [2092.0, 21808.0], [2092.25, 90000.0], [2093.5, 40838.0], [2095.75, 40000.0], [2096.0, 1277.0], [2096.25, 180000.0], [2097.0, 39762.0], [2099.0, 5111.0], [2099.25, 58284.0], [2099.5, 61600.0], [2101.25, 40000.0], [2104.25, 40000.0], [2105.5, 20445.0]]}}}
{"jsonrpc": "2.0", "method": "subscription", "params": {"channel": "book.ETH-13MAR26.none.20.100ms", "data": {"timestamp": 1772764176709, "change_id": 112177223436, "instrument_name": "ETH-13MAR26", "bids": [[2088.0, 4802.0], [2087.75, 7844.0], [2087.5, 1000.0], [2085.25, 1400.0], [2085.0, 500.0], [2084.0, 4991.0], [2082.75, 1400.0], [2082.5, 3.0], [2082.25, 90000.0], [2082.0, 14717.0], [2081.25, 1290.0], [2080.75, 5163.0], [2080.0, 20445.0], [2079.75, 19694.0], [2079.25, 40000.0], [2079.0, 209288.0], [2077.75, 30244.0], [2075.25, 30342.0], [2074.0, 40000.0], [2071.75, 208.0]], "asks": [[2088.75, 2025.0], [2089.0, 3450.0], [2090.25, 1400.0], [2090.5, 6505.0], [2090.75, 26494.0], [2092.0, 15332.0], [2092.25, 90000.0], [2094.75, 6388.0], [2095.0, 29468.0], [2095.5, 30162.0], [2095.75, 29903.0], [2096.0, 16.0], [2096.25, 20445.0], [2096.5, 180000.0], [2097.0, 40000.0], [2098.0, 16.0], [2098.5, 16.0], [2099.0, 16.0], [2099.25, 30141.0], [2100.0, 16.0]]}}}
{"jsonrpc": "2.0", "method": "subscription", "params": {"channel": "book.ETH-6MAR26.none.20.100ms", "data": {"timestamp": 1772764176901, "change_id": 112177223646, "instrument_name": "ETH-6MAR26", "bids": [[2087.0, 4345.0], [2086.75, 7599.0], [2084.75, 19502.0], [2084.0, 7139.0], [2081.75, 90000.0], [2081.0, 1293.0], [2080.25, 5111.0], [2080.0, 20560.0], [2079.75, 52.0], [2079.5, 59696.0], [2079.25, 20445.0], [2079.0, 40934.0], [2078.5, 180000.0], [2078.25, 38894.0], [2075.25, 59184.0], [2074.5, 40000.0], [2072.0, 40000.0], [2070.5, 208.0], [2070.25, 81782.0], [2070.0, 59734.0]], "asks": [[2087.75, 5461.0], [2088.25, 299.0], [2088.5, 1000.0], [2090.0, 20030.0], [2090.25, 7016.0], [2091.25, 362.0], [2091.5, 20288.0], [2092.0, 21808.0], [2092.25, 90000.0], [2093.5, 40838.0], [2095.75, 40000.0], [2096.0, 1277.0], [2096.25, 180000.0], [2097.0, 39762.0], [2099.0, 5111.0], [2099.25, 58284.0], [2099.5, 61600.0], [2101.25, 40000.0], [2104.25, 40000.0], [2105.5, 20445.0]]}}}
{"jsonrpc": "2.0", "method": "subscription", "params": {"channel": "book.ETH-6MAR26.none.20.100ms", "data": {"timestamp": 1772764177145, "change_id": 112177224066, "instrument_name": "ETH-6MAR26", "bids": [[2087.0, 4345.0], [2086.75, 7599.0], [2086.0, 935.0], [2084.75, 19502.0], [2084.0, 7139.0], [2081.75, 90000.0], [2081.0, 1293.0], [2080.25, 5111.0], [2080.0, 20560.0], [2079.75, 52.0], [2079.5, 59696.0], [2079.25, 20445.0], [2079.0, 40934.0], [2078.5, 180000.0], [2078.25, 38894.0], [2075.25, 59184.0], [2074.5, 40000.0], [2072.0, 40000.0], [2070.5, 208.0], [2070.25, 81782.0]], "asks": [[2087.75, 5461.0], [2088.25, 299.0], [2088.5, 1000.0], [2090.0, 20030.0], [2090.25, 7016.0], [2091.25, 362.0], [2091.5, 20288.0], [2092.0, 21808.0], [2092.25, 90000.0], [2093.5, 40838.0], [2095.75, 40000.0], [2096.0, 1277.0], [2096.25, 180000.0], [2097.0, 39762.0], [2099.0, 5111.0], [2099.25, 58284.0], [2099.5, 61600.0], [2101.25, 40000.0], [2104.25, 40000.0], [2105.5, 20445.0]]}}}
{"jsonrpc": "2.0", "method": "subscription", "params": {"channel": "book.ETH-13MAR26.none.20.100ms", "data": {"timestamp": 1772764177687, "change_id": 112177224580, "instrument_name": "ETH-13MAR26", "bids": [[2087.75, 641.0], [2087.5, 1000.0], [2085.25, 1400.0], [2085.0, 500.0], [2082.75, 1400.0], [2082.5, 3.0], [2082.25, 90000.0], [2082.0, 14717.0], [2081.25, 1290.0], [2080.75, 5163.0], [2080.0, 20445.0], [2079.75, 19694.0], [2079.25, 40000.0], [2079.0, 209288.0], [2077.75, 30244.0], [2075.25, 30342.0], [2074.0, 40000.0], [2071.75, 208.0], [2071.5, 40000.0], [2071.0, 30102.0]], "asks": [[2088.75, 2025.0], [2089.0, 3450.0], [2090.25, 1400.0], [2090.5, 6505.0], [2090.75, 26494.0], [2092.0, 15332.0], [2092.25, 90000.0], [2094.75, 6388.0], [2095.0, 29468.0], [2095.5, 30162.0], [2095.75, 29903.0], [2096.0, 16.0], [2096.25, 20445.0], [2096.5, 180000.0], [2097.0, 40000.0], [2098.0, 16.0], [2098.5, 16.0], [2099.0, 16.0], [2099.25, 30141.0], [2100.0, 16.0]]}}}
{"jsonrpc": "2.0", "method": "subscription", "params": {"channel": "book.ETH-6MAR26.none.20.100ms", "data": {"timestamp": 1772764177692, "change_id": 112177224605, "instrument_name": "ETH-6MAR26", "bids": [[2087.0, 625.0], [2086.75, 400.0], [2086.0, 935.0], [2084.75, 19502.0], [2084.0, 7139.0], [2081.75, 90000.0], [2081.0, 1293.0], [2080.25, 5111.0], [2080.0, 20560.0], [2079.75, 52.0], [2079.5, 59696.0], [2079.25, 20445.0], [2079.0, 40934.0], [2078.5, 180000.0], [2078.25, 38894.0], [2075.25, 59184.0], [2074.5, 40000.0], [2072.0, 40000.0], [2070.5, 208.0], [2070.25, 81782.0]], "asks": [[2087.75, 5461.0], [2088.5, 1000.0], [2090.0, 20030.0], [2090.25, 7016.0], [2091.5, 20288.0], [2092.0, 21808.0], [2092.25, 90000.0], [2093.5, 40838.0], [2095.75, 40000.0], [2096.0, 1277.0], [2096.25, 180000.0], [2097.0, 39762.0], [2099.0, 5111.0], [2099.25, 58284.0], [2099.5, 61600.0], [2101.25, 40000.0], [2104.25, 40000.0], [2105.5, 20445.0], [2105.75, 39214.0], [2109.25, 52.0]]}}}
{"jsonrpc": "2.0", "method": "subscription", "params": {"channel": "book.ETH-13MAR26.none.20.100ms", "data": {"timestamp": 1772764177972, "change_id": 112177225763, "instrument_name": "ETH-13MAR26", "bids": [[2087.5, 1000.0], [2087.25, 4043.0], [2085.25, 1400.0], [2085.0, 500.0], [2082.75, 1400.0], [2082.5, 3.0], [2082.25, 90000.0], [2081.25, 1290.0], [2080.75, 5163.0], [2080.0, 20445.0], [2079.75, 19694.0], [2079.25, 40000.0], [2079.0, 209288.0], [2077.75, 30244.0], [2075.25, 30342.0], [2074.0, 40000.0], [2071.75, 208.0], [2071.5, 40000.0], [2071.0, 30102.0], [2065.0, 81782.0]], "asks": [[2088.25, 5427.0], [2088.5, 48.0], [2088.75, 1400.0], [2090.25, 1400.0], [2090.5, 1400.0], [2090.75, 21770.0], [2092.25, 90000.0], [2094.75, 6388.0], [2095.0, 29468.0], [2095.5, 30162.0], [2096.0, 16.0], [2096.25, 20445.0], [2096.5, 180000.0], [2097.0, 40000.0], [2098.0, 16.0], [2098.5, 16.0], [2099.0, 16.0], [2099.25, 30141.0], [2100.0, 16.0], [2100.75, 40000.0]]}}}
{"jsonrpc": "2.0", "method": "subscription", "params": {"channel": "book.ETH-6MAR26.none.20.100ms", "data": {"timestamp": 1772764178022, "change_id": 112177225813, "instrument_name": "ETH-6MAR26", "bids": [[2086.75, 400.0], [2086.25, 4345.0], [2081.75, 90000.0], [2081.0, 1293.0], [2080.25, 5111.0], [2079.75, 52.0], [2079.5, 59696.0], [2079.25, 20445.0], [2079.0, 40934.0], [2078.5, 180000.0], [2078.25, 38894.0], [2075.25, 59184.0], [2074.5, 40000.0], [2072.0, 40000.0], [2070.5, 208.0], [2070.25, 81782.0], [2070.0, 59734.0], [2064.0, 40450.0], [2063.25, 270000.0], [2062.0, 39556.0]], "asks": [[2087.25, 5648.0], [2087.5, 599.0], [2087.75, 7202.0], [2088.5, 1000.0], [2090.25, 7016.0], [2092.0, 21808.0], [2092.25, 90000.0], [2095.75, 40000.0], [2096.0, 1277.0], [2096.25, 180000.0], [2097.0, 39762.0], [2099.0, 5111.0], [2099.25, 58284.0], [2099.5, 61600.0], [2101.25, 40000.0], [2104.25, 40000.0], [2105.5, 20445.0], [2105.75, 39214.0], [2109.25, 52.0], [2111.5, 81783.0]]}}}
{"jsonrpc": "2.0", "method": "subscription", "params": {"channel": "book.ETH-13MAR26.none.20.100ms", "data": {"timestamp": 1772764178126, "change_id": 112177226885, "instrument_name": "ETH-13MAR26", "bids": [[2087.5, 4402.0], [2087.25, 641.0], [2085.25, 1400.0], [2085.0, 500.0], [2082.75, 1400.0], [2082.5, 3.0], [2082.25, 90000.0], [2081.25, 1290.0], [2080.75, 5163.0], [2080.25, 4991.0], [2080.0, 20445.0], [2079.75, 19694.0], [2079.25, 40000.0], [2079.0, 209288.0], [2077.75, 30244.0], [2077.5, 14717.0], [2075.25, 30342.0], [2074.0, 40000.0], [2071.75, 208.0], [2071.5, 40000.0]], "asks": [[2088.25, 2025.0], [2088.5, 3450.0], [2088.75, 8605.0], [2090.25, 1400.0], [2090.5, 1400.0], [2090.75, 21770.0], [2092.25, 90000.0], [2094.5, 5105.0], [2094.75, 6388.0], [2095.0, 29468.0], [2095.5, 30162.0], [2096.0, 16.0], [2096.25, 20445.0], [2096.5, 195332.0], [2097.0, 40000.0], [2098.0, 16.0], [2098.5, 16.0], [2099.0, 16.0], [2099.25, 30141.0], [2100.0, 16.0]]}}}
{"jsonrpc": "2.0", "method": "subscription", "params": {"channel": "book.ETH-6MAR26.none.20.100ms", "data": {"timestamp": 1772764178360, "change_id": 112177227029, "instrument_name": "ETH-6MAR26", "bids": [[2086.75, 400.0], [2086.25, 4345.0], [2084.25, 7042.0], [2081.75, 90000.0], [2081.0, 1293.0], [2080.25, 5111.0], [2080.0, 19502.0], [2079.75, 52.0], [2079.5, 59696.0], [2079.25, 20445.0], [2079.0, 40934.0], [2078.5, 180000.0], [2078.25, 38894.0], [2077.25, 20560.0], [2075.25, 59184.0], [2074.5, 40000.0], [2072.0, 40000.0], [2070.5, 208.0], [2070.25, 81782.0], [2070.0, 59734.0]], "asks": [[2087.25, 5648.0], [2087.5, 599.0], [2087.75, 7202.0], [2088.5, 1000.0], [2090.25, 7016.0], [2092.0, 21808.0], [2092.25, 90000.0], [2093.25, 20030.0], [2095.5, 20288.0], [2095.75, 40000.0], [2096.0, 42115.0], [2096.25, 180000.0], [2097.0, 39762.0], [2099.0, 5111.0], [2099.25, 58284.0], [2099.5, 61600.0], [2101.25, 40000.0], [2104.25, 40000.0], [2105.5, 20445.0], [2105.75, 39214.0]]}}}
{"jsonrpc": "2.0", "method": "subscription", "params": {"channel": "book.ETH-13MAR26.none.20.100ms", "data": {"timestamp": 1772764178687, "change_id": 112177227773, "instrument_name": "ETH-13MAR26", "bids": [[2087.25, 5443.0], [2086.75, 1000.0], [2085.25, 1400.0], [2085.0, 500.0], [2082.75, 1400.0], [2082.5, 3.0], [2082.25, 90000.0], [2081.25, 1290.0], [2080.75, 5163.0], [2080.25, 4991.0], [2080.0, 20445.0], [2079.75, 19694.0], [2079.25, 40000.0], [2079.0, 209288.0], [2077.75, 30244.0], [2077.5, 14717.0], [2075.25, 30342.0], [2074.0, 40000.0], [2071.75, 208.0], [2071.5, 40000.0]], "asks": [[2088.0, 2025.0], [2088.25, 1400.0], [2088.5, 4850.0], [2088.75, 7205.0], [2090.5, 1400.0], [2090.75, 21770.0], [2092.25, 90000.0], [2094.5, 5105.0], [2094.75, 6388.0], [2095.0, 29468.0], [2095.5, 30162.0], [2096.0, 16.0], [2096.25, 20445.0], [2096.5, 195332.0], [2097.0, 40000.0], [2098.0, 16.0], [2098.5, 16.0], [2099.0, 16.0], [2099.25, 30141.0], [2100.0, 16.0]]}}}
{"jsonrpc": "2.0", "method": "subscription", "params": {"channel": "book.ETH-6MAR26.none.20.100ms", "data": {"timestamp": 1772764178607, "change_id": 112177227648, "instrument_name": "ETH-6MAR26", "bids": [[2086.75, 400.0], [2086.25, 4345.0], [2085.0, 715.0], [2084.25, 7042.0], [2081.75, 90000.0], [2081.0, 1293.0], [2080.25, 5111.0], [2080.0, 19502.0], [2079.75, 52.0], [2079.5, 59696.0], [2079.25, 20445.0], [2079.0, 40934.0], [2078.5, 180000.0], [2078.25, 38894.0], [2077.25, 20560.0], [2075.25, 59184.0], [2074.5, 40000.0], [2072.0, 40000.0], [2070.5, 208.0], [2070.25, 81782.0]], "asks": [[2087.25, 5947.0], [2087.5, 1237.0], [2087.75, 7202.0], [2089.25, 7359.0], [2092.0, 21808.0], [2092.25, 90000.0], [2093.25, 20030.0], [2095.5, 20288.0], [2095.75, 40000.0], [2096.0, 42115.0], [2096.25, 180000.0], [2097.0, 39762.0], [2099.0, 5111.0], [2099.25, 58284.0], [2099.5, 61600.0], [2101.25, 40000.0], [2104.25, 40000.0], [2105.5, 20445.0], [2105.75, 39214.0], [2109.25, 52.0]]}}}
{"jsonrpc": "2.0", "method": "subscription", "params": {"channel": "book.ETH-13MAR26.none.20.100ms", "data": {"timestamp": 1772764178810, "change_id": 112177227974, "instrument_name": "ETH-13MAR26", "bids": [[2087.25, 5443.0], [2086.75, 1000.0], [2085.25, 1400.0], [2085.0, 500.0], [2082.75, 1400.0], [2082.5, 3.0], [2082.25, 90000.0], [2081.25, 13.0], [2080.75, 52.0], [2080.25, 4991.0], [2079.75, 19694.0], [2079.25, 40000.0], [2079.0, 209288.0], [2077.75, 30244.0], [2077.5, 14717.0], [2075.25, 30342.0], [2074.0, 40000.0], [2071.75, 208.0], [2071.5, 40000.0], [2071.0, 30102.0]], "asks": [[2088.0, 2025.0], [2088.25, 1400.0], [2088.5, 4850.0], [2088.75, 7205.0], [2090.5, 1400.0], [2090.75, 21770.0], [2092.25, 90000.0], [2094.5, 5105.0], [2094.75, 6388.0], [2095.0, 29468.0], [2095.5, 30162.0], [2096.0, 16.0], [2096.25, 20445.0], [2096.5, 195332.0], [2097.0, 40000.0], [2098.0, 16.0], [2098.5, 16.0], [2099.0, 16.0], [2099.25, 30141.0], [2100.0, 16.0]]}}}
{"jsonrpc": "2.0", "method": "subscription", "params": {"channel": "book.ETH-6MAR26.none.20.100ms", "data": {"timestamp": 1772764178810, "change_id": 112177227978, "instrument_name": "ETH-6MAR26", "bids": [[2086.75, 400.0], [2086.25, 4345.0], [2085.0, 715.0], [2084.25, 7042.0], [2081.75, 90000.0], [2081.0, 16.0], [2080.0, 19502.0], [2079.75, 52.0], [2079.5, 59696.0], [2079.0, 40934.0], [2078.5, 180000.0], [2078.25, 38894.0], [2077.25, 20560.0], [2075.25, 59184.0], [2074.5, 40000.0], [2072.0, 40000.0], [2070.5, 208.0], [2070.0, 59734.0], [2064.0, 40450.0], [2063.25, 270000.0]], "asks": [[2087.25, 5947.0], [2087.5, 1237.0], [2087.75, 7202.0], [2089.25, 7359.0], [2092.0, 21808.0], [2092.25, 90000.0], [2093.25, 20030.0], [2095.5, 20288.0], [2095.75, 40000.0], [2096.0, 42115.0], [2096.25, 180000.0], [2097.0, 39762.0], [2099.0, 5111.0], [2099.25, 58284.0], [2099.5, 61600.0], [2101.25, 40000.0], [2104.25, 40000.0], [2105.5, 20445.0], [2105.75, 39214.0], [2109.25, 52.0]]}}}
{"jsonrpc": "2.0", "method": "subscription", "params": {"channel": "book.ETH-6MAR26.none.20.100ms", "data": {"timestamp": 1772764179258, "change_id": 112177228895, "instrument_name": "ETH-6MAR26", "bids": [[2086.75, 400.0], [2086.25, 4345.0], [2085.0, 715.0], [2084.25, 7042.0], [2082.0, 6388.0], [2081.75, 90000.0], [2081.0, 16.0], [2080.0, 19502.0], [2079.75, 52.0], [2079.5, 59696.0], [2079.0, 40934.0], [2078.5, 180000.0], [2078.25, 38894.0], [2077.25, 20560.0], [2075.25, 59184.0], [2074.5, 40000.0], [2072.0, 40000.0], [2070.5, 208.0], [2070.0, 59734.0], [2064.0, 40450.0]], "asks": [[2087.25, 5947.0], [2087.5, 1237.0], [2087.75, 7202.0], [2089.25, 7359.0], [2092.0, 21808.0], [2092.25, 90000.0], [2093.25, 20030.0], [2095.5, 20288.0], [2095.75, 40000.0], [2096.0, 42115.0], [2096.25, 180000.0], [2097.0, 39762.0], [2099.0, 5111.0], [2099.25, 58284.0], [2099.5, 61600.0], [2101.25, 40000.0], [2104.25, 40000.0], [2105.5, 20445.0], [2105.75, 39214.0], [2109.25, 52.0]]}}}
{"jsonrpc": "2.0", "method": "subscription", "params": {"channel": "book.ETH-13MAR26.none.20.100ms", "data": {"timestamp": 1772764179283, "change_id": 112177228913, "instrument_name": "ETH-13MAR26", "bids": [[2087.25, 5443.0], [2086.75, 1000.0], [2085.25, 1400.0], [2085.0, 500.0], [2082.75, 1400.0], [2082.5, 3.0], [2082.25, 90000.0], [2081.25, 13.0], [2080.75, 52.0], [2080.5, 4991.0], [2079.75, 19694.0], [2079.25, 40000.0], [2079.0, 209288.0], [2077.75, 30244.0], [2077.5, 14717.0], [2075.25, 30342.0], [2074.0, 40000.0], [2071.75, 208.0], [2071.5, 40000.0], [2071.0, 30102.0]], "asks": [[2088.0, 2025.0], [2088.25, 1400.0], [2088.5, 4850.0], [2088.75, 7205.0], [2090.5, 1400.0], [2090.75, 21770.0], [2092.25, 90000.0], [2094.5, 5105.0], [2094.75, 6388.0], [2095.0, 29468.0], [2095.5, 30162.0], [2096.0, 16.0], [2096.25, 20445.0], [2096.5, 195332.0], [2097.0, 40000.0], [2098.0, 16.0], [2098.5, 16.0], [2099.0, 16.0], [2099.25, 30141.0], [2100.0, 16.0]]}}}
{"jsonrpc": "2.0", "method": "subscription", "params": {"channel": "book.ETH-13MAR26.none.20.100ms", "data": {"timestamp": 1772764179676, "change_id": 112177229992, "instrument_name": "ETH-13MAR26", "bids": [[2087.75, 4802.0], [2087.5, 1400.0], [2087.25, 7842.0], [2086.75, 1000.0], [2085.25, 1400.0], [2085.0, 500.0], [2082.75, 1400.0], [2082.5, 3.0], [2082.25, 90000.0], [2081.25, 13.0], [2080.75, 52.0], [2080.5, 4991.0], [2079.75, 19694.0], [2079.25, 40000.0], [2079.0, 209288.0], [2077.75, 30244.0], [2077.5, 14717.0], [2075.25, 30342.0], [2074.0, 40000.0], [2071.75, 208.0]], "asks": [[2088.25, 1400.0], [2088.5, 2073.0], [2088.75, 3402.0], [2090.5, 1400.0], [2090.75, 21770.0], [2092.25, 90000.0], [2094.5, 5105.0], [2094.75, 6388.0], [2095.0, 29468.0], [2095.5, 30162.0], [2096.0, 16.0], [2096.25, 20445.0], [2096.5, 195332.0], [2097.0, 40000.0], [2098.0, 16.0], [2098.5, 16.0], [2099.0, 16.0], [2099.25, 30141.0], [2100.0, 16.0], [2100.75, 69903.0]]}}}
{"jsonrpc": "2.0", "method": "subscription", "params": {"channel": "book.ETH-6MAR26.none.20.100ms", "data": {"timestamp": 1772764179659, "change_id": 112177229979, "instrument_name": "ETH-6MAR26", "bids": [[2086.75, 400.0], [2086.5, 4345.0], [2084.25, 7042.0], [2082.0, 6388.0], [2081.75, 90000.0], [2081.0, 16.0], [2080.0, 19502.0], [2079.75, 52.0], [2079.5, 59696.0], [2079.0, 40934.0], [2078.5, 180000.0], [2078.25, 38894.0], [2077.25, 20560.0], [2075.25, 59184.0], [2074.5, 40000.0], [2072.0, 40000.0], [2070.5, 208.0], [2070.0, 59734.0], [2064.0, 40450.0], [2063.25, 270000.0]], "asks": [[2087.25, 2622.0], [2087.5, 4720.0], [2090.75, 7044.0], [2092.0, 21808.0], [2092.25, 90000.0], [2093.25, 20030.0], [2095.5, 20288.0], [2095.75, 40000.0], [2096.0, 42115.0], [2096.25, 180000.0], [2097.0, 39762.0], [2099.0, 5111.0], [2099.25, 58284.0], [2099.5, 61600.0], [2101.25, 40000.0], [2104.25, 40000.0], [2105.5, 20445.0], [2105.75, 39214.0], [2109.25, 52.0], [2111.5, 81783.0]]}}}
{"jsonrpc": "2.0", "method": "subscription", "params": {"channel": "book.ETH-6MAR26.none.20.100ms", "data": {"timestamp": 1772764179978, "change_id": 112177230341, "instrument_name": "ETH-6MAR26", "bids": [[2086.75, 400.0], [2086.5, 4345.0], [2085.0, 766.0], [2084.25, 7042.0], [2082.0, 6388.0], [2081.75, 90000.0], [2081.0, 16.0], [2080.25, 20445.0], [2080.0, 19502.0], [2079.75, 52.0], [2079.5, 59696.0], [2079.0, 40934.0], [2078.5, 180000.0], [2078.25, 38894.0], [2077.25, 20560.0], [2075.25, 59184.0], [2074.5, 40000.0], [2072.0, 40000.0], [2070.5, 208.0], [2070.0, 59734.0]], "asks": [[2087.25, 2622.0], [2087.5, 4720.0], [2089.5, 7136.0], [2092.0, 21808.0], [2092.25, 90000.0], [2093.25, 20030.0], [2095.5, 20288.0], [2095.75, 40000.0], [2096.0, 42115.0], [2096.25, 180000.0], [2097.0, 39762.0], [2099.0, 5111.0], [2099.25, 58284.0], [2099.5, 61600.0], [2101.25, 40000.0], [2104.25, 40000.0], [2105.5, 20445.0], [2105.75, 39214.0], [2109.25, 52.0], [2111.5, 81783.0]]}}}
{"jsonrpc": "2.0", "method": "subscription", "params": {"channel": "book.ETH-13MAR26.none.20.100ms", "data": {"timestamp": 1772764180004, "change_id": 112177230350, "instrument_name": "ETH-13MAR26", "bids": [[2087.5, 4818.0], [2087.25, 7826.0], [2086.75, 1000.0], [2085.25, 1400.0], [2085.0, 500.0], [2082.75, 1400.0], [2082.5, 3.0], [2082.25, 90000.0], [2081.25, 13.0], [2080.75, 52.0], [2080.5, 4991.0], [2079.75, 19694.0], [2079.25, 40000.0], [2079.0, 209288.0], [2077.75, 30244.0], [2077.5, 14717.0], [2075.25, 30342.0], [2074.0, 40000.0], [2071.75, 208.0], [2071.5, 40000.0]], "asks": [[2088.25, 2025.0], [2088.5, 1448.0], [2088.75, 3402.0], [2090.5, 1400.0], [2090.75, 21770.0], [2092.25, 90000.0], [2094.5, 5105.0], [2094.75, 6388.0], [2095.0, 29468.0], [2095.5, 30162.0], [2096.0, 16.0], [2096.25, 20445.0], [2096.5, 195332.0], [2097.0, 40000.0], [2098.0, 16.0], [2098.5, 16.0], [2099.0, 16.0], [2099.25, 30141.0], [2100.0, 16.0], [2100.75, 69903.0]]}}}
{"jsonrpc": "2.0", "method": "subscription", "params": {"channel": "book.ETH-13MAR26.none.20.100ms", "data": {"timestamp": 1772764180057, "change_id": 112177230500, "instrument_name": "ETH-13MAR26", "bids": [[2087.5, 4818.0], [2087.25, 7826.0], [2086.75, 1000.0], [2085.25, 1400.0], [2085.0, 500.0], [2082.75, 1400.0], [2082.5, 3.0], [2082.25, 90000.0], [2081.25, 13.0], [2080.75, 52.0], [2080.5, 4991.0], [2079.75, 19694.0], [2079.25, 40000.0], [2079.0, 209288.0], [2077.75, 30244.0], [2077.5, 14717.0], [2075.25, 30342.0], [2074.0, 40000.0], [2071.75, 208.0], [2071.5, 40000.0]], "asks": [[2088.25, 2025.0], [2088.5, 4850.0], [2090.5, 1400.0], [2090.75, 21770.0], [2092.25, 90000.0], [2094.5, 5105.0], [2094.75, 6388.0], [2095.0, 29468.0], [2095.5, 30162.0], [2096.0, 16.0], [2096.25, 20445.0], [2096.5, 195332.0], [2097.0, 40000.0], [2098.0, 16.0], [2098.5, 16.0], [2099.0, 16.0], [2099.25, 30141.0], [2100.0, 16.0], [2100.75, 69903.0], [2101.0, 68.0]]}}}
{"jsonrpc": "2.0", "method": "subscription", "params": {"channel": "book.ETH-6MAR26.none.20.100ms", "data": {"timestamp": 1772764180146, "change_id": 112177230685, "instrument_name": "ETH-6MAR26", "bids": [[2086.75, 400.0], [2086.5, 4345.0], [2084.25, 7042.0], [2082.0, 6388.0], [2081.75, 90000.0], [2081.0, 16.0], [2080.25, 20445.0], [2080.0, 19502.0], [2079.75, 52.0], [2079.5, 59696.0], [2079.0, 40934.0], [2078.5, 180000.0], [2078.25, 38894.0], [2077.25, 20560.0], [2075.25, 59184.0], [2074.5, 40000.0], [2072.0, 40000.0], [2070.5, 208.0], [2070.0, 59734.0], [2064.0, 40450.0]], "asks": [[2087.25, 5947.0], [2087.5, 1000.0], [2089.25, 362.0], [2089.5, 7136.0], [2092.0, 21808.0], [2092.25, 90000.0], [2093.25, 20030.0], [2095.5, 20288.0], [2095.75, 40000.0], [2096.0, 42115.0], [2096.25, 180000.0], [2097.0, 39762.0], [2099.0, 5111.0], [2099.25, 58284.0], [2099.5, 61600.0], [2101.25, 40000.0], [2104.25, 40000.0], [2105.5, 20445.0], [2105.75, 39214.0], [2109.25, 52.0]]}}}
{"jsonrpc": "2.0", "method": "subscription", "params": {"channel": "book.ETH-13MAR26.none.20.100ms", "data": {"timestamp": 1772764180664, "change_id": 112177231290, "instrument_name": "ETH-13MAR26", "bids": [[2087.5, 4818.0], [2087.25, 7826.0], [2086.75, 1000.0], [2085.25, 1400.0], [2085.0, 500.0], [2083.0, 5111.0], [2082.75, 1400.0], [2082.5, 20448.0], [2082.25, 90000.0], [2081.25, 13.0], [2080.75, 52.0], [2080.5, 4991.0], [2079.75, 19694.0], [2079.25, 40000.0], [2079.0, 209288.0], [2077.75, 30244.0], [2077.5, 14717.0], [2075.25, 30342.0], [2074.0, 40000.0], [2071.75, 208.0]], "asks": [[2088.25, 2025.0], [2088.5, 3450.0], [2090.5, 1400.0], [2090.75, 21770.0], [2092.25, 90000.0], [2094.5, 5105.0], [2094.75, 6388.0], [2095.0, 29468.0], [2095.5, 30162.0], [2096.0, 16.0], [2096.25, 20445.0], [2096.5, 195332.0], [2097.0, 40000.0], [2098.0, 16.0], [2098.5, 16.0], [2099.0, 16.0], [2099.25, 30141.0], [2100.0, 16.0], [2100.75, 69903.0], [2101.0, 68.0]]}}}
{"jsonrpc": "2.0", "method": "subscription", "params": {"channel": "book.ETH-6MAR26.none.20.100ms", "data": {"timestamp": 1772764180576, "change_id": 112177231203, "instrument_name": "ETH-6MAR26", "bids": [[2086.75, 400.0], [2086.5, 4345.0], [2085.25, 590.0], [2084.25, 7042.0], [2082.0, 6388.0], [2081.75, 90000.0], [2081.0, 16.0], [2080.25, 20445.0], [2080.0, 19502.0], [2079.75, 52.0], [2079.5, 59696.0], [2079.0, 40934.0], [2078.5, 180000.0], [2078.25, 38894.0], [2077.25, 20560.0], [2075.25, 59184.0], [2074.5, 40000.0], [2072.0, 40000.0], [2070.5, 208.0], [2070.0, 59734.0]], "asks": [[2087.25, 5947.0], [2087.5, 1000.0], [2089.25, 362.0], [2089.5, 7136.0], [2092.0, 21808.0], [2092.25, 90000.0], [2093.25, 20030.0], [2095.5, 20288.0], [2095.75, 40000.0], [2096.0, 42115.0], [2096.25, 180000.0], [2097.0, 39762.0], [2099.0, 5111.0], [2099.25, 58284.0], [2099.5, 61600.0], [2101.25, 40000.0], [2104.25, 40000.0], [2105.5, 20445.0], [2105.75, 39214.0], [2109.25, 52.0]]}}}
{"jsonrpc": "2.0", "method": "subscription", "params": {"channel": "book.ETH-13MAR26.none.20.100ms", "data": {"timestamp": 1772764180733, "change_id": 112177231316, "instrument_name": "ETH-13MAR26", "bids": [[2087.5, 4818.0], [2087.25, 7826.0], [2086.75, 1000.0], [2085.25, 1400.0], [2085.0, 500.0], [2083.0, 5111.0], [2082.75, 1400.0], [2082.5, 20448.0], [2082.25, 90000.0], [2081.25, 13.0], [2080.75, 52.0], [2080.5, 4991.0], [2079.75, 19694.0], [2079.25, 40000.0], [2079.0, 209288.0], [2077.75, 30244.0], [2077.5, 14717.0], [2075.25, 30342.0], [2074.0, 40000.0], [2071.75, 208.0]], "asks": [[2088.25, 2025.0], [2088.5, 3450.0], [2090.25, 4724.0], [2090.5, 1400.0], [2090.75, 21770.0], [2092.25, 90000.0], [2094.5, 5105.0], [2094.75, 6388.0], [2095.0, 29468.0], [2095.5, 30162.0], [2096.0, 16.0], [2096.25, 20445.0], [2096.5, 195332.0], [2097.0, 40000.0], [2098.0, 16.0], [2098.5, 16.0], [2099.0, 16.0], [2099.25, 30141.0], [2100.0, 16.0], [2100.75, 69903.0]]}}}
{"jsonrpc": "2.0", "method": "subscription", "params": {"channel": "book.ETH-6MAR26.none.20.100ms", "data": {"timestamp": 1772764180695, "change_id": 112177231301, "instrument_name": "ETH-6MAR26", "bids": [[2086.75, 400.0], [2086.5, 4345.0], [2085.25, 590.0], [2084.25, 7042.0], [2082.0, 6388.0], [2081.75, 90000.0], [2081.0, 16.0], [2080.25, 20445.0], [2080.0, 19502.0], [2079.75, 52.0], [2079.5, 59696.0], [2079.0, 40934.0], [2078.5, 180000.0], [2078.25, 38894.0], [2077.25, 20560.0], [2075.25, 59184.0], [2074.5, 40000.0], [2072.0, 40000.0], [2070.5, 208.0], [2070.0, 59734.0]], "asks": [[2087.25, 2622.0], [2087.5, 4720.0], [2089.5, 7136.0], [2092.0, 21808.0], [2092.25, 90000.0], [2093.25, 20030.0], [2095.5, 20288.0], [2095.75, 40000.0], [2096.0, 42115.0], [2096.25, 180000.0], [2097.0, 39762.0], [2099.0, 5111.0], [2099.25, 58284.0], [2099.5, 61600.0], [2101.25, 40000.0], [2104.25, 40000.0], [2105.5, 20445.0], [2105.75, 39214.0], [2109.25, 52.0], [2111.5, 81783.0]]}}}
{"jsonrpc": "2.0", "method": "subscription", "params": {"channel": "book.ETH-13MAR26.none.20.100ms", "data": {"timestamp": 1772764181321, "change_id": 112177232203, "instrument_name": "ETH-13MAR26", "bids": [[2087.5, 4818.0], [2087.25, 7826.0], [2086.75, 1000.0], [2085.25, 1400.0], [2085.0, 500.0], [2083.0, 6388.0], [2082.75, 1400.0], [2082.5, 20448.0], [2082.25, 90000.0], [2081.25, 13.0], [2080.75, 52.0], [2080.5, 4991.0], [2079.75, 19694.0], [2079.25, 40000.0], [2079.0, 209288.0], [2077.75, 30244.0], [2077.5, 14717.0], [2075.25, 30342.0], [2074.25, 81783.0], [2074.0, 40000.0]], "asks": [[2088.25, 2025.0], [2088.5, 3450.0], [2090.25, 4724.0], [2090.5, 1400.0], [2090.75, 21770.0], [2092.25, 90000.0], [2094.5, 5105.0], [2094.75, 6388.0], [2095.0, 29468.0], [2095.5, 30162.0], [2096.0, 16.0], [2096.25, 20445.0], [2096.5, 195332.0], [2097.0, 40000.0], [2098.0, 16.0], [2098.5, 16.0], [2099.0, 16.0], [2099.25, 30141.0], [2100.0, 16.0], [2100.75, 69903.0]]}}}
{"jsonrpc": "2.0", "method": "subscription", "params": {"channel": "book.ETH-6MAR26.none.20.100ms", "data": {"timestamp": 1772764181011, "change_id": 112177231564, "instrument_name": "ETH-6MAR26", "bids": [[2086.75, 400.0], [2086.5, 4345.0], [2085.25, 590.0], [2084.25, 7042.0], [2082.0, 6388.0], [2081.75, 90000.0], [2081.0, 16.0], [2080.25, 20445.0], [2080.0, 19502.0], [2079.75, 52.0], [2079.5, 59696.0], [2079.0, 40934.0], [2078.5, 180000.0], [2078.25, 38894.0], [2077.25, 20560.0], [2075.25, 59184.0], [2074.5, 40000.0], [2072.25, 81783.0], [2072.0, 40000.0], [2070.5, 208.0]], "asks": [[2087.25, 2622.0], [2087.5, 4720.0], [2089.5, 7136.0], [2092.0, 21808.0], [2092.25, 90000.0], [2093.25, 20030.0], [2095.5, 20288.0], [2095.75, 40000.0], [2096.0, 42115.0], [2096.25, 180000.0], [2097.0, 39762.0], [2099.0, 5111.0], [2099.25, 58284.0], [2099.5, 61600.0], [2101.25, 40000.0], [2104.25, 40000.0], [2105.5, 20445.0], [2105.75, 39214.0], [2109.25, 52.0], [2111.5, 81783.0]]}}}
{"jsonrpc": "2.0", "method": "subscription", "params": {"channel": "book.ETH-13MAR26.none.20.100ms", "data": {"timestamp": 1772764181653, "change_id": 112177232450, "instrument_name": "ETH-13MAR26", "bids": [[2087.5, 4818.0], [2087.25, 7826.0], [2086.75, 1000.0], [2085.25, 1400.0], [2085.0, 500.0], [2083.0, 6388.0], [2082.75, 1400.0], [2082.5, 20448.0], [2082.25, 90000.0], [2081.25, 13.0], [2080.75, 52.0], [2080.5, 4991.0], [2079.75, 19694.0], [2079.25, 40000.0], [2079.0, 209288.0], [2077.75, 30244.0], [2077.5, 14717.0], [2075.25, 30342.0], [2074.25, 81783.0], [2074.0, 40000.0]], "asks": [[2088.25, 2025.0], [2088.5, 3450.0], [2090.0, 1400.0], [2090.25, 4724.0], [2090.5, 1400.0], [2090.75, 21770.0], [2092.25, 90000.0], [2094.5, 5105.0], [2094.75, 6388.0], [2095.0, 29468.0], [2095.5, 30162.0], [2096.0, 16.0], [2096.25, 20445.0], [2096.5, 195332.0], [2097.0, 40000.0], [2098.0, 16.0], [2098.5, 16.0], [2099.0, 16.0], [2099.25, 30141.0], [2100.0, 16.0]]}}}
{"jsonrpc": "2.0", "method": "subscription", "params": {"channel": "book.ETH-13MAR26.none.20.100ms", "data": {"timestamp": 1772764182642, "change_id": 112177234511, "instrument_name": "ETH-13MAR26", "bids": [[2088.0, 4802.0], [2087.75, 1416.0], [2087.5, 2025.0], [2087.25, 7201.0], [2087.0, 1400.0], [2086.75, 1000.0], [2085.25, 1400.0], [2085.0, 500.0], [2083.0, 6388.0], [2082.75, 1400.0], [2082.5, 20448.0], [2082.25, 90000.0], [2081.25, 13.0], [2080.75, 52.0], [2079.75, 19694.0], [2079.25, 40000.0], [2079.0, 209288.0], [2077.75, 30244.0], [2077.5, 14717.0], [2075.25, 30342.0]], "asks": [[2089.0, 4850.0], [2090.0, 1400.0], [2090.25, 4724.0], [2090.5, 1400.0], [2090.75, 21770.0], [2092.25, 90000.0], [2094.5, 5105.0], [2094.75, 6388.0], [2095.0, 16.0], [2096.0, 16.0], [2096.25, 20445.0], [2096.5, 195332.0], [2097.0, 40000.0], [2097.5, 29452.0], [2098.0, 16.0], [2098.25, 30162.0], [2098.5, 16.0], [2099.0, 16.0], [2099.25, 30141.0], [2100.0, 16.0]]}}}
{"jsonrpc": "2.0", "method": "subscription", "params": {"channel": "book.ETH-6MAR26.none.20.100ms", "data": {"timestamp": 1772764182642, "change_id": 112177234502, "instrument_name": "ETH-6MAR26", "bids": [[2087.0, 3720.0], [2086.75, 400.0], [2086.5, 625.0], [2085.25, 590.0], [2084.25, 7042.0], [2082.0, 6388.0], [2081.75, 90000.0], [2081.0, 16.0], [2080.25, 20445.0], [2079.75, 52.0], [2079.5, 59696.0], [2079.0, 40934.0], [2078.5, 180000.0], [2078.25, 38894.0], [2077.25, 20560.0], [2075.25, 59184.0], [2074.5, 40000.0], [2072.25, 81783.0], [2072.0, 40000.0], [2070.5, 208.0]], "asks": [[2087.5, 2275.0], [2087.75, 4345.0], [2088.25, 1000.0], [2090.75, 7291.0], [2092.0, 21808.0], [2092.25, 90000.0], [2093.25, 20030.0], [2095.5, 20288.0], [2095.75, 40000.0], [2096.0, 42115.0], [2096.25, 180000.0], [2097.0, 39762.0], [2099.0, 5111.0], [2099.25, 58284.0], [2099.5, 61600.0], [2101.25, 40000.0], [2104.25, 40000.0], [2105.5, 20445.0], [2105.75, 39214.0], [2109.25, 52.0]]}}}
{"jsonrpc": "2.0", "method": "subscription", "params": {"channel": "book.ETH-13MAR26.none.20.100ms", "data": {"timestamp": 1772764182881, "change_id": 112177235237, "instrument_name": "ETH-13MAR26", "bids": [[2088.0, 4802.0], [2087.75, 2041.0], [2087.5, 1400.0], [2087.0, 1400.0], [2086.75, 1000.0], [2085.25, 1400.0], [2085.0, 500.0], [2083.0, 6388.0], [2082.75, 1400.0], [2082.5, 20448.0], [2082.25, 90000.0], [2081.25, 13.0], [2081.0, 4991.0], [2080.75, 52.0], [2079.75, 19694.0], [2079.25, 40000.0], [2079.0, 209288.0], [2077.75, 30244.0], [2077.5, 14717.0], [2075.25, 30342.0]], "asks": [[2088.75, 2025.0], [2089.0, 4850.0], [2090.0, 1400.0], [2090.25, 4724.0], [2090.5, 1400.0], [2090.75, 21770.0], [2092.25, 90000.0], [2094.5, 5105.0], [2094.75, 6388.0], [2095.0, 16.0], [2096.0, 16.0], [2096.25, 20445.0], [2096.5, 195332.0], [2097.0, 40000.0], [2097.5, 29452.0], [2098.0, 16.0], [2098.25, 30162.0], [2098.5, 16.0], [2099.0, 16.0], [2099.25, 30141.0]]}}}
{"jsonrpc": "2.0", "method": "subscription", "params": {"channel": "book.ETH-6MAR26.none.20.100ms", "data": {"timestamp": 1772764182964, "change_id": 112177235365, "instrument_name": "ETH-6MAR26", "bids": [[2087.0, 3720.0], [2086.75, 1025.0], [2086.5, 7198.0], [2084.25, 7042.0], [2082.0, 6388.0], [2081.75, 90000.0], [2081.0, 16.0], [2080.5, 19502.0], [2080.25, 20445.0], [2079.75, 52.0], [2079.5, 59696.0], [2079.0, 40934.0], [2078.5, 180000.0], [2078.25, 38894.0], [2077.25, 20560.0], [2075.25, 59184.0], [2074.5, 40000.0], [2072.25, 81783.0], [2072.0, 40000.0], [2070.5, 208.0]], "asks": [[2087.5, 859.0], [2087.75, 4790.0], [2088.25, 1000.0], [2090.75, 7291.0], [2092.0, 21808.0], [2092.25, 90000.0], [2093.25, 20030.0], [2095.5, 20288.0], [2095.75, 40000.0], [2096.0, 42115.0], [2096.25, 180000.0], [2097.0, 39762.0], [2099.0, 5111.0], [2099.25, 58284.0], [2099.5, 61600.0], [2101.25, 40000.0], [2104.25, 40000.0], [2105.5, 20445.0], [2105.75, 39214.0], [2109.25, 52.0]]}}}
{"jsonrpc": "2.0", "method": "subscription", "params": {"channel": "book.ETH-13MAR26.none.20.100ms", "data": {"timestamp": 1772764183037, "change_id": 112177235546, "instrument_name": "ETH-13MAR26", "bids": [[2088.0, 4802.0], [2087.75, 2041.0], [2087.5, 1400.0], [2087.0, 1400.0], [2086.75, 1000.0], [2085.25, 1400.0], [2085.0, 500.0], [2083.0, 6388.0], [2082.75, 1400.0], [2082.5, 20448.0], [2082.25, 90000.0], [2081.25, 13.0], [2081.0, 4991.0], [2080.75, 52.0], [2079.75, 19694.0], [2079.25, 40000.0], [2079.0, 209288.0], [2077.75, 30244.0], [2077.5, 14717.0], [2075.25, 30342.0]], "asks": [[2088.75, 2025.0], [2089.0, 4850.0], [2089.25, 7207.0], [2090.0, 1400.0], [2090.25, 4724.0], [2090.5, 1400.0], [2090.75, 21770.0], [2092.25, 90000.0], [2094.5, 5105.0], [2094.75, 6388.0], [2095.0, 16.0], [2096.0, 16.0], [2096.25, 20445.0], [2096.5, 195332.0], [2097.0, 40000.0], [2097.5, 29452.0], [2098.0, 16.0], [2098.25, 30162.0], [2098.5, 16.0], [2099.0, 16.0]]}}}
{"jsonrpc": "2.0", "method": "subscription", "params": {"channel": "book.ETH-6MAR26.none.20.100ms", "data": {"timestamp": 1772764183185, "change_id": 112177236304, "instrument_name": "ETH-6MAR26", "bids": [[2087.0, 3720.0], [2086.75, 1025.0], [2086.5, 7198.0], [2085.5, 778.0], [2084.25, 7042.0], [2082.0, 6388.0], [2081.75, 90000.0], [2081.0, 16.0], [2080.5, 19502.0], [2080.25, 20445.0], [2079.75, 52.0], [2079.5, 59696.0], [2079.0, 40934.0], [2078.5, 180000.0], [2078.25, 38894.0], [2077.25, 20560.0], [2075.25, 59184.0], [2074.5, 40000.0], [2072.25, 81783.0], [2072.0, 40000.0]], "asks": [[2087.5, 859.0], [2087.75, 4790.0], [2088.25, 1000.0], [2090.75, 7291.0], [2092.0, 21808.0], [2092.25, 90000.0], [2093.25, 20030.0], [2095.5, 20288.0], [2095.75, 40000.0], [2096.0, 42115.0], [2096.25, 180000.0], [2097.0, 39762.0], [2099.0, 5111.0], [2099.25, 58284.0], [2099.5, 61600.0], [2101.25, 40000.0], [2104.25, 40000.0], [2105.5, 20445.0], [2105.75, 39214.0], [2109.25, 52.0]]}}}
{"jsonrpc": "2.0", "method": "subscription", "params": {"channel": "book.ETH-13MAR26.none.20.100ms", "data": {"timestamp": 1772764183648, "change_id": 112177236983, "instrument_name": "ETH-13MAR26", "bids": [[2088.0, 4802.0], [2087.75, 641.0], [2087.0, 1400.0], [2086.75, 1000.0], [2085.25, 1400.0], [2085.0, 500.0], [2083.0, 6388.0], [2082.75, 1400.0], [2082.5, 20448.0], [2082.25, 90000.0], [2081.25, 13.0], [2081.0, 4991.0], [2080.75, 52.0], [2079.75, 19694.0], [2079.25, 40000.0], [2079.0, 209288.0], [2077.75, 30244.0], [2077.5, 14717.0], [2075.25, 30342.0], [2074.25, 81783.0]], "asks": [[2088.75, 2025.0], [2089.0, 4850.0], [2089.25, 7207.0], [2090.0, 1400.0], [2090.25, 4724.0], [2090.5, 1400.0], [2090.75, 21770.0], [2092.25, 90000.0], [2094.5, 5105.0], [2094.75, 6388.0], [2095.0, 16.0], [2096.0, 16.0], [2096.25, 20445.0], [2096.5, 195332.0], [2097.0, 40000.0], [2097.5, 29452.0], [2098.0, 16.0], [2098.25, 30162.0], [2098.5, 16.0], [2099.0, 16.0]]}}}
{"jsonrpc": "2.0", "method": "subscription", "params": {"channel": "book.ETH-6MAR26.none.20.100ms", "data": {"timestamp": 1772764183648, "change_id": 112177236984, "instrument_name": "ETH-6MAR26", "bids": [[2087.0, 3720.0], [2086.75, 1025.0], [2086.5, 7198.0], [2085.5, 778.0], [2084.25, 7042.0], [2082.0, 6388.0], [2081.75, 90000.0], [2081.0, 16.0], [2080.5, 19502.0], [2080.25, 20445.0], [2079.75, 52.0], [2079.5, 59696.0], [2079.0, 40934.0], [2078.5, 180000.0], [2078.25, 38894.0], [2077.25, 20560.0], [2075.25, 59184.0], [2074.5, 40000.0], [2072.25, 81783.0], [2072.0, 40000.0]], "asks": [[2087.75, 4790.0], [2088.0, 299.0], [2088.25, 1000.0], [2092.0, 21808.0], [2092.25, 90000.0], [2093.25, 20030.0], [2095.5, 20288.0], [2095.75, 40000.0], [2096.0, 42115.0], [2096.25, 180000.0], [2097.0, 39762.0], [2099.0, 5111.0], [2099.25, 58284.0], [2099.5, 61600.0], [2101.25, 40000.0], [2104.25, 40000.0], [2105.5, 20445.0], [2105.75, 39214.0], [2109.25, 52.0], [2111.5, 81783.0]]}}}
{"jsonrpc": "2.0", "method": "subscription", "params": {"channel": "book.ETH-13MAR26.none.20.100ms", "data": {"timestamp": 1772764183883, "change_id": 112177237264, "instrument_name": "ETH-13MAR26", "bids": [[2088.0, 4802.0], [2087.75, 7843.0], [2087.0, 1400.0], [2086.75, 1000.0], [2085.25, 1400.0], [2085.0, 500.0], [2083.0, 6388.0], [2082.75, 1400.0], [2082.5, 20448.0], [2082.25, 90000.0], [2081.25, 13.0], [2081.0, 4991.0], [2080.75, 52.0], [2079.75, 19694.0], [2079.25, 40000.0], [2079.0, 209288.0], [2077.75, 30244.0], [2077.5, 14717.0], [2075.25, 30342.0], [2074.25, 81783.0]], "asks": [[2088.75, 2025.0], [2089.0, 4850.0], [2089.25, 7207.0], [2090.0, 1400.0], [2090.25, 4724.0], [2090.5, 1400.0], [2090.75, 21770.0], [2092.25, 90000.0], [2094.5, 5105.0], [2094.75, 6388.0], [2095.0, 16.0], [2096.0, 16.0], [2096.25, 20445.0], [2096.5, 195332.0], [2097.0, 40000.0], [2097.5, 29452.0], [2098.0, 16.0], [2098.25, 30162.0], [2098.5, 16.0], [2099.0, 16.0]]}}}
{"jsonrpc": "2.0", "method": "subscription", "params": {"channel": "book.ETH-6MAR26.none.20.100ms", "data": {"timestamp": 1772764183798, "change_id": 112177237136, "instrument_name": "ETH-6MAR26", "bids": [[2087.0, 3720.0], [2086.75, 1025.0], [2086.5, 7198.0], [2085.5, 778.0], [2084.25, 7042.0], [2082.0, 6388.0], [2081.75, 90000.0], [2081.0, 16.0], [2080.5, 19502.0], [2080.25, 20445.0], [2079.75, 52.0], [2079.5, 59696.0], [2079.0, 40934.0], [2078.5, 180000.0], [2078.25, 38894.0], [2077.25, 20560.0], [2075.25, 59184.0], [2074.5, 40000.0], [2072.25, 81783.0], [2072.0, 40000.0]], "asks": [[2087.75, 4790.0], [2088.0, 299.0], [2088.25, 1000.0], [2090.5, 7176.0], [2092.0, 21808.0], [2092.25, 90000.0], [2093.25, 20030.0], [2095.5, 20288.0], [2095.75, 40000.0], [2096.0, 42115.0], [2096.25, 180000.0], [2097.0, 39762.0], [2099.0, 5111.0], [2099.25, 58284.0], [2099.5, 61600.0], [2101.25, 40000.0], [2104.25, 40000.0], [2105.5, 20445.0], [2105.75, 39214.0], [2109.25, 52.0]]}}}
{"jsonrpc": "2.0", "method": "subscription", "params": {"channel": "book.ETH-13MAR26.none.20.100ms", "data": {"timestamp": 1772764184190, "change_id": 112177237910, "instrument_name": "ETH-13MAR26", "bids": [[2087.75, 11245.0], [2087.0, 1400.0], [2086.75, 1000.0], [2085.25, 1400.0], [2085.0, 500.0], [2083.0, 6388.0], [2082.75, 1400.0], [2082.5, 20448.0], [2082.25, 90000.0], [2081.25, 13.0], [2081.0, 4991.0], [2080.75, 52.0], [2079.75, 19694.0], [2079.25, 40000.0], [2079.0, 209288.0], [2077.75, 30244.0], [2077.5, 14717.0], [2075.25, 30342.0], [2074.25, 81783.0], [2074.0, 40000.0]], "asks": [[2088.5, 2025.0], [2088.75, 4802.0], [2089.0, 1448.0], [2089.25, 7207.0], [2090.0, 1400.0], [2090.25, 4724.0], [2090.5, 1400.0], [2090.75, 21770.0], [2092.25, 90000.0], [2094.5, 5105.0], [2094.75, 6388.0], [2095.0, 16.0], [2096.0, 16.0], [2096.25, 20445.0], [2096.5, 195332.0], [2097.0, 40000.0], [2097.5, 29452.0], [2098.0, 16.0], [2098.25, 30162.0], [2098.5, 16.0]]}}}
{"jsonrpc": "2.0", "method": "subscription", "params": {"channel": "book.ETH-6MAR26.none.20.100ms", "data": {"timestamp": 1772764184080, "change_id": 112177237513, "instrument_name": "ETH-6MAR26", "bids": [[2086.75, 4745.0], [2086.5, 7198.0], [2085.5, 778.0], [2084.25, 7042.0], [2082.0, 6388.0], [2081.75, 90000.0], [2081.0, 16.0], [2080.5, 19502.0], [2080.25, 20445.0], [2079.75, 52.0], [2079.5, 59696.0], [2079.0, 40934.0], [2078.5, 180000.0], [2078.25, 38894.0], [2077.25, 20560.0], [2075.25, 59184.0], [2074.5, 40000.0], [2072.25, 81783.0], [2072.0, 40000.0], [2070.5, 208.0]], "asks": [[2087.5, 1310.0], [2087.75, 4345.0], [2088.25, 1000.0], [2090.5, 7176.0], [2092.0, 21808.0], [2092.25, 90000.0], [2093.25, 20030.0], [2095.5, 20288.0], [2095.75, 40000.0], [2096.0, 42115.0], [2096.25, 180000.0], [2097.0, 39762.0], [2099.0, 5111.0], [2099.25, 58284.0], [2099.5, 61600.0], [2101.25, 40000.0], [2104.25, 40000.0], [2105.5, 20445.0], [2105.75, 39214.0], [2109.25, 52.0]]}}}
{"jsonrpc": "2.0", "method": "subscription", "params": {"channel": "book.ETH-13MAR26.none.20.100ms", "data": {"timestamp": 1772764184620, "change_id": 112177238265, "instrument_name": "ETH-13MAR26", "bids": [[2087.75, 5443.0], [2087.0, 1400.0], [2086.75, 1000.0], [2085.25, 1400.0], [2085.0, 500.0], [2083.0, 6388.0], [2082.75, 1400.0], [2082.5, 20448.0], [2082.25, 90000.0], [2081.25, 13.0], [2081.0, 4991.0], [2080.75, 52.0], [2079.75, 19694.0], [2079.25, 40000.0], [2079.0, 209288.0], [2077.75, 30244.0], [2077.5, 14717.0], [2075.25, 30342.0], [2074.25, 81783.0], [2074.0, 40000.0]], "asks": [[2088.5, 2025.0], [2088.75, 4802.0], [2089.0, 1448.0], [2089.25, 7207.0], [2090.0, 1400.0], [2090.25, 4724.0], [2090.5, 1400.0], [2090.75, 21770.0], [2092.25, 90000.0], [2094.5, 5105.0], [2094.75, 6388.0], [2095.0, 16.0], [2096.0, 16.0], [2096.25, 20445.0], [2096.5, 195332.0], [2097.0, 40000.0], [2097.5, 29452.0], [2098.0, 16.0], [2098.25, 30162.0], [2098.5, 16.0]]}}}
{"jsonrpc": "2.0", "method": "subscription", "params": {"channel": "book.ETH-6MAR26.none.20.100ms", "data": {"timestamp": 1772764184492, "change_id": 112177238187, "instrument_name": "ETH-6MAR26", "bids": [[2086.75, 4745.0], [2086.5, 7198.0], [2084.25, 7042.0], [2082.0, 6388.0], [2081.75, 90000.0], [2081.0, 16.0], [2080.5, 19502.0], [2080.25, 20445.0], [2079.75, 52.0], [2079.5, 59696.0], [2079.0, 40934.0], [2078.5, 180000.0], [2078.25, 38894.0], [2077.25, 20560.0], [2075.25, 59184.0], [2074.5, 40000.0], [2072.25, 81783.0], [2072.0, 40000.0], [2070.5, 208.0], [2070.0, 59734.0]], "asks": [[2087.5, 1310.0], [2087.75, 4345.0], [2088.25, 1000.0], [2090.5, 7176.0], [2092.0, 21808.0], [2092.25, 90000.0], [2093.25, 20030.0], [2095.5, 20288.0], [2095.75, 40000.0], [2096.0, 42115.0], [2096.25, 180000.0], [2097.0, 39762.0], [2099.0, 5111.0], [2099.25, 58284.0], [2099.5, 61600.0], [2101.25, 40000.0], [2104.25, 40000.0], [2105.5, 20445.0], [2105.75, 39214.0], [2109.25, 52.0]]}}}
{"jsonrpc": "2.0", "method": "subscription", "params": {"channel": "book.ETH-13MAR26.none.20.100ms", "data": {"timestamp": 1772764184764, "change_id": 112177238351, "instrument_name": "ETH-13MAR26", "bids": [[2087.75, 5443.0], [2087.5, 7202.0], [2087.0, 1400.0], [2086.75, 1000.0], [2085.25, 1400.0], [2085.0, 500.0], [2083.0, 6388.0], [2082.75, 1400.0], [2082.5, 20448.0], [2082.25, 90000.0], [2081.25, 13.0], [2081.0, 4991.0], [2080.75, 52.0], [2079.75, 19694.0], [2079.25, 40000.0], [2079.0, 209288.0], [2077.75, 30244.0], [2077.5, 14717.0], [2075.25, 30342.0], [2074.25, 81783.0]], "asks": [[2088.5, 2025.0], [2088.75, 4802.0], [2089.0, 1448.0], [2089.25, 7207.0], [2090.0, 1400.0], [2090.25, 4724.0], [2090.5, 1400.0], [2090.75, 21770.0], [2092.25, 90000.0], [2094.5, 5105.0], [2094.75, 6388.0], [2095.0, 16.0], [2096.0, 16.0], [2096.25, 20445.0], [2096.5, 195332.0], [2097.0, 40000.0], [2097.5, 29452.0], [2098.0, 16.0], [2098.25, 30162.0], [2098.5, 16.0]]}}}
{"jsonrpc": "2.0", "method": "subscription", "params": {"channel": "book.ETH-6MAR26.none.20.100ms", "data": {"timestamp": 1772764184737, "change_id": 112177238339, "instrument_name": "ETH-6MAR26", "bids": [[2086.75, 4745.0], [2086.5, 7198.0], [2085.25, 525.0], [2084.25, 7042.0], [2082.0, 6388.0], [2081.75, 90000.0], [2081.0, 16.0], [2080.5, 19502.0], [2080.25, 20445.0], [2079.75, 52.0], [2079.5, 59696.0], [2079.0, 40934.0], [2078.5, 180000.0], [2078.25, 38894.0], [2077.25, 20560.0], [2075.25, 59184.0], [2074.5, 40000.0], [2072.25, 81783.0], [2072.0, 40000.0], [2070.5, 208.0]], "asks": [[2087.5, 1310.0], [2087.75, 4345.0], [2088.25, 1000.0], [2090.5, 7176.0], [2092.0, 21808.0], [2092.25, 90000.0], [2093.25, 20030.0], [2095.5, 20288.0], [2095.75, 40000.0], [2096.0, 42115.0], [2096.25, 180000.0], [2097.0, 39762.0], [2099.0, 5111.0], [2099.25, 58284.0], [2099.5, 61600.0], [2101.25, 40000.0], [2104.25, 40000.0], [2105.5, 20445.0], [2105.75, 39214.0], [2109.25, 52.0]]}}}
{"jsonrpc": "2.0", "method": "subscription", "params": {"channel": "book.ETH-6MAR26.none.20.100ms", "data": {"timestamp": 1772764185224, "change_id": 112177239018, "instrument_name": "ETH-6MAR26", "bids": [[2086.75, 4745.0], [2086.5, 7198.0], [2085.5, 513.0], [2084.25, 7042.0], [2082.0, 6388.0], [2081.75, 90000.0], [2081.0, 16.0], [2080.5, 19502.0], [2080.25, 20445.0], [2079.75, 52.0], [2079.5, 59696.0], [2079.0, 40934.0], [2078.5, 180000.0], [2078.25, 38894.0], [2077.25, 20560.0], [2075.25, 59184.0], [2074.5, 40000.0], [2072.25, 81783.0], [2072.0, 40000.0], [2070.5, 208.0]], "asks": [[2087.5, 1310.0], [2087.75, 4345.0], [2088.25, 1000.0], [2090.5, 7176.0], [2092.0, 21808.0], [2092.25, 90000.0], [2093.25, 20030.0], [2095.5, 20288.0], [2095.75, 40000.0], [2096.0, 42115.0], [2096.25, 180000.0], [2097.0, 39762.0], [2099.0, 5111.0], [2099.25, 58284.0], [2099.5, 61600.0], [2101.25, 40000.0], [2104.25, 40000.0], [2105.5, 20445.0], [2105.75, 39214.0], [2109.25, 52.0]]}}}
{"jsonrpc": "2.0", "method": "subscription", "params": {"channel": "book.ETH-6MAR26.none.20.100ms", "data": {"timestamp": 1772764188833, "change_id": 112177242855, "instrument_name": "ETH-6MAR26", "bids": [[2086.75, 4745.0], [2086.5, 7198.0], [2084.25, 7042.0], [2082.0, 6388.0], [2081.75, 90000.0], [2081.0, 16.0], [2080.5, 19502.0], [2080.25, 20445.0], [2079.75, 52.0], [2079.5, 59696.0], [2079.0, 40934.0], [2078.5, 180000.0], [2078.25, 38894.0], [2077.25, 20560.0], [2075.25, 59184.0], [2074.5, 40000.0], [2072.25, 81783.0], [2072.0, 40000.0], [2070.5, 208.0], [2070.0, 59734.0]], "asks": [[2087.5, 1310.0], [2087.75, 4345.0], [2088.25, 1000.0], [2090.5, 7176.0], [2092.0, 21808.0], [2092.25, 90000.0], [2093.25, 20030.0], [2095.5, 20288.0], [2095.75, 40000.0], [2096.0, 42115.0], [2096.25, 180000.0], [2097.0, 39762.0], [2099.0, 5111.0], [2099.25, 58284.0], [2099.5, 61600.0], [2101.25, 40000.0], [2104.25, 40000.0], [2105.5, 20445.0], [2105.75, 39214.0], [2109.25, 52.0]]}}}
{"jsonrpc": "2.0", "method": "subscription", "params": {"channel": "book.ETH-13MAR26.none.20.100ms", "data": {"timestamp": 1772764189158, "change_id": 112177243305, "instrument_name": "ETH-13MAR26", "bids": [[2087.75, 2041.0], [2087.5, 3402.0], [2087.0, 1400.0], [2086.75, 1000.0], [2085.25, 1400.0], [2085.0, 500.0], [2083.0, 6388.0], [2082.75, 1400.0], [2082.5, 20448.0], [2082.25, 90000.0], [2081.25, 13.0], [2081.0, 4991.0], [2080.75, 52.0], [2079.75, 19694.0], [2079.25, 40000.0], [2079.0, 209288.0], [2077.75, 30244.0], [2077.5, 14717.0], [2075.25, 30342.0], [2074.25, 81783.0]], "asks": [[2088.5, 5427.0], [2088.75, 1448.0], [2089.0, 1400.0], [2089.25, 7207.0], [2090.0, 1400.0], [2090.25, 4724.0], [2090.5, 1400.0], [2090.75, 21770.0], [2092.25, 90000.0], [2094.5, 5105.0], [2094.75, 6388.0], [2095.0, 16.0], [2096.0, 16.0], [2096.25, 20445.0], [2096.5, 195332.0], [2097.0, 40000.0], [2097.5, 29452.0], [2098.0, 16.0], [2098.25, 30162.0], [2098.5, 16.0]]}}}
{"jsonrpc": "2.0", "method": "subscription", "params": {"channel": "book.ETH-6MAR26.none.20.100ms", "data": {"timestamp": 1772764189077, "change_id": 112177243237, "instrument_name": "ETH-6MAR26", "bids": [[2086.75, 1025.0], [2086.5, 3720.0], [2085.25, 837.0], [2084.25, 7042.0], [2082.0, 6388.0], [2081.75, 90000.0], [2081.0, 16.0], [2080.5, 19502.0], [2080.25, 20445.0], [2079.75, 52.0], [2079.5, 59696.0], [2079.0, 40934.0], [2078.5, 180000.0], [2078.25, 38894.0], [2077.25, 20560.0], [2075.25, 59184.0], [2074.5, 40000.0], [2072.25, 81783.0], [2072.0, 40000.0], [2070.5, 208.0]], "asks": [[2087.25, 1322.0], [2087.5, 4345.0], [2088.25, 1000.0], [2090.5, 7176.0], [2092.0, 21808.0], [2092.25, 90000.0], [2093.25, 20030.0], [2095.5, 20288.0], [2095.75, 40000.0], [2096.0, 42115.0], [2096.25, 180000.0], [2097.0, 39762.0], [2099.0, 5111.0], [2099.25, 58284.0], [2099.5, 61600.0], [2101.25, 40000.0], [2104.25, 40000.0], [2105.5, 20445.0], [2105.75, 39214.0], [2109.25, 52.0]]}}}
{"jsonrpc": "2.0", "method": "subscription", "params": {"channel": "book.ETH-13MAR26.none.20.100ms", "data": {"timestamp": 1772764189563, "change_id": 112177244079, "instrument_name": "ETH-13MAR26", "bids": [[2087.75, 2041.0], [2087.5, 10603.0], [2087.0, 1400.0], [2086.75, 1000.0], [2085.25, 1400.0], [2085.0, 500.0], [2083.0, 6388.0], [2082.75, 1400.0], [2082.5, 20448.0], [2082.25, 90000.0], [2081.25, 13.0], [2081.0, 4991.0], [2080.75, 52.0], [2079.75, 19694.0], [2079.25, 40000.0], [2079.0, 209288.0], [2077.75, 30244.0], [2077.5, 14717.0], [2075.25, 30342.0], [2074.25, 81783.0]], "asks": [[2088.5, 5427.0], [2088.75, 48.0], [2089.0, 1400.0], [2089.25, 7207.0], [2090.0, 1400.0], [2090.25, 4724.0], [2090.5, 1400.0], [2090.75, 21770.0], [2092.25, 90000.0], [2094.5, 5105.0], [2094.75, 6388.0], [2095.0, 16.0], [2096.0, 16.0], [2096.25, 20445.0], [2096.5, 195332.0], [2097.0, 40000.0], [2097.5, 29452.0], [2098.0, 16.0], [2098.25, 30162.0], [2098.5, 16.0]]}}}
{"jsonrpc": "2.0", "method": "subscription", "params": {"channel": "book.ETH-13MAR26.none.20.100ms", "data": {"timestamp": 1772764189924, "change_id": 112177244426, "instrument_name": "ETH-13MAR26", "bids": [[2087.75, 4802.0], [2087.25, 641.0], [2087.0, 1400.0], [2086.75, 1000.0], [2085.25, 1400.0], [2085.0, 500.0], [2083.0, 6388.0], [2082.75, 1400.0], [2082.5, 20448.0], [2082.25, 90000.0], [2081.25, 13.0], [2081.0, 4991.0], [2080.75, 52.0], [2079.75, 19694.0], [2079.25, 40000.0], [2079.0, 209288.0], [2077.75, 30244.0], [2077.5, 14717.0], [2075.25, 30342.0], [2074.25, 81783.0]], "asks": [[2088.5, 2025.0], [2088.75, 3450.0], [2089.0, 1400.0], [2089.25, 7207.0], [2090.0, 1400.0], [2090.25, 4724.0], [2090.5, 1400.0], [2090.75, 21770.0], [2092.25, 90000.0], [2094.5, 5105.0], [2094.75, 6388.0], [2095.0, 16.0], [2096.0, 16.0], [2096.25, 20445.0], [2096.5, 195332.0], [2097.0, 40000.0], [2097.5, 29452.0], [2098.0, 16.0], [2098.25, 30162.0], [2098.5, 16.0]]}}}
{"jsonrpc": "2.0", "method": "subscription", "params": {"channel": "book.ETH-6MAR26.none.20.100ms", "data": {"timestamp": 1772764189868, "change_id": 112177244321, "instrument_name": "ETH-6MAR26", "bids": [[2086.75, 1025.0], [2086.5, 3720.0], [2085.25, 837.0], [2082.25, 6973.0], [2082.0, 6388.0], [2081.75, 90000.0], [2081.0, 16.0], [2080.5, 19502.0], [2080.25, 20445.0], [2079.75, 52.0], [2079.5, 59696.0], [2079.0, 40934.0], [2078.5, 180000.0], [2078.25, 38894.0], [2077.25, 20560.0], [2075.25, 59184.0], [2074.5, 40000.0], [2072.25, 81783.0], [2072.0, 40000.0], [2070.5, 208.0]], "asks": [[2087.25, 1322.0], [2087.5, 4345.0], [2088.25, 1000.0], [2090.5, 7176.0], [2092.0, 21808.0], [2092.25, 90000.0], [2093.25, 20030.0], [2095.5, 20288.0], [2095.75, 40000.0], [2096.0, 42115.0], [2096.25, 180000.0], [2097.0, 39762.0], [2099.0, 5111.0], [2099.25, 58284.0], [2099.5, 61600.0], [2101.25, 40000.0], [2104.25, 40000.0], [2105.5, 20445.0], [2105.75, 39214.0], [2109.25, 52.0]]}}}
{"jsonrpc": "2.0", "method": "subscription", "params": {"channel": "book.ETH-13MAR26.none.20.100ms", "data": {"timestamp": 1772764190146, "change_id": 112177244725, "instrument_name": "ETH-13MAR26", "bids": [[2087.75, 1400.0], [2087.5, 4043.0], [2087.0, 1400.0], [2086.75, 1000.0], [2085.25, 1400.0], [2085.0, 500.0], [2083.0, 6388.0], [2082.75, 1400.0], [2082.5, 20448.0], [2082.25, 90000.0], [2081.25, 13.0], [2081.0, 4991.0], [2080.75, 52.0], [2079.75, 19694.0], [2079.25, 40000.0], [2079.0, 209288.0], [2077.75, 30244.0], [2077.5, 14717.0], [2075.25, 30342.0], [2074.25, 81783.0]], "asks": [[2088.5, 2025.0], [2088.75, 3450.0], [2089.0, 1400.0], [2090.0, 1400.0], [2090.25, 4724.0], [2090.5, 1400.0], [2090.75, 21770.0], [2092.25, 90000.0], [2094.5, 5105.0], [2094.75, 6388.0], [2095.0, 16.0], [2096.0, 16.0], [2096.25, 20445.0], [2096.5, 195332.0], [2097.0, 40000.0], [2097.5, 29452.0], [2098.0, 16.0], [2098.25, 30162.0], [2098.5, 16.0], [2099.0, 16.0]]}}}
{"jsonrpc": "2.0", "method": "subscription", "params": {"channel": "book.ETH-6MAR26.none.20.100ms", "data": {"timestamp": 1772764190129, "change_id": 112177244719, "instrument_name": "ETH-6MAR26", "bids": [[2086.75, 1025.0], [2086.5, 3720.0], [2085.25, 837.0], [2083.75, 7071.0], [2082.0, 6388.0], [2081.75, 90000.0], [2081.0, 16.0], [2080.5, 19502.0], [2080.25, 20445.0], [2079.75, 52.0], [2079.5, 59696.0], [2079.0, 40934.0], [2078.5, 180000.0], [2078.25, 38894.0], [2077.25, 20560.0], [2075.25, 59184.0], [2074.5, 40000.0], [2072.25, 81783.0], [2072.0, 40000.0], [2070.5, 208.0]], "asks": [[2087.25, 1322.0], [2087.5, 4345.0], [2088.25, 1000.0], [2090.5, 7176.0], [2092.0, 21808.0], [2092.25, 90000.0], [2093.25, 20030.0], [2095.5, 20288.0], [2095.75, 40000.0], [2096.0, 42115.0], [2096.25, 180000.0], [2097.0, 39762.0], [2099.0, 5111.0], [2099.25, 58284.0], [2099.5, 61600.0], [2101.25, 40000.0], [2104.25, 40000.0], [2105.5, 20445.0], [2105.75, 39214.0], [2109.25, 52.0]]}}}
{"jsonrpc": "2.0", "method": "subscription", "params": {"channel": "book.ETH-13MAR26.none.20.100ms", "data": {"timestamp": 1772764190552, "change_id": 112177245339, "instrument_name": "ETH-13MAR26", "bids": [[2087.75, 1400.0], [2087.5, 11244.0], [2087.0, 1400.0], [2086.75, 1000.0], [2085.25, 1400.0], [2085.0, 500.0], [2083.0, 6388.0], [2082.75, 1400.0], [2082.5, 20448.0], [2082.25, 90000.0], [2081.25, 13.0], [2081.0, 4991.0], [2080.75, 52.0], [2079.75, 19694.0], [2079.25, 40000.0], [2079.0, 209288.0], [2077.75, 30244.0], [2077.5, 14717.0], [2075.25, 30342.0], [2074.25, 81783.0]], "asks": [[2088.5, 2025.0], [2088.75, 3450.0], [2090.0, 1400.0], [2090.25, 4724.0], [2090.5, 1400.0], [2090.75, 21770.0], [2092.25, 90000.0], [2094.5, 5105.0], [2094.75, 6388.0], [2095.0, 16.0], [2096.0, 16.0], [2096.25, 20445.0], [2096.5, 195332.0], [2097.0, 40000.0], [2097.5, 29452.0], [2098.0, 16.0], [2098.25, 30162.0], [2098.5, 16.0], [2099.0, 16.0], [2099.25, 30141.0]]}}}
{"jsonrpc": "2.0", "method": "subscription", "params": {"channel": "book.ETH-13MAR26.none.20.100ms", "data": {"timestamp": 1772764190832, "change_id": 112177246179, "instrument_name": "ETH-13MAR26", "bids": [[2087.5, 4802.0], [2087.25, 641.0], [2087.0, 1400.0], [2086.75, 1000.0], [2085.25, 1400.0], [2085.0, 500.0], [2083.0, 6388.0], [2082.75, 1400.0], [2082.5, 20448.0], [2082.25, 90000.0], [2081.25, 13.0], [2081.0, 4991.0], [2080.75, 52.0], [2079.75, 19694.0], [2079.25, 40000.0], [2079.0, 209288.0], [2077.75, 30244.0], [2077.5, 14717.0], [2075.25, 30342.0], [2074.25, 81783.0]], "asks": [[2088.25, 2025.0], [2088.5, 4850.0], [2090.0, 1400.0], [2090.5, 1400.0], [2090.75, 21770.0], [2092.25, 90000.0], [2094.5, 5105.0], [2094.75, 6388.0], [2095.0, 16.0], [2096.0, 16.0], [2096.25, 20445.0], [2096.5, 195332.0], [2097.0, 40000.0], [2097.5, 29452.0], [2098.0, 16.0], [2098.25, 30162.0], [2098.5, 16.0], [2099.0, 16.0], [2099.25, 30141.0], [2100.0, 16.0]]}}}
{"jsonrpc": "2.0", "method": "subscription", "params": {"channel": "book.ETH-6MAR26.none.20.100ms", "data": {"timestamp": 1772764190868, "change_id": 112177246256, "instrument_name": "ETH-6MAR26", "bids": [[2086.75, 400.0], [2086.25, 4345.0], [2082.0, 6388.0], [2081.75, 90000.0], [2081.25, 6919.0], [2081.0, 16.0], [2080.5, 19502.0], [2080.25, 20445.0], [2079.75, 52.0], [2079.5, 59696.0], [2079.0, 40934.0], [2078.5, 180000.0], [2078.25, 38894.0], [2077.25, 20560.0], [2075.25, 59184.0], [2074.5, 40000.0], [2072.25, 81783.0], [2072.0, 40000.0], [2070.5, 208.0], [2070.0, 59734.0]], "asks": [[2087.25, 4650.0], [2087.5, 299.0], [2087.75, 1000.0], [2091.75, 7212.0], [2092.0, 21808.0], [2092.25, 90000.0], [2093.25, 20030.0], [2095.5, 20288.0], [2095.75, 40000.0], [2096.0, 42115.0], [2096.25, 180000.0], [2097.0, 39762.0], [2099.0, 5111.0], [2099.25, 58284.0], [2099.5, 61600.0], [2101.25, 40000.0], [2104.25, 40000.0], [2105.5, 20445.0], [2105.75, 39214.0], [2109.25, 52.0]]}}}
{"jsonrpc": "2.0", "method": "subscription", "params": {"channel": "book.ETH-6MAR26.none.20.100ms", "data": {"timestamp": 1772764191220, "change_id": 112177247231, "instrument_name": "ETH-6MAR26", "bids": [[2086.75, 400.0], [2086.25, 625.0], [2086.0, 3720.0], [2085.0, 823.0], [2084.0, 7154.0], [2082.0, 6388.0], [2081.75, 90000.0], [2081.0, 16.0], [2080.5, 19502.0], [2080.25, 20445.0], [2079.75, 52.0], [2079.5, 59696.0], [2079.0, 40934.0], [2078.5, 180000.0], [2078.25, 38894.0], [2077.25, 20560.0], [2075.25, 59184.0], [2074.5, 40000.0], [2072.25, 81783.0], [2072.0, 40000.0]], "asks": [[2087.0, 5461.0], [2087.5, 299.0], [2087.75, 1000.0], [2089.25, 7260.0], [2092.0, 21808.0], [2092.25, 90000.0], [2093.25, 20030.0], [2095.5, 20288.0], [2095.75, 40000.0], [2096.0, 42115.0], [2096.25, 180000.0], [2097.0, 39762.0], [2099.0, 5111.0], [2099.25, 58284.0], [2099.5, 61600.0], [2101.25, 40000.0], [2104.25, 40000.0], [2105.5, 20445.0], [2105.75, 39214.0], [2109.25, 52.0]]}}}
{"jsonrpc": "2.0", "method": "subscription", "params": {"channel": "book.ETH-13MAR26.none.20.100ms", "data": {"timestamp": 1772764191198, "change_id": 112177247211, "instrument_name": "ETH-13MAR26", "bids": [[2087.25, 641.0], [2087.0, 4802.0], [2086.75, 1000.0], [2085.25, 1400.0], [2085.0, 500.0], [2083.0, 6388.0], [2082.75, 1400.0], [2082.5, 20448.0], [2082.25, 90000.0], [2081.25, 13.0], [2081.0, 4991.0], [2080.75, 52.0], [2079.75, 19694.0], [2079.25, 40000.0], [2079.0, 209288.0], [2077.75, 30244.0], [2077.5, 14717.0], [2075.25, 30342.0], [2074.25, 81783.0], [2074.0, 40000.0]], "asks": [[2088.0, 2025.0], [2088.25, 4802.0], [2088.5, 1448.0], [2090.0, 1400.0], [2090.5, 1400.0], [2090.75, 21770.0], [2092.25, 90000.0], [2094.5, 5105.0], [2094.75, 6388.0], [2095.0, 16.0], [2096.0, 16.0], [2096.25, 20445.0], [2096.5, 195332.0], [2097.0, 40000.0], [2097.5, 29452.0], [2098.0, 16.0], [2098.25, 30162.0], [2098.5, 16.0], [2099.0, 16.0], [2099.25, 30141.0]]}}}
{"jsonrpc": "2.0", "method": "subscription", "params": {"channel": "book.ETH-13MAR26.none.20.100ms", "data": {"timestamp": 1772764191541, "change_id": 112177247896, "instrument_name": "ETH-13MAR26", "bids": [[2087.25, 8617.0], [2087.0, 5427.0], [2086.75, 1000.0], [2085.25, 1400.0], [2085.0, 500.0], [2083.0, 6388.0], [2082.75, 1400.0], [2082.5, 20448.0], [2082.25, 90000.0], [2081.25, 13.0], [2081.0, 4991.0], [2080.75, 52.0], [2079.75, 19694.0], [2079.25, 40000.0], [2079.0, 209288.0], [2077.75, 30244.0], [2077.5, 14717.0], [2075.25, 30342.0], [2074.25, 81783.0], [2074.0, 40000.0]], "asks": [[2088.0, 5427.0], [2088.25, 48.0], [2090.5, 1400.0], [2090.75, 21770.0], [2092.25, 90000.0], [2094.5, 5105.0], [2094.75, 6388.0], [2095.0, 16.0], [2096.0, 16.0], [2096.25, 20445.0], [2096.5, 195332.0], [2097.0, 40000.0], [2097.5, 29452.0], [2098.0, 16.0], [2098.25, 30162.0], [2098.5, 16.0], [2099.0, 16.0], [2099.25, 30141.0], [2100.0, 16.0], [2100.75, 69903.0]]}}}
{"jsonrpc": "2.0", "method": "subscription", "params": {"channel": "book.ETH-6MAR26.none.20.100ms", "data": {"timestamp": 1772764191359, "change_id": 112177247515, "instrument_name": "ETH-6MAR26", "bids": [[2086.75, 400.0], [2086.25, 625.0], [2086.0, 3720.0], [2085.0, 823.0], [2083.25, 7059.0], [2082.0, 6388.0], [2081.75, 90000.0], [2081.0, 16.0], [2080.5, 19502.0], [2080.25, 20445.0], [2079.75, 52.0], [2079.5, 59696.0], [2079.0, 40934.0], [2078.5, 180000.0], [2078.25, 38894.0], [2077.25, 20560.0], [2075.25, 59184.0], [2074.5, 40000.0], [2072.25, 81783.0], [2072.0, 40000.0]], "asks": [[2087.0, 5461.0], [2087.5, 299.0], [2087.75, 1000.0], [2089.25, 7260.0], [2092.0, 21808.0], [2092.25, 90000.0], [2093.25, 20030.0], [2095.5, 20288.0], [2095.75, 40000.0], [2096.0, 42115.0], [2096.25, 180000.0], [2097.0, 39762.0], [2099.0, 5111.0], [2099.25, 58284.0], [2099.5, 61600.0], [2101.25, 40000.0], [2104.25, 40000.0], [2105.5, 20445.0], [2105.75, 39214.0], [2109.25, 52.0]]}}}
{"jsonrpc": "2.0", "method": "subscription", "params": {"channel": "book.ETH-13MAR26.none.20.100ms", "data": {"timestamp": 1772764191649, "change_id": 112177248055, "instrument_name": "ETH-13MAR26", "bids": [[2087.5, 4802.0], [2087.25, 1416.0], [2087.0, 2025.0], [2086.75, 1000.0], [2085.25, 1400.0], [2085.0, 500.0], [2083.0, 6388.0], [2082.75, 1400.0], [2082.5, 20448.0], [2082.25, 90000.0], [2081.25, 13.0], [2081.0, 4991.0], [2080.75, 52.0], [2079.75, 19694.0], [2079.25, 40000.0], [2079.0, 209288.0], [2077.75, 30244.0], [2077.5, 14717.0], [2075.25, 30342.0], [2074.25, 81783.0]], "asks": [[2088.0, 2025.0], [2088.25, 48.0], [2088.5, 3402.0], [2090.5, 1400.0], [2090.75, 21770.0], [2092.25, 90000.0], [2094.5, 5105.0], [2094.75, 6388.0], [2095.0, 16.0], [2096.0, 16.0], [2096.25, 20445.0], [2096.5, 195332.0], [2097.0, 40000.0], [2097.5, 29452.0], [2098.0, 16.0], [2098.25, 30162.0], [2098.5, 16.0], [2099.0, 16.0], [2099.25, 30141.0], [2100.0, 16.0]]}}}
{"jsonrpc": "2.0", "method": "subscription", "params": {"channel": "book.ETH-6MAR26.none.20.100ms", "data": {"timestamp": 1772764191643, "change_id": 112177248041, "instrument_name": "ETH-6MAR26", "bids": [[2086.75, 400.0], [2086.25, 4345.0], [2085.0, 823.0], [2083.25, 7059.0], [2082.0, 6388.0], [2081.75, 90000.0], [2081.0, 16.0], [2080.5, 19502.0], [2080.25, 20445.0], [2079.75, 52.0], [2079.5, 59696.0], [2079.0, 40934.0], [2078.5, 180000.0], [2078.25, 38894.0], [2077.25, 20560.0], [2075.25, 59184.0], [2074.5, 40000.0], [2072.25, 81783.0], [2072.0, 40000.0], [2070.5, 208.0]], "asks": [[2087.0, 1741.0], [2087.25, 3720.0], [2087.5, 299.0], [2087.75, 1000.0], [2089.25, 7260.0], [2092.0, 21808.0], [2092.25, 90000.0], [2093.25, 20030.0], [2095.5, 20288.0], [2095.75, 40000.0], [2096.0, 42115.0], [2096.25, 180000.0], [2097.0, 39762.0], [2099.0, 5111.0], [2099.25, 58284.0], [2099.5, 61600.0], [2101.25, 40000.0], [2104.25, 40000.0], [2105.5, 20445.0], [2105.75, 39214.0]]}}}
{"jsonrpc": "2.0", "method": "subscription", "params": {"channel": "book.ETH-6MAR26.none.20.100ms", "data": {"timestamp": 1772764192200, "change_id": 112177249061, "instrument_name": "ETH-6MAR26", "bids": [[2086.75, 400.0], [2086.25, 4345.0], [2085.0, 823.0], [2083.25, 7059.0], [2082.0, 6388.0], [2081.75, 90000.0], [2081.0, 16.0], [2080.5, 19502.0], [2080.25, 20445.0], [2079.75, 52.0], [2079.5, 59696.0], [2079.0, 40934.0], [2078.5, 180000.0], [2078.25, 38894.0], [2077.25, 20560.0], [2075.25, 59184.0], [2074.5, 40000.0], [2072.25, 81783.0], [2072.0, 40000.0], [2070.5, 208.0]], "asks": [[2087.0, 1741.0], [2087.25, 3720.0], [2087.5, 299.0], [2087.75, 1000.0], [2089.0, 690.0], [2089.25, 7260.0], [2092.0, 21808.0], [2092.25, 90000.0], [2093.25, 20030.0], [2095.5, 20288.0], [2095.75, 40000.0], [2096.0, 42115.0], [2096.25, 180000.0], [2097.0, 39762.0], [2099.0, 5111.0], [2099.25, 58284.0], [2099.5, 61600.0], [2101.25, 40000.0], [2104.25, 40000.0], [2105.5, 20445.0]]}}}
{"jsonrpc": "2.0", "method": "subscription", "params": {"channel": "book.ETH-13MAR26.none.20.100ms", "data": {"timestamp": 1772764191973, "change_id": 112177248462, "instrument_name": "ETH-13MAR26", "bids": [[2087.5, 4802.0], [2087.25, 1416.0], [2087.0, 9225.0], [2086.75, 1000.0], [2085.25, 1400.0], [2085.0, 500.0], [2083.0, 6388.0], [2082.75, 1400.0], [2082.5, 20448.0], [2082.25, 90000.0], [2081.25, 13.0], [2081.0, 4991.0], [2080.75, 52.0], [2079.75, 19694.0], [2079.25, 40000.0], [2079.0, 209288.0], [2077.75, 30244.0], [2077.5, 14717.0], [2075.25, 30342.0], [2074.25, 81783.0]], "asks": [[2088.0, 2025.0], [2088.25, 48.0], [2088.5, 3402.0], [2090.5, 1400.0], [2090.75, 21770.0], [2092.25, 90000.0], [2094.5, 5105.0], [2094.75, 6388.0], [2095.0, 16.0], [2096.0, 16.0], [2096.25, 20445.0], [2096.5, 195332.0], [2097.0, 40000.0], [2097.5, 29452.0], [2098.0, 16.0], [2098.25, 30162.0], [2098.5, 16.0], [2099.0, 16.0], [2099.25, 30141.0], [2100.0, 16.0]]}}}
