{"jsonrpc": "2.0", "method": "subscription", "params": {"channel": "book.ETH-7NOV25.none.20.100ms", "data": {"timestamp": 1762461186675, "change_id": 95453206086, "instrument_name": "ETH-7NOV25", "bids": [[3302.25, 1419.0], [3302.0, 6786.0], [3301.75, 7414.0], [3300.25, 987.0], [3300.0, 3306.0], [3299.0, 994.0], [3298.75, 6167.0], [3298.5, 4749.0], [3298.25, 14621.0], [3297.5, 448.0], [3297.25, 1501.0], [3294.25, 1107.0], [3293.25, 400.0], [3293.0, 21961.0], [3292.0, 4432.0], [3291.5, 18.0], [3291.25, 40000.0], [3289.0, 1.0], [3288.75, 22.0], [3287.0, 45.0]], "asks": [[3303.25, 6191.0], [3303.5, 23826.0], [3303.75, 3754.0], [3304.0, 1660.0], [3304.5, 2400.0], [3304.75, 10539.0], [3305.75, 4207.0], [3306.0, 14095.0], [3312.0, 40000.0], [3313.75, 18699.0], [3318.25, 40000.0], [3320.75, 1107.0], [3321.5, 4431.0], [3324.0, 24397.0], [3327.0, 40000.0], [3328.5, 17726.0], [3330.0, 74102.0], [3331.25, 50865.0], [3340.0, 500.0], [3347.5, 70905.0]]}}}
{"jsonrpc": "2.0", "method": "subscription", "params": {"channel": "book.ETH-14NOV25.none.20.100ms", "data": {"timestamp": 1762461187172, "change_id": 95453207156, "instrument_name": "ETH-14NOV25", "bids": [[3303.5, 746.0], [3303.25, 2500.0], [3302.75, 160.0], [3302.5, 1457.0], [3302.25, 5080.0], [3299.5, 4417.0], [3299.25, 14796.0], [3298.75, 448.0], [3298.5, 8073.0], [3298.25, 22016.0], [3295.75, 4431.0], [3295.5, 1107.0], [3294.0, 400.0], [3293.25, 40000.0], [3287.25, 45.0], [3287.0, 17726.0], [3286.75, 40000.0], [3283.5, 36730.0], [3283.25, 40000.0], [3282.0, 18416.0]], "asks": [[3304.0, 861.0], [3304.25, 4882.0], [3305.5, 1059.0], [3305.75, 3700.0], [3308.0, 4302.0], [3308.25, 14412.0], [3312.75, 400.0], [3313.0, 11940.0], [3313.25, 40000.0], [3313.75, 1107.0], [3314.75, 18299.0], [3318.0, 6170.0], [3319.0, 40000.0], [3320.75, 18691.0], [3321.75, 4431.0], [3323.25, 38168.0], [3327.5, 57726.0], [3330.5, 37163.0], [3332.75, 24326.0], [3340.5, 25496.0]]}}}
{"jsonrpc": "2.0", "method": "subscription", "params": {"channel": "book.ETH-7NOV25.none.20.100ms", "data": {"timestamp": 1762461187181, "change_id": 95453207139, "instrument_name": "ETH-7NOV25", "bids": [[3302.25, 1419.0], [3302.0, 6786.0], [3301.75, 7414.0], [3300.25, 987.0], [3300.0, 3306.0], [3299.0, 994.0], [3298.75, 6167.0], [3298.5, 9113.0], [3298.25, 14621.0], [3297.5, 448.0], [3297.25, 1501.0], [3294.25, 1107.0], [3293.25, 400.0], [3293.0, 21961.0], [3292.0, 4432.0], [3291.5, 18.0], [3291.25, 40000.0], [3289.0, 1.0], [3288.75, 22.0], [3287.0, 45.0]], "asks": [[3303.5, 1033.0], [3303.75, 3754.0], [3304.0, 1660.0], [3304.25, 746.0], [3304.5, 2500.0], [3305.75, 4207.0], [3306.0, 14095.0], [3312.0, 40000.0], [3313.75, 18699.0], [3318.25, 40000.0], [3320.75, 1107.0], [3321.5, 4431.0], [3324.0, 24397.0], [3327.0, 40000.0], [3328.5, 17726.0], [3330.0, 74102.0], [3331.25, 50865.0], [3340.0, 500.0], [3347.5, 70905.0], [3350.25, 50907.0]]}}}
{"jsonrpc": "2.0", "method": "subscription", "params": {"channel": "book.ETH-14NOV25.none.20.100ms", "data": {"timestamp": 1762461187564, "change_id": 95453207535, "instrument_name": "ETH-14NOV25", "bids": [[3302.75, 160.0], [3302.5, 1457.0], [3302.25, 5080.0], [3299.5, 4417.0], [3299.25, 14796.0], [3298.75, 448.0], [3298.5, 8073.0], [3298.25, 22016.0], [3296.0, 1323.0], [3295.75, 4761.0], [3295.5, 1107.0], [3294.0, 400.0], [3293.25, 40000.0], [3287.25, 45.0], [3287.0, 17726.0], [3286.75, 40000.0], [3283.5, 36730.0], [3283.25, 40000.0], [3282.0, 18416.0], [3280.75, 73676.0]], "asks": [[3303.75, 4722.0], [3304.25, 160.0], [3304.75, 358.0], [3305.0, 1200.0], [3305.25, 746.0], [3305.5, 2858.0], [3308.0, 4302.0], [3308.25, 14412.0], [3312.75, 400.0], [3313.0, 11940.0], [3313.25, 40000.0], [3313.75, 1107.0], [3314.75, 18299.0], [3318.0, 6170.0], [3319.0, 40000.0], [3320.75, 18691.0], [3321.75, 4431.0], [3323.25, 38168.0], [3327.5, 57726.0], [3330.5, 37163.0]]}}}
{"jsonrpc": "2.0", "method": "subscription", "params": {"channel": "book.ETH-7NOV25.none.20.100ms", "data": {"timestamp": 1762461187565, "change_id": 95453207545, "instrument_name": "ETH-7NOV25", "bids": [[3302.25, 1419.0], [3302.0, 6173.0], [3301.75, 4914.0], [3301.5, 987.0], [3301.25, 3306.0], [3299.0, 994.0], [3298.75, 6167.0], [3298.5, 9113.0], [3298.25, 14621.0], [3297.5, 448.0], [3297.25, 1501.0], [3294.25, 1107.0], [3293.25, 400.0], [3293.0, 21961.0], [3292.0, 4432.0], [3291.5, 18.0], [3291.25, 40000.0], [3289.0, 1.0], [3288.75, 22.0], [3287.0, 45.0]], "asks": [[3303.0, 1428.0], [3303.25, 1100.0], [3303.5, 3462.0], [3303.75, 8803.0], [3304.0, 2406.0], [3304.25, 2500.0], [3305.75, 4207.0], [3306.0, 14095.0], [3312.0, 40000.0], [3313.75, 18699.0], [3318.25, 40000.0], [3320.75, 1107.0], [3321.5, 4431.0], [3324.0, 24397.0], [3327.0, 40000.0], [3328.5, 17726.0], [3330.0, 74102.0], [3331.25, 50865.0], [3340.0, 500.0], [3347.5, 70905.0]]}}}
{"jsonrpc": "2.0", "method": "subscription", "params": {"channel": "book.ETH-14NOV25.none.20.100ms", "data": {"timestamp": 1762461187825, "change_id": 95453208617, "instrument_name": "ETH-14NOV25", "bids": [[3303.25, 746.0], [3303.0, 2500.0], [3302.75, 160.0], [3302.5, 1457.0], [3302.25, 5080.0], [3299.5, 4417.0], [3299.25, 14796.0], [3298.75, 448.0], [3298.5, 8073.0], [3298.25, 22016.0], [3296.0, 1323.0], [3295.75, 4761.0], [3295.5, 1107.0], [3294.0, 400.0], [3293.25, 40000.0], [3287.25, 45.0], [3287.0, 17726.0], [3286.75, 40000.0], [3283.5, 36730.0], [3283.25, 40000.0]], "asks": [[3303.75, 4722.0], [3304.25, 160.0], [3304.75, 358.0], [3305.0, 1200.0], [3305.25, 746.0], [3305.5, 2858.0], [3308.0, 4302.0], [3308.25, 14412.0], [3312.75, 400.0], [3313.0, 11940.0], [3313.25, 40000.0], [3313.75, 1107.0], [3314.75, 18299.0], [3318.0, 6170.0], [3319.0, 40000.0], [3320.75, 18691.0], [3321.75, 4431.0], [3323.25, 38168.0], [3327.5, 57726.0], [3330.5, 37163.0]]}}}
{"jsonrpc": "2.0", "method": "subscription", "params": {"channel": "book.ETH-7NOV25.none.20.100ms", "data": {"timestamp": 1762461187792, "change_id": 95453208365, "instrument_name": "ETH-7NOV25", "bids": [[3302.25, 1419.0], [3302.0, 6173.0], [3301.75, 5660.0], [3301.5, 3487.0], [3301.25, 3306.0], [3299.0, 994.0], [3298.75, 6167.0], [3298.5, 9113.0], [3298.25, 14621.0], [3297.5, 448.0], [3297.25, 1501.0], [3294.25, 1107.0], [3293.25, 400.0], [3293.0, 21961.0], [3292.0, 4432.0], [3291.5, 18.0], [3291.25, 40000.0], [3289.0, 1.0], [3288.75, 22.0], [3287.0, 45.0]], "asks": [[3303.0, 328.0], [3303.25, 1428.0], [3303.5, 3622.0], [3303.75, 9492.0], [3304.0, 4000.0], [3305.75, 4207.0], [3306.0, 14095.0], [3312.0, 40000.0], [3313.75, 18699.0], [3318.25, 40000.0], [3320.75, 1107.0], [3321.5, 4431.0], [3324.0, 24397.0], [3327.0, 40000.0], [3328.5, 17726.0], [3330.0, 74102.0], [3331.25, 50865.0], [3340.0, 500.0], [3347.5, 70905.0], [3350.25, 50907.0]]}}}
{"jsonrpc": "2.0", "method": "subscription", "params": {"channel": "book.ETH-7NOV25.none.20.100ms", "data": {"timestamp": 1762461188226, "change_id": 95453209663, "instrument_name": "ETH-7NOV25", "bids": [[3302.25, 1419.0], [3302.0, 6786.0], [3301.75, 7414.0], [3301.5, 987.0], [3301.25, 3306.0], [3299.0, 994.0], [3298.75, 6167.0], [3298.5, 9113.0], [3298.25, 14621.0], [3297.5, 448.0], [3297.25, 1501.0], [3294.25, 1107.0], [3293.25, 400.0], [3293.0, 21961.0], [3292.0, 4432.0], [3291.5, 18.0], [3291.25, 40000.0], [3289.0, 1.0], [3288.75, 22.0], [3287.0, 45.0]], "asks": [[3303.25, 328.0], [3303.5, 3622.0], [3303.75, 9492.0], [3304.0, 4000.0], [3305.75, 4207.0], [3306.0, 14095.0], [3312.0, 40000.0], [3313.75, 18699.0], [3318.25, 40000.0], [3320.75, 1107.0], [3321.5, 4431.0], [3324.0, 24397.0], [3327.0, 40000.0], [3328.5, 17726.0], [3330.0, 74102.0], [3331.25, 50865.0], [3340.0, 500.0], [3347.5, 70905.0], [3350.25, 50907.0], [3355.0, 800.0]]}}}
{"jsonrpc": "2.0", "method": "subscription", "params": {"channel": "book.ETH-14NOV25.none.20.100ms", "data": {"timestamp": 1762461188519, "change_id": 95453209954, "instrument_name": "ETH-14NOV25", "bids": [[3303.5, 746.0], [3303.25, 2500.0], [3302.75, 160.0], [3302.5, 1457.0], [3302.25, 5080.0], [3299.5, 4417.0], [3299.25, 14796.0], [3299.0, 330.0], [3298.75, 1555.0], [3298.5, 8073.0], [3298.25, 22016.0], [3296.0, 1323.0], [3295.75, 4431.0], [3294.0, 400.0], [3293.5, 11.0], [3293.25, 40000.0], [3287.25, 45.0], [3287.0, 17726.0], [3286.75, 40000.0], [3283.5, 36730.0]], "asks": [[3304.0, 1372.0], [3304.25, 4882.0], [3304.5, 358.0], [3304.75, 1558.0], [3305.0, 2259.0], [3305.25, 3700.0], [3308.0, 4302.0], [3308.25, 14412.0], [3312.5, 11.0], [3312.75, 400.0], [3313.0, 11940.0], [3313.25, 40000.0], [3313.75, 1107.0], [3314.75, 18299.0], [3318.0, 6170.0], [3319.0, 40000.0], [3320.75, 18691.0], [3321.75, 4431.0], [3323.25, 38168.0], [3327.5, 57726.0]]}}}
{"jsonrpc": "2.0", "method": "subscription", "params": {"channel": "book.ETH-7NOV25.none.20.100ms", "data": {"timestamp": 1762461188443, "change_id": 95453209887, "instrument_name": "ETH-7NOV25", "bids": [[3302.25, 1419.0], [3302.0, 6786.0], [3301.75, 7414.0], [3301.5, 987.0], [3301.25, 3306.0], [3299.0, 994.0], [3298.75, 6167.0], [3298.5, 9113.0], [3298.25, 14621.0], [3297.5, 448.0], [3297.25, 1501.0], [3294.25, 1107.0], [3293.25, 400.0], [3293.0, 21961.0], [3292.0, 4432.0], [3291.5, 18.0], [3291.25, 40000.0], [3289.0, 1.0], [3288.75, 22.0], [3287.0, 45.0]], "asks": [[3303.25, 1428.0], [3303.5, 3622.0], [3303.75, 10592.0], [3304.0, 4000.0], [3305.25, 328.0], [3305.5, 1100.0], [3305.75, 4207.0], [3306.0, 14095.0], [3312.0, 40000.0], [3313.75, 18699.0], [3318.25, 40000.0], [3320.75, 1107.0], [3321.5, 4431.0], [3324.0, 24397.0], [3327.0, 40000.0], [3328.5, 17726.0], [3330.0, 74102.0], [3331.25, 50865.0], [3340.0, 500.0], [3347.5, 70905.0]]}}}
{"jsonrpc": "2.0", "method": "subscription", "params": {"channel": "book.ETH-7NOV25.none.20.100ms", "data": {"timestamp": 1762461188753, "change_id": 95453210607, "instrument_name": "ETH-7NOV25", "bids": [[3302.25, 1419.0], [3302.0, 6786.0], [3301.75, 7414.0], [3301.5, 987.0], [3301.25, 3306.0], [3299.0, 994.0], [3298.75, 6167.0], [3298.5, 9113.0], [3298.25, 14621.0], [3297.5, 448.0], [3297.25, 1501.0], [3294.25, 1107.0], [3293.25, 400.0], [3293.0, 21961.0], [3292.0, 4432.0], [3291.5, 18.0], [3291.25, 40000.0], [3289.0, 1.0], [3288.75, 22.0], [3287.0, 45.0]], "asks": [[3303.25, 1428.0], [3303.5, 4527.0], [3303.75, 12403.0], [3304.0, 1500.0], [3305.25, 328.0], [3305.5, 1100.0], [3305.75, 4207.0], [3306.0, 14095.0], [3312.0, 40000.0], [3313.75, 18699.0], [3318.25, 40000.0], [3320.75, 1107.0], [3321.5, 4431.0], [3324.0, 24397.0], [3327.0, 40000.0], [3328.5, 17726.0], [3330.0, 74102.0], [3331.25, 50865.0], [3340.0, 500.0], [3347.5, 70905.0]]}}}
{"jsonrpc": "2.0", "method": "subscription", "params": {"channel": "book.ETH-7NOV25.none.20.100ms", "data": {"timestamp": 1762461189125, "change_id": 95453211787, "instrument_name": "ETH-7NOV25", "bids": [[3302.25, 1419.0], [3302.0, 6786.0], [3301.75, 7414.0], [3301.5, 987.0], [3301.25, 3306.0], [3299.0, 994.0], [3298.75, 6167.0], [3298.5, 9113.0], [3298.25, 14621.0], [3297.5, 448.0], [3297.25, 1501.0], [3294.25, 1107.0], [3293.25, 400.0], [3293.0, 21961.0], [3292.0, 4432.0], [3291.5, 18.0], [3291.25, 40000.0], [3289.0, 1.0], [3288.75, 22.0], [3287.0, 45.0]], "asks": [[3303.25, 1428.0], [3303.5, 4527.0], [3303.75, 12403.0], [3304.0, 1500.0], [3305.25, 328.0], [3305.5, 1100.0], [3305.75, 4207.0], [3306.0, 14095.0], [3312.0, 40000.0], [3313.75, 18699.0], [3318.25, 40000.0], [3320.5, 45.0], [3320.75, 1107.0], [3321.5, 4431.0], [3324.0, 24397.0], [3327.0, 40000.0], [3328.5, 17726.0], [3330.0, 74102.0], [3331.25, 50865.0], [3340.0, 500.0]]}}}
{"jsonrpc": "2.0", "method": "subscription", "params": {"channel": "book.ETH-14NOV25.none.20.100ms", "data": {"timestamp": 1762461189319, "change_id": 95453211958, "instrument_name": "ETH-14NOV25", "bids": [[3303.5, 746.0], [3303.25, 2500.0], [3302.75, 160.0], [3302.5, 1457.0], [3302.25, 5080.0], [3299.5, 4417.0], [3299.25, 14796.0], [3299.0, 330.0], [3298.75, 1555.0], [3298.5, 8073.0], [3298.25, 22016.0], [3296.0, 1323.0], [3295.75, 4431.0], [3294.0, 400.0], [3293.5, 11.0], [3293.25, 40000.0], [3287.25, 45.0], [3287.0, 17726.0], [3286.75, 40000.0], [3283.5, 36730.0]], "asks": [[3304.0, 1372.0], [3304.25, 4882.0], [3304.5, 358.0], [3304.75, 1558.0], [3305.0, 1900.0], [3305.25, 2500.0], [3308.0, 4302.0], [3308.25, 14412.0], [3312.5, 11.0], [3312.75, 400.0], [3313.0, 11940.0], [3313.25, 40000.0], [3313.75, 1107.0], [3314.75, 18299.0], [3318.0, 6170.0], [3319.0, 40000.0], [3320.75, 18691.0], [3321.75, 4431.0], [3323.25, 38168.0], [3327.5, 57726.0]]}}}
{"jsonrpc": "2.0", "method": "subscription", "params": {"channel": "book.ETH-7NOV25.none.20.100ms", "data": {"timestamp": 1762461189508, "change_id": 95453212133, "instrument_name": "ETH-7NOV25", "bids": [[3302.25, 1579.0], [3302.0, 6786.0], [3301.75, 7254.0], [3301.5, 987.0], [3301.25, 3306.0], [3299.0, 994.0], [3298.75, 6167.0], [3298.5, 9113.0], [3298.25, 14621.0], [3297.5, 448.0], [3297.25, 1501.0], [3294.25, 1107.0], [3293.25, 400.0], [3293.0, 21961.0], [3292.0, 4432.0], [3291.5, 18.0], [3291.25, 40000.0], [3289.0, 1.0], [3288.75, 22.0], [3287.0, 45.0]], "asks": [[3303.25, 328.0], [3303.5, 4527.0], [3303.75, 12403.0], [3304.0, 1500.0], [3305.25, 328.0], [3305.5, 1100.0], [3305.75, 4207.0], [3306.0, 14095.0], [3312.0, 40000.0], [3313.75, 18699.0], [3318.25, 40000.0], [3320.5, 45.0], [3320.75, 1107.0], [3321.5, 4431.0], [3324.0, 24397.0], [3327.0, 40000.0], [3328.5, 17726.0], [3330.0, 74102.0], [3331.25, 50865.0], [3340.0, 500.0]]}}}
{"jsonrpc": "2.0", "method": "subscription", "params": {"channel": "book.ETH-14NOV25.none.20.100ms", "data": {"timestamp": 1762461189766, "change_id": 95453212792, "instrument_name": "ETH-14NOV25", "bids": [[3303.5, 746.0], [3303.25, 2500.0], [3302.75, 160.0], [3302.5, 1457.0], [3302.25, 5080.0], [3299.5, 4417.0], [3299.25, 14796.0], [3299.0, 330.0], [3298.75, 1555.0], [3298.5, 8073.0], [3298.25, 22016.0], [3296.0, 1323.0], [3295.75, 4431.0], [3294.0, 400.0], [3293.5, 11.0], [3293.25, 40000.0], [3287.25, 45.0], [3287.0, 17726.0], [3286.75, 40000.0], [3283.5, 36730.0]], "asks": [[3304.0, 1372.0], [3304.25, 4882.0], [3304.5, 358.0], [3304.75, 2259.0], [3305.0, 3700.0], [3308.0, 4302.0], [3308.25, 14412.0], [3312.5, 11.0], [3312.75, 400.0], [3313.0, 11940.0], [3313.25, 40000.0], [3313.75, 1107.0], [3314.75, 18299.0], [3318.0, 6170.0], [3319.0, 40000.0], [3320.75, 18691.0], [3321.75, 4431.0], [3323.25, 38168.0], [3327.5, 57726.0], [3330.5, 37163.0]]}}}
{"jsonrpc": "2.0", "method": "subscription", "params": {"channel": "book.ETH-7NOV25.none.20.100ms", "data": {"timestamp": 1762461189862, "change_id": 95453213211, "instrument_name": "ETH-7NOV25", "bids": [[3302.5, 1420.0], [3302.25, 6739.0], [3302.0, 8673.0], [3301.75, 4914.0], [3301.5, 987.0], [3301.25, 3306.0], [3298.75, 1418.0], [3298.5, 9113.0], [3298.25, 14621.0], [3297.5, 448.0], [3297.25, 1501.0], [3294.25, 1107.0], [3293.25, 400.0], [3293.0, 21961.0], [3292.0, 4432.0], [3291.5, 18.0], [3291.25, 40000.0], [3289.0, 1.0], [3288.75, 22.0], [3287.0, 45.0]], "asks": [[3303.25, 328.0], [3303.5, 4527.0], [3303.75, 12403.0], [3304.0, 1500.0], [3305.25, 328.0], [3305.5, 1100.0], [3305.75, 4207.0], [3306.0, 14095.0], [3312.0, 40000.0], [3313.75, 18699.0], [3318.25, 40000.0], [3320.5, 45.0], [3320.75, 1107.0], [3321.5, 4431.0], [3324.0, 24397.0], [3327.0, 40000.0], [3328.5, 17726.0], [3330.0, 74102.0], [3331.25, 50865.0], [3340.0, 500.0]]}}}
{"jsonrpc": "2.0", "method": "subscription", "params": {"channel": "book.ETH-7NOV25.none.20.100ms", "data": {"timestamp": 1762461189953, "change_id": 95453213268, "instrument_name": "ETH-7NOV25", "bids": [[3302.75, 4755.0], [3302.5, 6175.0], [3302.25, 6739.0], [3302.0, 8673.0], [3301.75, 4914.0], [3301.5, 987.0], [3301.25, 3306.0], [3298.5, 4364.0], [3298.25, 14621.0], [3297.5, 448.0], [3297.25, 1501.0], [3294.25, 1107.0], [3293.25, 400.0], [3293.0, 21961.0], [3292.0, 4432.0], [3291.5, 18.0], [3291.25, 40000.0], [3289.0, 1.0], [3288.75, 22.0], [3287.0, 45.0]], "asks": [[3303.25, 328.0], [3303.5, 4527.0], [3303.75, 12403.0], [3304.0, 1500.0], [3305.25, 328.0], [3305.5, 1100.0], [3305.75, 4207.0], [3306.0, 14095.0], [3312.0, 40000.0], [3313.75, 18699.0], [3318.25, 40000.0], [3320.5, 45.0], [3320.75, 1107.0], [3321.5, 4431.0], [3324.0, 24397.0], [3327.0, 40000.0], [3328.5, 17726.0], [3330.0, 74102.0], [3331.25, 50865.0], [3340.0, 500.0]]}}}
{"jsonrpc": "2.0", "method": "subscription", "params": {"channel": "book.ETH-14NOV25.none.20.100ms", "data": {"timestamp": 1762461189967, "change_id": 95453213364, "instrument_name": "ETH-14NOV25", "bids": [[3303.5, 746.0], [3303.25, 2500.0], [3302.75, 160.0], [3302.5, 1457.0], [3302.25, 5080.0], [3299.5, 4417.0], [3299.25, 14796.0], [3299.0, 330.0], [3298.75, 1555.0], [3298.5, 8073.0], [3298.25, 22016.0], [3296.0, 1323.0], [3295.75, 4431.0], [3294.0, 400.0], [3293.5, 11.0], [3293.25, 40000.0], [3287.25, 45.0], [3287.0, 17726.0], [3286.75, 40000.0], [3283.5, 36730.0]], "asks": [[3304.0, 1372.0], [3304.25, 4882.0], [3304.5, 358.0], [3304.75, 2259.0], [3305.0, 3700.0], [3308.0, 4302.0], [3308.25, 14412.0], [3312.5, 11.0], [3312.75, 400.0], [3313.0, 11940.0], [3313.25, 40000.0], [3313.75, 1107.0], [3314.75, 18299.0], [3318.0, 6170.0], [3318.75, 45.0], [3319.0, 40000.0], [3320.75, 18691.0], [3321.75, 4431.0], [3323.25, 38168.0], [3327.5, 57726.0]]}}}
{"jsonrpc": "2.0", "method": "subscription", "params": {"channel": "book.ETH-7NOV25.none.20.100ms", "data": {"timestamp": 1762461190542, "change_id": 95453214376, "instrument_name": "ETH-7NOV25", "bids": [[3302.75, 6174.0], [3302.5, 5799.0], [3302.25, 6334.0], [3302.0, 6173.0], [3301.75, 4754.0], [3301.5, 987.0], [3301.25, 3306.0], [3298.5, 4364.0], [3298.25, 14621.0], [3297.25, 1501.0], [3294.25, 1107.0], [3293.25, 400.0], [3293.0, 21961.0], [3292.0, 4432.0], [3291.5, 18.0], [3291.25, 40000.0], [3289.0, 1.0], [3288.75, 22.0], [3287.0, 45.0], [3286.75, 50385.0]], "asks": [[3303.5, 1033.0], [3303.75, 6186.0], [3304.0, 5035.0], [3304.25, 3466.0], [3305.25, 328.0], [3305.5, 1100.0], [3305.75, 4207.0], [3306.0, 14095.0], [3312.0, 40000.0], [3313.75, 18699.0], [3318.25, 40000.0], [3320.5, 45.0], [3320.75, 1107.0], [3321.5, 4431.0], [3324.0, 24397.0], [3327.0, 40000.0], [3328.5, 17726.0], [3330.0, 74102.0], [3331.25, 50865.0], [3340.0, 500.0]]}}}
{"jsonrpc": "2.0", "method": "subscription", "params": {"channel": "book.ETH-14NOV25.none.20.100ms", "data": {"timestamp": 1762461190469, "change_id": 95453214132, "instrument_name": "ETH-14NOV25", "bids": [[3303.75, 746.0], [3303.5, 2500.0], [3303.25, 160.0], [3302.75, 1410.0], [3302.5, 4722.0], [3299.5, 4417.0], [3299.25, 14796.0], [3299.0, 330.0], [3298.75, 1555.0], [3298.5, 8073.0], [3298.25, 22016.0], [3296.0, 1323.0], [3295.75, 4431.0], [3294.0, 400.0], [3293.5, 11.0], [3293.25, 40000.0], [3287.25, 45.0], [3287.0, 17726.0], [3286.75, 40000.0], [3283.5, 36730.0]], "asks": [[3304.25, 4722.0], [3304.75, 700.0], [3305.0, 2660.0], [3308.0, 4302.0], [3308.25, 14412.0], [3312.5, 11.0], [3312.75, 400.0], [3313.0, 11940.0], [3313.25, 40000.0], [3313.75, 1107.0], [3314.75, 18299.0], [3318.0, 6170.0], [3318.75, 45.0], [3319.0, 40000.0], [3320.75, 18691.0], [3321.75, 4431.0], [3323.25, 38168.0], [3327.5, 57726.0], [3330.5, 37163.0], [3332.75, 24326.0]]}}}
{"jsonrpc": "2.0", "method": "subscription", "params": {"channel": "book.ETH-14NOV25.none.20.100ms", "data": {"timestamp": 1762461190801, "change_id": 95453215458, "instrument_name": "ETH-14NOV25", "bids": [[3303.25, 746.0], [3303.0, 2500.0], [3302.75, 1410.0], [3302.5, 4882.0], [3299.5, 4417.0], [3299.25, 14796.0], [3299.0, 330.0], [3298.75, 1555.0], [3298.5, 8073.0], [3298.25, 22016.0], [3296.0, 1323.0], [3295.75, 4431.0], [3294.0, 400.0], [3293.5, 11.0], [3293.25, 40000.0], [3287.25, 45.0], [3287.0, 17726.0], [3286.75, 40000.0], [3283.5, 36730.0], [3283.25, 40000.0]], "asks": [[3304.0, 1410.0], [3304.25, 5080.0], [3304.5, 1718.0], [3304.75, 1900.0], [3305.0, 2500.0], [3308.0, 4302.0], [3308.25, 14412.0], [3312.5, 11.0], [3312.75, 400.0], [3313.0, 11940.0], [3313.25, 40000.0], [3313.75, 1107.0], [3314.75, 18299.0], [3318.0, 6170.0], [3318.75, 45.0], [3319.0, 40000.0], [3320.75, 18691.0], [3321.75, 4431.0], [3323.25, 38168.0], [3327.5, 57726.0]]}}}
{"jsonrpc": "2.0", "method": "subscription", "params": {"channel": "book.ETH-7NOV25.none.20.100ms", "data": {"timestamp": 1762461190878, "change_id": 95453215841, "instrument_name": "ETH-7NOV25", "bids": [[3302.75, 4755.0], [3302.5, 6222.0], [3302.25, 6334.0], [3302.0, 6738.0], [3301.75, 7254.0], [3301.5, 987.0], [3301.25, 3306.0], [3298.5, 4364.0], [3298.25, 14621.0], [3297.25, 1501.0], [3294.25, 1107.0], [3293.25, 400.0], [3293.0, 21961.0], [3292.0, 4432.0], [3291.5, 18.0], [3291.25, 40000.0], [3289.0, 1.0], [3288.75, 22.0], [3287.0, 45.0], [3286.75, 50385.0]], "asks": [[3303.25, 694.0], [3303.5, 2828.0], [3303.75, 608.0], [3304.0, 2535.0], [3304.25, 3306.0], [3305.25, 328.0], [3305.5, 1100.0], [3305.75, 4207.0], [3306.0, 14095.0], [3312.0, 40000.0], [3313.75, 18699.0], [3318.25, 40000.0], [3320.5, 45.0], [3320.75, 1107.0], [3321.5, 4431.0], [3324.0, 24397.0], [3327.0, 40000.0], [3328.5, 17726.0], [3330.0, 74102.0], [3331.25, 50865.0]]}}}
{"jsonrpc": "2.0", "method": "subscription", "params": {"channel": "book.ETH-7NOV25.none.20.100ms", "data": {"timestamp": 1762461191210, "change_id": 95453216333, "instrument_name": "ETH-7NOV25", "bids": [[3302.75, 4755.0], [3302.5, 6222.0], [3302.25, 6899.0], [3302.0, 8673.0], [3301.75, 4754.0], [3301.5, 987.0], [3301.25, 3306.0], [3298.5, 4364.0], [3298.25, 14621.0], [3297.25, 1501.0], [3294.25, 1107.0], [3293.25, 400.0], [3293.0, 21961.0], [3292.0, 4432.0], [3291.5, 18.0], [3291.25, 40000.0], [3289.0, 1.0], [3288.75, 22.0], [3287.0, 45.0], [3286.75, 50385.0]], "asks": [[3303.25, 2500.0], [3303.75, 608.0], [3304.0, 2535.0], [3304.25, 3306.0], [3305.25, 328.0], [3305.5, 1100.0], [3305.75, 4207.0], [3306.0, 14095.0], [3312.0, 40000.0], [3313.75, 18699.0], [3318.25, 40000.0], [3320.5, 45.0], [3320.75, 1107.0], [3321.5, 4431.0], [3324.0, 24397.0], [3327.0, 40000.0], [3328.5, 17726.0], [3330.0, 74102.0], [3331.25, 50865.0], [3340.0, 500.0]]}}}
{"jsonrpc": "2.0", "method": "subscription", "params": {"channel": "book.ETH-14NOV25.none.20.100ms", "data": {"timestamp": 1762461191198, "change_id": 95453216249, "instrument_name": "ETH-14NOV25", "bids": [[3303.5, 746.0], [3303.25, 2500.0], [3303.0, 160.0], [3302.75, 1410.0], [3302.5, 4722.0], [3299.75, 2.0], [3299.5, 4417.0], [3299.25, 14796.0], [3299.0, 330.0], [3298.75, 1555.0], [3298.5, 8073.0], [3298.25, 22016.0], [3296.0, 1323.0], [3295.75, 4431.0], [3294.0, 400.0], [3293.5, 11.0], [3293.25, 40000.0], [3287.25, 45.0], [3287.0, 17726.0], [3286.75, 40000.0]], "asks": [[3304.0, 1410.0], [3304.25, 5080.0], [3304.5, 2419.0], [3304.75, 4400.0], [3307.75, 2.0], [3308.0, 4302.0], [3308.25, 14412.0], [3312.5, 11.0], [3312.75, 400.0], [3313.0, 11940.0], [3313.25, 40000.0], [3313.75, 1107.0], [3314.75, 18299.0], [3318.0, 6170.0], [3318.75, 45.0], [3319.0, 40000.0], [3320.75, 18691.0], [3321.75, 4431.0], [3323.25, 38168.0], [3327.5, 57726.0]]}}}
{"jsonrpc": "2.0", "method": "subscription", "params": {"channel": "book.ETH-14NOV25.none.20.100ms", "data": {"timestamp": 1762461191351, "change_id": 95453216593, "instrument_name": "ETH-14NOV25", "bids": [[3303.5, 2500.0], [3303.0, 160.0], [3302.75, 1410.0], [3302.5, 4722.0], [3299.75, 2.0], [3299.5, 4417.0], [3299.25, 14796.0], [3299.0, 330.0], [3298.75, 1107.0], [3298.5, 6572.0], [3298.25, 22016.0], [3296.0, 1323.0], [3295.75, 4431.0], [3294.0, 400.0], [3293.5, 11.0], [3293.25, 40000.0], [3287.25, 45.0], [3287.0, 17726.0], [3286.75, 40000.0], [3283.5, 36730.0]], "asks": [[3304.0, 1410.0], [3304.25, 5080.0], [3304.5, 2060.0], [3304.75, 2858.0], [3307.75, 2.0], [3308.0, 4302.0], [3308.25, 14412.0], [3312.5, 11.0], [3312.75, 400.0], [3313.0, 11940.0], [3313.25, 40000.0], [3313.75, 1107.0], [3314.75, 18299.0], [3318.0, 6170.0], [3318.75, 45.0], [3319.0, 40000.0], [3320.75, 18691.0], [3321.75, 4431.0], [3323.25, 38168.0], [3327.5, 57726.0]]}}}
{"jsonrpc": "2.0", "method": "subscription", "params": {"channel": "book.ETH-7NOV25.none.20.100ms", "data": {"timestamp": 1762461191213, "change_id": 95453216629, "instrument_name": "ETH-7NOV25", "bids": [[3302.75, 6174.0], [3302.5, 6222.0], [3302.25, 6899.0], [3302.0, 8673.0], [3301.75, 4754.0], [3301.5, 987.0], [3301.25, 3306.0], [3298.5, 4364.0], [3298.25, 14621.0], [3297.25, 1501.0], [3294.25, 1107.0], [3293.25, 400.0], [3293.0, 21961.0], [3292.0, 4432.0], [3291.5, 18.0], [3291.25, 40000.0], [3289.0, 1.0], [3288.75, 22.0], [3287.0, 45.0], [3286.75, 50385.0]], "asks": [[3303.25, 2500.0], [3303.5, 376.0], [3303.75, 1708.0], [3304.0, 2535.0], [3304.25, 3306.0], [3305.0, 1100.0], [3305.25, 328.0], [3305.5, 1100.0], [3305.75, 4207.0], [3306.0, 14095.0], [3312.0, 40000.0], [3313.75, 18699.0], [3318.25, 40000.0], [3320.5, 45.0], [3320.75, 1107.0], [3321.5, 4431.0], [3324.0, 24397.0], [3327.0, 40000.0], [3328.5, 17726.0], [3330.0, 74102.0]]}}}
{"jsonrpc": "2.0", "method": "subscription", "params": {"channel": "book.ETH-7NOV25.none.20.100ms", "data": {"timestamp": 1762461191684, "change_id": 95453217118, "instrument_name": "ETH-7NOV25", "bids": [[3302.75, 6174.0], [3302.5, 6781.0], [3302.25, 8834.0], [3302.0, 6173.0], [3301.75, 4754.0], [3301.5, 987.0], [3301.25, 3306.0], [3298.5, 4364.0], [3298.25, 14621.0], [3297.25, 1501.0], [3294.25, 1107.0], [3293.25, 400.0], [3293.0, 21961.0], [3292.0, 4432.0], [3291.5, 18.0], [3291.25, 40000.0], [3289.0, 1.0], [3288.75, 22.0], [3287.0, 45.0], [3286.75, 50385.0]], "asks": [[3303.25, 2500.0], [3303.5, 376.0], [3303.75, 1708.0], [3304.0, 2535.0], [3304.25, 3306.0], [3305.0, 1100.0], [3305.25, 328.0], [3305.5, 1100.0], [3305.75, 4207.0], [3306.0, 14095.0], [3312.0, 40000.0], [3313.75, 18699.0], [3318.25, 40000.0], [3320.5, 45.0], [3320.75, 1107.0], [3321.5, 4431.0], [3324.0, 24397.0], [3327.0, 40000.0], [3328.5, 17726.0], [3330.0, 74102.0]]}}}
{"jsonrpc": "2.0", "method": "subscription", "params": {"channel": "book.ETH-7NOV25.none.20.100ms", "data": {"timestamp": 1762461191987, "change_id": 95453217876, "instrument_name": "ETH-7NOV25", "bids": [[3303.0, 1420.0], [3302.75, 6174.0], [3302.5, 6781.0], [3302.25, 8834.0], [3302.0, 6173.0], [3301.75, 4754.0], [3301.5, 987.0], [3301.25, 3306.0], [3298.5, 4364.0], [3298.25, 14621.0], [3297.25, 1501.0], [3294.25, 1107.0], [3293.25, 400.0], [3293.0, 21961.0], [3292.0, 4432.0], [3291.5, 18.0], [3291.25, 40000.0], [3289.0, 1.0], [3288.75, 22.0], [3287.0, 45.0]], "asks": [[3303.5, 376.0], [3303.75, 4208.0], [3304.0, 2535.0], [3304.25, 3306.0], [3305.0, 1100.0], [3305.25, 328.0], [3305.5, 1100.0], [3305.75, 4207.0], [3306.0, 14095.0], [3312.0, 40000.0], [3313.75, 18699.0], [3318.25, 40000.0], [3320.5, 45.0], [3320.75, 1107.0], [3321.5, 4431.0], [3324.0, 24397.0], [3327.0, 40000.0], [3328.5, 17726.0], [3330.0, 74102.0], [3331.25, 50865.0]]}}}
{"jsonrpc": "2.0", "method": "subscription", "params": {"channel": "book.ETH-14NOV25.none.20.100ms", "data": {"timestamp": 1762461192170, "change_id": 95453218199, "instrument_name": "ETH-14NOV25", "bids": [[3303.75, 2500.0], [3303.0, 160.0], [3302.75, 1410.0], [3302.5, 4722.0], [3300.0, 449.0], [3299.75, 1503.0], [3299.5, 4417.0], [3299.25, 14796.0], [3299.0, 330.0], [3298.75, 1107.0], [3298.5, 6572.0], [3298.25, 22016.0], [3296.0, 1323.0], [3295.75, 4431.0], [3294.0, 400.0], [3293.5, 11.0], [3293.25, 40000.0], [3287.25, 45.0], [3287.0, 17726.0], [3286.75, 40000.0]], "asks": [[3304.25, 4722.0], [3304.5, 860.0], [3304.75, 2858.0], [3307.75, 2.0], [3308.0, 4302.0], [3308.25, 14412.0], [3312.5, 11.0], [3312.75, 400.0], [3313.0, 11940.0], [3313.25, 40000.0], [3313.75, 1107.0], [3314.75, 18299.0], [3318.0, 6170.0], [3318.75, 45.0], [3319.0, 40000.0], [3320.75, 18691.0], [3321.75, 4431.0], [3323.25, 38168.0], [3327.5, 57726.0], [3330.5, 37163.0]]}}}
{"jsonrpc": "2.0", "method": "subscription", "params": {"channel": "book.ETH-14NOV25.none.20.100ms", "data": {"timestamp": 1762461192533, "change_id": 95453219087, "instrument_name": "ETH-14NOV25", "bids": [[3302.25, 1410.0], [3302.0, 4722.0], [3301.5, 160.0], [3300.0, 449.0], [3299.75, 1503.0], [3299.5, 4417.0], [3299.25, 14796.0], [3299.0, 330.0], [3298.75, 1107.0], [3298.5, 6572.0], [3298.25, 22016.0], [3296.0, 1323.0], [3295.75, 4431.0], [3294.25, 6406.0], [3294.0, 400.0], [3293.5, 11.0], [3293.25, 40000.0], [3287.25, 45.0], [3287.0, 17726.0], [3286.75, 40000.0]], "asks": [[3304.0, 1648.0], [3304.25, 6328.0], [3304.5, 2060.0], [3304.75, 2858.0], [3307.75, 2.0], [3308.0, 4302.0], [3308.25, 14412.0], [3312.5, 11.0], [3312.75, 400.0], [3313.0, 11940.0], [3313.25, 40000.0], [3313.75, 1107.0], [3314.75, 18299.0], [3318.75, 45.0], [3319.0, 40000.0], [3320.5, 36483.0], [3321.75, 4431.0], [3323.25, 38168.0], [3327.5, 57726.0], [3332.75, 24326.0]]}}}
{"jsonrpc": "2.0", "method": "subscription", "params": {"channel": "book.ETH-7NOV25.none.20.100ms", "data": {"timestamp": 1762461192349, "change_id": 95453219074, "instrument_name": "ETH-7NOV25", "bids": [[3302.75, 4755.0], [3302.5, 4755.0], [3302.25, 6174.0], [3302.0, 6173.0], [3301.75, 4754.0], [3301.5, 987.0], [3301.25, 3306.0], [3300.75, 160.0], [3299.0, 3778.0], [3298.75, 12657.0], [3298.5, 4364.0], [3298.25, 14621.0], [3297.5, 448.0], [3297.25, 1501.0], [3294.25, 1107.0], [3293.25, 51785.0], [3293.0, 21961.0], [3292.0, 4432.0], [3291.5, 18.0], [3291.25, 40000.0]], "asks": [[3303.25, 1846.0], [3303.5, 2876.0], [3303.75, 1708.0], [3304.0, 5224.0], [3304.25, 12920.0], [3304.75, 328.0], [3305.0, 1100.0], [3305.25, 328.0], [3305.5, 1100.0], [3305.75, 4207.0], [3306.0, 14095.0], [3311.5, 49382.0], [3311.75, 25255.0], [3312.0, 40000.0], [3313.75, 18699.0], [3318.25, 40000.0], [3320.5, 45.0], [3320.75, 1107.0], [3321.5, 4431.0], [3324.0, 24397.0]]}}}
{"jsonrpc": "2.0", "method": "subscription", "params": {"channel": "book.ETH-7NOV25.none.20.100ms", "data": {"timestamp": 1762461192848, "change_id": 95453220302, "instrument_name": "ETH-7NOV25", "bids": [[3302.75, 4755.0], [3302.5, 6174.0], [3302.25, 6174.0], [3302.0, 6173.0], [3301.75, 4754.0], [3301.5, 1147.0], [3301.25, 3306.0], [3300.75, 2500.0], [3299.0, 3778.0], [3298.75, 38062.0], [3298.5, 4364.0], [3298.25, 39031.0], [3297.5, 448.0], [3297.25, 1501.0], [3296.75, 50385.0], [3294.25, 1107.0], [3293.25, 51785.0], [3293.0, 21961.0], [3292.0, 4432.0], [3291.5, 18.0]], "asks": [[3303.25, 3600.0], [3303.5, 376.0], [3303.75, 1708.0], [3304.0, 5224.0], [3304.25, 12920.0], [3304.75, 328.0], [3305.0, 1100.0], [3305.25, 328.0], [3305.5, 1100.0], [3305.75, 4207.0], [3306.0, 14095.0], [3309.75, 24397.0], [3311.5, 49382.0], [3311.75, 25255.0], [3312.0, 40000.0], [3313.75, 18699.0], [3314.75, 49000.0], [3318.25, 40000.0], [3320.5, 76725.0], [3320.75, 1107.0]]}}}
{"jsonrpc": "2.0", "method": "subscription", "params": {"channel": "book.ETH-14NOV25.none.20.100ms", "data": {"timestamp": 1762461192742, "change_id": 95453219977, "instrument_name": "ETH-14NOV25", "bids": [[3302.5, 906.0], [3302.25, 3910.0], [3302.0, 4722.0], [3300.0, 722.0], [3299.75, 2610.0], [3299.5, 4417.0], [3299.25, 20293.0], [3299.0, 18746.0], [3298.5, 6572.0], [3298.25, 22016.0], [3296.0, 1323.0], [3295.75, 4431.0], [3294.0, 37925.0], [3293.5, 11.0], [3293.25, 40000.0], [3289.25, 36730.0], [3287.25, 45.0], [3287.0, 17726.0], [3286.75, 40000.0], [3283.25, 40000.0]], "asks": [[3304.0, 1722.0], [3304.25, 6328.0], [3304.5, 2060.0], [3304.75, 2858.0], [3307.75, 2.0], [3308.0, 4302.0], [3308.25, 14412.0], [3312.5, 11.0], [3312.75, 400.0], [3313.0, 11940.0], [3313.25, 40000.0], [3313.75, 39275.0], [3314.75, 18299.0], [3318.75, 45.0], [3319.0, 40000.0], [3320.5, 36483.0], [3321.75, 4431.0], [3323.75, 37163.0], [3327.5, 57726.0], [3332.75, 24326.0]]}}}
{"jsonrpc": "2.0", "method": "subscription", "params": {"channel": "book.ETH-14NOV25.none.20.100ms", "data": {"timestamp": 1762461192975, "change_id": 95453220598, "instrument_name": "ETH-14NOV25", "bids": [[3302.5, 906.0], [3302.25, 3910.0], [3302.0, 11523.0], [3301.75, 22783.0], [3300.0, 722.0], [3299.75, 2610.0], [3299.5, 4417.0], [3299.25, 20293.0], [3299.0, 18746.0], [3298.5, 6572.0], [3298.25, 22016.0], [3296.0, 1323.0], [3295.75, 4431.0], [3294.0, 37925.0], [3293.5, 11.0], [3293.25, 40000.0], [3289.25, 36730.0], [3287.25, 45.0], [3287.0, 17726.0], [3286.75, 40000.0]], "asks": [[3304.0, 1722.0], [3304.25, 7022.0], [3304.5, 4218.0], [3307.75, 2.0], [3308.0, 4302.0], [3308.25, 14412.0], [3312.5, 11.0], [3312.75, 400.0], [3313.0, 11940.0], [3313.25, 40000.0], [3313.75, 39275.0], [3314.75, 18299.0], [3318.75, 45.0], [3319.0, 40000.0], [3320.5, 36483.0], [3321.75, 4431.0], [3323.75, 37163.0], [3327.5, 57726.0], [3332.75, 24326.0], [3340.5, 25496.0]]}}}
{"jsonrpc": "2.0", "method": "subscription", "params": {"channel": "book.ETH-7NOV25.none.20.100ms", "data": {"timestamp": 1762461193191, "change_id": 95453220931, "instrument_name": "ETH-7NOV25", "bids": [[3302.75, 4755.0], [3302.5, 6174.0], [3302.25, 6174.0], [3302.0, 6173.0], [3301.75, 4754.0], [3301.5, 1147.0], [3301.25, 3306.0], [3300.75, 2500.0], [3299.0, 3778.0], [3298.75, 38062.0], [3298.5, 4364.0], [3298.25, 39031.0], [3297.5, 448.0], [3297.25, 1501.0], [3296.75, 50385.0], [3294.25, 1107.0], [3293.25, 51785.0], [3293.0, 21961.0], [3292.0, 4432.0], [3291.5, 18.0]], "asks": [[3303.25, 1428.0], [3303.5, 1476.0], [3303.75, 1708.0], [3304.0, 5224.0], [3304.25, 12920.0], [3304.75, 328.0], [3305.0, 1100.0], [3305.25, 328.0], [3305.5, 1100.0], [3305.75, 4207.0], [3306.0, 14095.0], [3309.75, 24397.0], [3311.5, 49382.0], [3311.75, 25255.0], [3312.0, 40000.0], [3313.75, 18699.0], [3314.75, 49000.0], [3318.25, 40000.0], [3320.5, 76725.0], [3320.75, 1107.0]]}}}
{"jsonrpc": "2.0", "method": "subscription", "params": {"channel": "book.ETH-14NOV25.none.20.100ms", "data": {"timestamp": 1762461193496, "change_id": 95453221623, "instrument_name": "ETH-14NOV25", "bids": [[3302.75, 794.0], [3302.5, 2660.0], [3302.25, 1410.0], [3302.0, 11523.0], [3301.75, 22783.0], [3300.0, 273.0], [3299.75, 1109.0], [3299.5, 4417.0], [3299.25, 21794.0], [3299.0, 18746.0], [3298.5, 6572.0], [3298.25, 22016.0], [3296.0, 1323.0], [3295.75, 4431.0], [3294.0, 37925.0], [3293.5, 11.0], [3293.25, 40000.0], [3289.25, 36730.0], [3287.25, 45.0], [3287.0, 17726.0]], "asks": [[3304.0, 1722.0], [3304.25, 5922.0], [3304.5, 906.0], [3304.75, 2500.0], [3307.75, 2.0], [3308.0, 4302.0], [3308.25, 14412.0], [3312.5, 11.0], [3312.75, 400.0], [3313.0, 11940.0], [3313.25, 40000.0], [3313.75, 39275.0], [3314.75, 18299.0], [3318.75, 45.0], [3319.0, 40000.0], [3320.5, 36483.0], [3321.75, 4431.0], [3323.75, 37163.0], [3327.5, 57726.0], [3332.75, 24326.0]]}}}
{"jsonrpc": "2.0", "method": "subscription", "params": {"channel": "book.ETH-7NOV25.none.20.100ms", "data": {"timestamp": 1762461193385, "change_id": 95453221499, "instrument_name": "ETH-7NOV25", "bids": [[3302.75, 4755.0], [3302.5, 4755.0], [3302.25, 6174.0], [3302.0, 6173.0], [3301.75, 4754.0], [3301.5, 1147.0], [3301.25, 3306.0], [3301.0, 2500.0], [3299.0, 3778.0], [3298.75, 38062.0], [3298.5, 4364.0], [3298.25, 39031.0], [3297.5, 448.0], [3297.25, 1501.0], [3296.75, 50385.0], [3294.25, 1107.0], [3293.25, 51785.0], [3293.0, 21961.0], [3292.0, 4432.0], [3291.5, 18.0]], "asks": [[3303.25, 3928.0], [3303.5, 1476.0], [3303.75, 1708.0], [3304.0, 5224.0], [3304.25, 12920.0], [3304.75, 328.0], [3305.0, 1100.0], [3305.25, 328.0], [3305.5, 1100.0], [3305.75, 4207.0], [3306.0, 14095.0], [3309.75, 24397.0], [3311.5, 49382.0], [3311.75, 25255.0], [3312.0, 40000.0], [3313.5, 11.0], [3313.75, 18699.0], [3314.75, 49000.0], [3318.25, 40000.0], [3320.5, 76725.0]]}}}
{"jsonrpc": "2.0", "method": "subscription", "params": {"channel": "book.ETH-14NOV25.none.20.100ms", "data": {"timestamp": 1762461193760, "change_id": 95453222203, "instrument_name": "ETH-14NOV25", "bids": [[3302.75, 794.0], [3302.5, 2660.0], [3302.25, 1410.0], [3302.0, 11523.0], [3301.75, 22783.0], [3300.0, 273.0], [3299.75, 1109.0], [3299.5, 4417.0], [3299.25, 21794.0], [3299.0, 18746.0], [3298.5, 6572.0], [3298.25, 22016.0], [3296.0, 1323.0], [3295.75, 4431.0], [3294.0, 37925.0], [3293.5, 11.0], [3293.25, 40000.0], [3289.25, 36730.0], [3287.25, 45.0], [3287.0, 17726.0]], "asks": [[3304.0, 1722.0], [3304.25, 6716.0], [3304.5, 2660.0], [3307.75, 2.0], [3308.0, 4302.0], [3308.25, 14412.0], [3312.5, 11.0], [3312.75, 400.0], [3313.0, 11940.0], [3313.25, 40000.0], [3313.75, 39275.0], [3314.75, 18299.0], [3318.75, 45.0], [3319.0, 40000.0], [3320.5, 36483.0], [3321.75, 4431.0], [3323.75, 37163.0], [3327.5, 57726.0], [3332.75, 24326.0], [3340.5, 25496.0]]}}}
{"jsonrpc": "2.0", "method": "subscription", "params": {"channel": "book.ETH-7NOV25.none.20.100ms", "data": {"timestamp": 1762461194170, "change_id": 95453222795, "instrument_name": "ETH-7NOV25", "bids": [[3302.75, 4755.0], [3302.5, 4755.0], [3302.25, 6174.0], [3302.0, 6173.0], [3301.75, 4754.0], [3301.5, 1147.0], [3301.25, 3306.0], [3301.0, 2500.0], [3299.0, 3778.0], [3298.75, 38062.0], [3298.5, 4364.0], [3298.25, 39031.0], [3297.5, 448.0], [3297.25, 1501.0], [3296.75, 50385.0], [3294.25, 1107.0], [3293.25, 51785.0], [3293.0, 21961.0], [3292.0, 4432.0], [3291.5, 18.0]], "asks": [[3303.0, 3600.0], [3303.25, 1428.0], [3303.5, 1476.0], [3303.75, 1708.0], [3304.0, 5224.0], [3304.25, 12920.0], [3304.75, 328.0], [3305.0, 1100.0], [3305.25, 328.0], [3305.5, 1100.0], [3305.75, 4207.0], [3306.0, 14095.0], [3309.75, 24397.0], [3311.5, 49382.0], [3311.75, 25255.0], [3312.0, 40000.0], [3313.5, 11.0], [3313.75, 18699.0], [3314.75, 49000.0], [3318.25, 40000.0]]}}}
{"jsonrpc": "2.0", "method": "subscription", "params": {"channel": "book.ETH-7NOV25.none.20.100ms", "data": {"timestamp": 1762461194428, "change_id": 95453223032, "instrument_name": "ETH-7NOV25", "bids": [[3302.75, 4755.0], [3302.5, 6174.0], [3302.25, 6174.0], [3302.0, 6173.0], [3301.75, 4754.0], [3301.5, 1147.0], [3301.25, 5806.0], [3299.0, 10878.0], [3298.75, 38062.0], [3298.5, 4364.0], [3298.25, 39031.0], [3297.5, 448.0], [3297.25, 1501.0], [3296.75, 50385.0], [3294.25, 1107.0], [3293.25, 51785.0], [3293.0, 21961.0], [3292.0, 4432.0], [3291.5, 18.0], [3291.25, 40000.0]], "asks": [[3303.0, 2500.0], [3303.25, 1428.0], [3303.5, 1476.0], [3303.75, 1708.0], [3304.0, 5224.0], [3304.25, 12920.0], [3304.75, 328.0], [3305.0, 1100.0], [3305.25, 328.0], [3305.5, 1100.0], [3305.75, 4207.0], [3306.0, 14095.0], [3309.75, 24397.0], [3311.5, 49382.0], [3311.75, 25255.0], [3312.0, 40000.0], [3313.5, 11.0], [3313.75, 18699.0], [3314.75, 49000.0], [3318.25, 40000.0]]}}}
{"jsonrpc": "2.0", "method": "subscription", "params": {"channel": "book.ETH-14NOV25.none.20.100ms", "data": {"timestamp": 1762461194513, "change_id": 95453223175, "instrument_name": "ETH-14NOV25", "bids": [[3303.0, 746.0], [3302.75, 2500.0], [3302.5, 160.0], [3302.25, 1410.0], [3302.0, 11523.0], [3301.75, 22783.0], [3300.5, 1815.0], [3300.25, 6080.0], [3300.0, 273.0], [3299.75, 1109.0], [3299.5, 4417.0], [3299.25, 21794.0], [3299.0, 18746.0], [3298.5, 6572.0], [3298.25, 22016.0], [3296.5, 36821.0], [3296.0, 1323.0], [3295.75, 4431.0], [3294.0, 37925.0], [3293.5, 11.0]], "asks": [[3304.0, 1722.0], [3304.25, 6716.0], [3304.5, 2660.0], [3307.75, 2.0], [3308.0, 4302.0], [3308.25, 14412.0], [3312.5, 11.0], [3312.75, 400.0], [3313.0, 11940.0], [3313.25, 40000.0], [3313.75, 39275.0], [3314.75, 18299.0], [3318.75, 45.0], [3319.0, 40000.0], [3320.5, 36483.0], [3321.75, 4431.0], [3323.75, 37163.0], [3327.5, 57726.0], [3332.75, 24326.0], [3340.25, 181.0]]}}}
{"jsonrpc": "2.0", "method": "subscription", "params": {"channel": "book.ETH-14NOV25.none.20.100ms", "data": {"timestamp": 1762461194831, "change_id": 95453224436, "instrument_name": "ETH-14NOV25", "bids": [[3302.0, 6801.0], [3301.75, 22783.0], [3301.5, 160.0], [3300.5, 1815.0], [3300.25, 6080.0], [3300.0, 273.0], [3299.75, 1109.0], [3299.5, 4417.0], [3299.25, 21794.0], [3299.0, 18746.0], [3298.5, 6572.0], [3298.25, 22016.0], [3297.25, 1912.0], [3297.0, 6406.0], [3296.75, 10991.0], [3296.5, 36821.0], [3296.0, 1323.0], [3295.75, 4431.0], [3294.0, 37925.0], [3293.5, 11.0]], "asks": [[3304.0, 1722.0], [3304.25, 6716.0], [3304.5, 2660.0], [3307.25, 1842.0], [3307.5, 6170.0], [3307.75, 2.0], [3308.0, 4302.0], [3308.25, 14412.0], [3308.5, 5579.0], [3308.75, 18691.0], [3311.0, 11406.0], [3311.25, 38211.0], [3312.5, 11.0], [3312.75, 400.0], [3313.0, 11940.0], [3313.25, 40000.0], [3313.75, 39275.0], [3314.75, 18299.0], [3318.75, 45.0], [3319.0, 40000.0]]}}}
{"jsonrpc": "2.0", "method": "subscription", "params": {"channel": "book.ETH-7NOV25.none.20.100ms", "data": {"timestamp": 1762461194840, "change_id": 95453224508, "instrument_name": "ETH-7NOV25", "bids": [[3302.75, 4755.0], [3302.5, 4755.0], [3302.25, 4755.0], [3302.0, 6173.0], [3301.75, 4754.0], [3300.75, 160.0], [3299.25, 12657.0], [3298.5, 29769.0], [3298.25, 39031.0], [3297.5, 448.0], [3297.25, 1501.0], [3296.75, 50385.0], [3294.25, 1107.0], [3293.25, 51785.0], [3293.0, 21961.0], [3292.0, 4432.0], [3291.5, 18.0], [3291.25, 40000.0], [3289.0, 1.0], [3288.75, 22.0]], "asks": [[3303.0, 2500.0], [3303.25, 1428.0], [3303.5, 1476.0], [3303.75, 1708.0], [3304.0, 5224.0], [3304.25, 12920.0], [3304.75, 328.0], [3305.0, 1100.0], [3305.25, 328.0], [3305.5, 1100.0], [3305.75, 4207.0], [3306.0, 14095.0], [3309.5, 25255.0], [3309.75, 24397.0], [3311.5, 49382.0], [3312.0, 40000.0], [3313.5, 11.0], [3313.75, 18699.0], [3314.75, 49000.0], [3318.25, 40000.0]]}}}
{"jsonrpc": "2.0", "method": "subscription", "params": {"channel": "book.ETH-14NOV25.none.20.100ms", "data": {"timestamp": 1762461195038, "change_id": 95453225451, "instrument_name": "ETH-14NOV25", "bids": [[3302.5, 746.0], [3302.25, 2500.0], [3302.0, 6801.0], [3301.75, 27505.0], [3301.5, 160.0], [3300.0, 2111.0], [3299.75, 7189.0], [3299.5, 4417.0], [3299.25, 20293.0], [3299.0, 18746.0], [3298.5, 6572.0], [3298.25, 22016.0], [3297.25, 1912.0], [3297.0, 6406.0], [3296.75, 10991.0], [3296.5, 36821.0], [3296.0, 1323.0], [3295.75, 4431.0], [3294.0, 37925.0], [3293.5, 11.0]], "asks": [[3303.25, 358.0], [3303.5, 2610.0], [3303.75, 6280.0], [3304.0, 2419.0], [3304.25, 3700.0], [3307.25, 1842.0], [3307.5, 6170.0], [3307.75, 2.0], [3308.0, 4302.0], [3308.25, 14412.0], [3308.5, 5579.0], [3308.75, 18691.0], [3311.0, 11406.0], [3311.25, 38211.0], [3312.5, 11.0], [3312.75, 400.0], [3313.25, 40000.0], [3313.75, 39275.0], [3314.75, 18299.0], [3318.75, 45.0]]}}}
{"jsonrpc": "2.0", "method": "subscription", "params": {"channel": "book.ETH-7NOV25.none.20.100ms", "data": {"timestamp": 1762461195071, "change_id": 95453225669, "instrument_name": "ETH-7NOV25", "bids": [[3302.75, 4755.0], [3302.5, 4755.0], [3302.25, 4755.0], [3302.0, 4754.0], [3301.75, 4754.0], [3300.75, 5966.0], [3299.25, 12657.0], [3298.5, 4364.0], [3298.25, 39031.0], [3297.75, 25405.0], [3296.75, 50385.0], [3294.25, 1107.0], [3293.25, 51785.0], [3293.0, 21961.0], [3292.0, 4432.0], [3291.5, 18.0], [3291.25, 40000.0], [3289.0, 1.0], [3288.75, 22.0], [3288.0, 75567.0]], "asks": [[3303.0, 2500.0], [3303.25, 1588.0], [3303.5, 1476.0], [3303.75, 1548.0], [3304.0, 5224.0], [3304.25, 12920.0], [3304.75, 328.0], [3305.0, 1100.0], [3305.25, 328.0], [3305.5, 1100.0], [3305.75, 4207.0], [3306.0, 14095.0], [3309.5, 25255.0], [3309.75, 24397.0], [3311.5, 49382.0], [3312.0, 40000.0], [3313.5, 11.0], [3313.75, 18699.0], [3314.75, 49000.0], [3318.25, 40000.0]]}}}
{"jsonrpc": "2.0", "method": "subscription", "params": {"channel": "book.ETH-14NOV25.none.20.100ms", "data": {"timestamp": 1762461195478, "change_id": 95453227165, "instrument_name": "ETH-14NOV25", "bids": [[3302.25, 746.0], [3302.0, 2500.0], [3301.5, 1570.0], [3301.25, 4722.0], [3300.0, 273.0], [3299.75, 2924.0], [3299.5, 10497.0], [3299.25, 20293.0], [3299.0, 20247.0], [3298.5, 6572.0], [3298.25, 22016.0], [3297.0, 1912.0], [3296.75, 17397.0], [3296.5, 36821.0], [3296.0, 1323.0], [3295.75, 4431.0], [3294.0, 37925.0], [3293.5, 11.0], [3293.25, 40000.0], [3289.25, 36730.0]], "asks": [[3303.25, 5080.0], [3303.5, 1718.0], [3303.75, 1948.0], [3304.0, 2858.0], [3307.25, 1842.0], [3307.5, 6170.0], [3307.75, 2.0], [3308.0, 4302.0], [3308.25, 14412.0], [3308.5, 5579.0], [3308.75, 18691.0], [3311.0, 11406.0], [3311.25, 38211.0], [3312.5, 11.0], [3312.75, 400.0], [3313.25, 40000.0], [3313.75, 39275.0], [3314.75, 18299.0], [3318.75, 45.0], [3319.0, 40000.0]]}}}
{"jsonrpc": "2.0", "method": "subscription", "params": {"channel": "book.ETH-7NOV25.none.20.100ms", "data": {"timestamp": 1762461195397, "change_id": 95453226992, "instrument_name": "ETH-7NOV25", "bids": [[3302.75, 4755.0], [3302.5, 4755.0], [3302.25, 4755.0], [3302.0, 4754.0], [3301.75, 4754.0], [3301.5, 328.0], [3301.25, 1428.0], [3301.0, 2881.0], [3300.75, 5966.0], [3299.5, 3778.0], [3299.25, 12657.0], [3298.5, 4364.0], [3298.25, 39031.0], [3298.0, 9083.0], [3297.75, 25405.0], [3296.75, 50385.0], [3294.25, 1107.0], [3293.25, 51785.0], [3293.0, 21961.0], [3292.0, 4432.0]], "asks": [[3303.0, 6906.0], [3303.25, 1588.0], [3303.5, 1476.0], [3303.75, 1548.0], [3304.0, 1500.0], [3304.75, 328.0], [3305.0, 1100.0], [3305.25, 328.0], [3305.5, 1100.0], [3305.75, 4207.0], [3306.0, 14095.0], [3309.5, 25255.0], [3309.75, 24397.0], [3311.5, 49382.0], [3312.0, 40000.0], [3313.5, 11.0], [3313.75, 18699.0], [3314.75, 49000.0], [3318.25, 40000.0], [3320.5, 76725.0]]}}}
{"jsonrpc": "2.0", "method": "subscription", "params": {"channel": "book.ETH-14NOV25.none.20.100ms", "data": {"timestamp": 1762461195582, "change_id": 95453227398, "instrument_name": "ETH-14NOV25", "bids": [[3302.25, 746.0], [3302.0, 4070.0], [3301.75, 4722.0], [3300.0, 273.0], [3299.75, 2924.0], [3299.5, 10497.0], [3299.25, 20293.0], [3299.0, 20247.0], [3298.5, 6572.0], [3298.25, 22016.0], [3297.0, 1912.0], [3296.75, 17397.0], [3296.5, 36821.0], [3296.0, 1323.0], [3295.75, 4431.0], [3294.0, 37925.0], [3293.5, 11.0], [3293.25, 40000.0], [3289.25, 36730.0], [3287.25, 45.0]], "asks": [[3303.0, 1396.0], [3303.25, 5080.0], [3303.5, 1718.0], [3303.75, 1948.0], [3304.0, 2858.0], [3307.25, 1842.0], [3307.5, 6170.0], [3307.75, 2.0], [3308.0, 4302.0], [3308.25, 14412.0], [3308.5, 5579.0], [3308.75, 18691.0], [3311.0, 11406.0], [3311.25, 38211.0], [3312.5, 11.0], [3312.75, 400.0], [3313.25, 40000.0], [3313.75, 39275.0], [3314.75, 18299.0], [3318.75, 45.0]]}}}
{"jsonrpc": "2.0", "method": "subscription", "params": {"channel": "book.ETH-7NOV25.none.20.100ms", "data": {"timestamp": 1762461195646, "change_id": 95453227493, "instrument_name": "ETH-7NOV25", "bids": [[3302.75, 4755.0], [3302.5, 4755.0], [3302.25, 4755.0], [3302.0, 4754.0], [3301.75, 4754.0], [3301.5, 328.0], [3301.25, 1428.0], [3301.0, 2881.0], [3300.75, 5966.0], [3299.5, 3778.0], [3299.25, 12657.0], [3298.5, 4364.0], [3298.25, 39031.0], [3298.0, 9083.0], [3297.75, 25405.0], [3296.75, 50385.0], [3294.25, 1107.0], [3293.25, 51785.0], [3293.0, 21961.0], [3292.0, 4432.0]], "asks": [[3303.0, 6906.0], [3303.25, 8350.0], [3303.5, 24269.0], [3303.75, 1548.0], [3304.0, 1500.0], [3304.75, 328.0], [3305.0, 1100.0], [3305.25, 328.0], [3305.5, 1100.0], [3305.75, 4207.0], [3306.0, 14095.0], [3309.5, 25255.0], [3309.75, 24397.0], [3311.5, 49382.0], [3312.0, 40000.0], [3313.5, 11.0], [3313.75, 18699.0], [3314.75, 49000.0], [3318.25, 40000.0], [3320.5, 76725.0]]}}}
{"jsonrpc": "2.0", "method": "subscription", "params": {"channel": "book.ETH-14NOV25.none.20.100ms", "data": {"timestamp": 1762461196007, "change_id": 95453228656, "instrument_name": "ETH-14NOV25", "bids": [[3302.25, 746.0], [3302.0, 4070.0], [3301.75, 4722.0], [3300.0, 273.0], [3299.75, 2924.0], [3299.5, 10497.0], [3299.25, 20293.0], [3299.0, 20247.0], [3298.5, 6572.0], [3298.25, 22016.0], [3297.0, 1912.0], [3296.75, 17397.0], [3296.5, 36821.0], [3296.0, 1323.0], [3295.75, 4431.0], [3294.0, 37925.0], [3293.5, 11.0], [3293.25, 40000.0], [3289.25, 36730.0], [3287.25, 45.0]], "asks": [[3303.0, 1396.0], [3303.25, 5080.0], [3303.5, 1718.0], [3303.75, 1200.0], [3304.0, 746.0], [3304.25, 2500.0], [3307.25, 1842.0], [3307.5, 6170.0], [3307.75, 2.0], [3308.0, 4302.0], [3308.25, 14412.0], [3308.5, 5579.0], [3308.75, 18691.0], [3311.0, 11406.0], [3311.25, 38211.0], [3312.5, 11.0], [3312.75, 400.0], [3313.25, 40000.0], [3313.75, 39275.0], [3314.75, 18299.0]]}}}
{"jsonrpc": "2.0", "method": "subscription", "params": {"channel": "book.ETH-14NOV25.none.20.100ms", "data": {"timestamp": 1762461196409, "change_id": 95453229442, "instrument_name": "ETH-14NOV25", "bids": [[3302.0, 906.0], [3301.75, 2500.0], [3301.5, 1410.0], [3301.25, 4722.0], [3300.0, 273.0], [3299.75, 1109.0], [3299.5, 4417.0], [3299.25, 26373.0], [3299.0, 20247.0], [3298.5, 6572.0], [3298.25, 22016.0], [3296.75, 10991.0], [3296.5, 38733.0], [3296.25, 6406.0], [3296.0, 1323.0], [3295.75, 4431.0], [3294.0, 37925.0], [3293.5, 11.0], [3293.25, 40000.0], [3289.25, 36730.0]], "asks": [[3303.0, 1396.0], [3303.25, 5080.0], [3303.5, 2419.0], [3303.75, 3700.0], [3307.25, 1842.0], [3307.5, 6170.0], [3307.75, 2.0], [3308.0, 4302.0], [3308.25, 14412.0], [3308.5, 5579.0], [3308.75, 18691.0], [3311.0, 11406.0], [3311.25, 38211.0], [3312.5, 11.0], [3312.75, 400.0], [3313.25, 40000.0], [3313.75, 39275.0], [3314.75, 18299.0], [3318.75, 45.0], [3319.0, 40000.0]]}}}
{"jsonrpc": "2.0", "method": "subscription", "params": {"channel": "book.ETH-7NOV25.none.20.100ms", "data": {"timestamp": 1762461196489, "change_id": 95453229506, "instrument_name": "ETH-7NOV25", "bids": [[3302.75, 4187.0], [3302.5, 4755.0], [3302.25, 4755.0], [3302.0, 4754.0], [3301.75, 4754.0], [3301.25, 328.0], [3301.0, 1100.0], [3300.75, 488.0], [3300.5, 4587.0], [3300.25, 3306.0], [3299.75, 12657.0], [3298.5, 4364.0], [3298.25, 24419.0], [3298.0, 9083.0], [3297.75, 25405.0], [3297.0, 14938.0], [3296.75, 50385.0], [3294.25, 1107.0], [3293.25, 51785.0], [3293.0, 21961.0]], "asks": [[3303.0, 6906.0], [3303.25, 8350.0], [3303.5, 24269.0], [3303.75, 1548.0], [3304.0, 1500.0], [3304.75, 328.0], [3305.0, 1100.0], [3305.25, 7825.0], [3305.5, 26355.0], [3305.75, 4207.0], [3306.0, 14095.0], [3309.75, 24397.0], [3311.5, 49382.0], [3312.0, 40000.0], [3313.5, 11.0], [3313.75, 18699.0], [3314.75, 49000.0], [3318.25, 40000.0], [3320.5, 76725.0], [3320.75, 1107.0]]}}}
{"jsonrpc": "2.0", "method": "subscription", "params": {"channel": "book.ETH-14NOV25.none.20.100ms", "data": {"timestamp": 1762461196750, "change_id": 95453230226, "instrument_name": "ETH-14NOV25", "bids": [[3302.0, 906.0], [3301.75, 2500.0], [3301.5, 1410.0], [3301.25, 4722.0], [3300.0, 273.0], [3299.75, 1109.0], [3299.5, 4417.0], [3299.25, 26373.0], [3299.0, 20247.0], [3298.5, 6572.0], [3298.25, 22016.0], [3296.75, 10991.0], [3296.5, 38733.0], [3296.25, 6406.0], [3296.0, 1323.0], [3295.75, 4431.0], [3294.0, 37925.0], [3293.5, 11.0], [3293.25, 40000.0], [3289.25, 36730.0]], "asks": [[3303.0, 1396.0], [3303.25, 5828.0], [3303.5, 4218.0], [3303.75, 1200.0], [3307.25, 1842.0], [3307.5, 6170.0], [3307.75, 2.0], [3308.0, 4302.0], [3308.25, 14412.0], [3308.5, 5579.0], [3308.75, 18691.0], [3311.0, 11406.0], [3311.25, 38211.0], [3312.5, 11.0], [3312.75, 400.0], [3313.25, 40000.0], [3313.75, 39275.0], [3314.75, 18299.0], [3318.75, 45.0], [3319.0, 40000.0]]}}}
{"jsonrpc": "2.0", "method": "subscription", "params": {"channel": "book.ETH-7NOV25.none.20.100ms", "data": {"timestamp": 1762461196761, "change_id": 95453230231, "instrument_name": "ETH-7NOV25", "bids": [[3302.75, 3646.0], [3302.5, 4755.0], [3302.25, 4755.0], [3302.0, 4754.0], [3301.75, 4754.0], [3301.25, 328.0], [3301.0, 1100.0], [3300.75, 1193.0], [3300.5, 4587.0], [3300.25, 3306.0], [3299.75, 12657.0], [3298.5, 4364.0], [3298.25, 24419.0], [3298.0, 9083.0], [3297.75, 25405.0], [3297.0, 14938.0], [3296.75, 50385.0], [3294.25, 1107.0], [3293.25, 51785.0], [3293.0, 21961.0]], "asks": [[3303.0, 6906.0], [3303.25, 1588.0], [3303.5, 1476.0], [3303.75, 1548.0], [3304.0, 1500.0], [3304.75, 328.0], [3305.0, 1100.0], [3305.25, 7825.0], [3305.5, 26355.0], [3305.75, 4207.0], [3306.0, 14095.0], [3309.75, 24397.0], [3311.5, 49382.0], [3312.0, 40000.0], [3313.5, 11.0], [3313.75, 18699.0], [3314.75, 49000.0], [3318.25, 40000.0], [3320.5, 76725.0], [3320.75, 1107.0]]}}}
{"jsonrpc": "2.0", "method": "subscription", "params": {"channel": "book.ETH-7NOV25.none.20.100ms", "data": {"timestamp": 1762461197101, "change_id": 95453231029, "instrument_name": "ETH-7NOV25", "bids": [[3302.5, 4755.0], [3302.25, 4755.0], [3302.0, 4754.0], [3301.75, 4754.0], [3301.25, 328.0], [3301.0, 1100.0], [3300.75, 1193.0], [3300.5, 4587.0], [3300.25, 3306.0], [3300.0, 12657.0], [3298.5, 4364.0], [3298.25, 24419.0], [3298.0, 1500.0], [3297.25, 25405.0], [3297.0, 14938.0], [3296.75, 50385.0], [3294.25, 1107.0], [3293.25, 51785.0], [3293.0, 21961.0], [3292.0, 4432.0]], "asks": [[3302.75, 2660.0], [3303.0, 21108.0], [3303.25, 1428.0], [3303.5, 1476.0], [3303.75, 1548.0], [3304.0, 1500.0], [3304.5, 4789.0], [3304.75, 328.0], [3305.0, 1100.0], [3305.25, 7825.0], [3305.5, 26355.0], [3305.75, 4207.0], [3306.0, 14095.0], [3309.75, 24397.0], [3311.5, 49382.0], [3312.0, 40000.0], [3313.5, 11.0], [3313.75, 18699.0], [3314.75, 49000.0], [3318.25, 40000.0]]}}}
{"jsonrpc": "2.0", "method": "subscription", "params": {"channel": "book.ETH-14NOV25.none.20.100ms", "data": {"timestamp": 1762461197158, "change_id": 95453231041, "instrument_name": "ETH-14NOV25", "bids": [[3302.0, 2660.0], [3301.5, 1410.0], [3301.25, 4722.0], [3300.0, 273.0], [3299.75, 1109.0], [3299.5, 4417.0], [3299.25, 26373.0], [3299.0, 20247.0], [3298.5, 6572.0], [3298.25, 22016.0], [3296.75, 10991.0], [3296.5, 38733.0], [3296.25, 6406.0], [3296.0, 1323.0], [3295.75, 4431.0], [3294.0, 37925.0], [3293.5, 11.0], [3293.25, 40000.0], [3289.25, 36730.0], [3287.25, 45.0]], "asks": [[3303.0, 1396.0], [3303.25, 5828.0], [3303.5, 4218.0], [3303.75, 1200.0], [3307.25, 1842.0], [3307.5, 6170.0], [3307.75, 2.0], [3308.0, 4302.0], [3308.25, 14412.0], [3308.5, 5579.0], [3308.75, 18691.0], [3311.0, 11406.0], [3311.25, 38211.0], [3312.5, 11.0], [3312.75, 400.0], [3313.25, 40000.0], [3313.75, 39275.0], [3314.75, 18299.0], [3318.75, 45.0], [3319.0, 40000.0]]}}}
{"jsonrpc": "2.0", "method": "subscription", "params": {"channel": "book.ETH-14NOV25.none.20.100ms", "data": {"timestamp": 1762461197218, "change_id": 95453231087, "instrument_name": "ETH-14NOV25", "bids": [[3302.25, 794.0], [3302.0, 2660.0], [3301.5, 1410.0], [3301.25, 4722.0], [3300.0, 273.0], [3299.75, 1109.0], [3299.5, 4417.0], [3299.25, 26373.0], [3299.0, 20247.0], [3298.5, 6572.0], [3298.25, 22016.0], [3296.75, 10991.0], [3296.5, 38733.0], [3296.25, 6406.0], [3296.0, 1323.0], [3295.75, 4431.0], [3294.0, 37925.0], [3293.5, 11.0], [3293.25, 40000.0], [3289.25, 36730.0]], "asks": [[3302.75, 1558.0], [3303.0, 2596.0], [3303.25, 6670.0], [3303.5, 2660.0], [3307.25, 1842.0], [3307.5, 6170.0], [3307.75, 2.0], [3308.0, 4302.0], [3308.25, 14412.0], [3308.5, 5579.0], [3308.75, 18691.0], [3311.0, 11406.0], [3311.25, 38211.0], [3312.5, 11.0], [3312.75, 400.0], [3313.25, 40000.0], [3313.75, 39275.0], [3314.75, 18299.0], [3318.75, 45.0], [3319.0, 40000.0]]}}}
{"jsonrpc": "2.0", "method": "subscription", "params": {"channel": "book.ETH-7NOV25.none.20.100ms", "data": {"timestamp": 1762461197251, "change_id": 95453231181, "instrument_name": "ETH-7NOV25", "bids": [[3302.5, 4755.0], [3302.25, 4755.0], [3302.0, 4754.0], [3301.75, 4754.0], [3301.5, 1100.0], [3301.25, 328.0], [3301.0, 1476.0], [3300.75, 2293.0], [3300.5, 4587.0], [3300.25, 3306.0], [3300.0, 12657.0], [3298.5, 6731.0], [3298.25, 24419.0], [3298.0, 1500.0], [3297.25, 25405.0], [3297.0, 14938.0], [3296.75, 50385.0], [3294.25, 1107.0], [3293.25, 51785.0], [3293.0, 21961.0]], "asks": [[3302.75, 2660.0], [3303.0, 21108.0], [3303.25, 1428.0], [3303.5, 1476.0], [3303.75, 1548.0], [3304.0, 1500.0], [3304.5, 4789.0], [3304.75, 328.0], [3305.0, 1100.0], [3305.25, 7825.0], [3305.5, 25255.0], [3305.75, 4207.0], [3306.0, 14095.0], [3309.75, 24397.0], [3311.5, 49382.0], [3312.0, 40000.0], [3313.5, 11.0], [3313.75, 18699.0], [3314.75, 49000.0], [3318.25, 40000.0]]}}}
{"jsonrpc": "2.0", "method": "subscription", "params": {"channel": "book.ETH-14NOV25.none.20.100ms", "data": {"timestamp": 1762461197695, "change_id": 95453232141, "instrument_name": "ETH-14NOV25", "bids": [[3302.0, 746.0], [3301.75, 2500.0], [3301.5, 1410.0], [3301.25, 4882.0], [3300.0, 273.0], [3299.75, 1109.0], [3299.5, 4417.0], [3299.25, 20293.0], [3299.0, 21690.0], [3298.75, 6080.0], [3298.5, 6572.0], [3298.25, 22016.0], [3296.75, 10991.0], [3296.5, 36821.0], [3296.25, 6406.0], [3296.0, 1323.0], [3295.75, 4431.0], [3294.0, 37925.0], [3293.5, 11.0], [3293.25, 40000.0]], "asks": [[3302.5, 1722.0], [3302.75, 6280.0], [3303.0, 2756.0], [3303.25, 4058.0], [3306.25, 4353.0], [3306.5, 14584.0], [3307.25, 1842.0], [3307.5, 6170.0], [3307.75, 2.0], [3308.5, 5579.0], [3308.75, 18691.0], [3311.0, 11406.0], [3311.25, 38211.0], [3312.5, 11.0], [3312.75, 400.0], [3313.25, 40000.0], [3313.75, 39275.0], [3314.75, 18299.0], [3318.75, 45.0], [3319.0, 40000.0]]}}}
{"jsonrpc": "2.0", "method": "subscription", "params": {"channel": "book.ETH-7NOV25.none.20.100ms", "data": {"timestamp": 1762461197819, "change_id": 95453232521, "instrument_name": "ETH-7NOV25", "bids": [[3302.5, 4755.0], [3302.25, 4755.0], [3302.0, 4754.0], [3301.75, 4754.0], [3301.5, 1100.0], [3301.25, 328.0], [3301.0, 1476.0], [3300.75, 2293.0], [3300.5, 4587.0], [3300.25, 3306.0], [3299.0, 12657.0], [3298.5, 6731.0], [3298.25, 24419.0], [3298.0, 1500.0], [3297.5, 25405.0], [3297.0, 14938.0], [3296.75, 50385.0], [3294.25, 1107.0], [3293.25, 51785.0], [3293.0, 21961.0]], "asks": [[3302.75, 12660.0], [3303.0, 20962.0], [3303.25, 1428.0], [3303.5, 1476.0], [3303.75, 1548.0], [3304.0, 1500.0], [3304.25, 14091.0], [3304.5, 4789.0], [3304.75, 328.0], [3305.0, 1100.0], [3305.25, 7825.0], [3305.5, 25255.0], [3309.75, 24397.0], [3311.5, 49382.0], [3312.0, 40000.0], [3313.5, 11.0], [3313.75, 18699.0], [3314.75, 49000.0], [3318.25, 40000.0], [3320.5, 76725.0]]}}}
{"jsonrpc": "2.0", "method": "subscription", "params": {"channel": "book.ETH-14NOV25.none.20.100ms", "data": {"timestamp": 1762461198133, "change_id": 95453233343, "instrument_name": "ETH-14NOV25", "bids": [[3301.5, 746.0], [3301.25, 2500.0], [3301.0, 1410.0], [3300.75, 4722.0], [3300.5, 160.0], [3300.0, 273.0], [3299.75, 1109.0], [3299.5, 4417.0], [3299.25, 15244.0], [3299.0, 1501.0], [3298.5, 6572.0], [3298.25, 27513.0], [3298.0, 18416.0], [3297.75, 1815.0], [3297.5, 6080.0], [3296.75, 10991.0], [3296.5, 36821.0], [3296.0, 1323.0], [3295.75, 4431.0], [3295.5, 6406.0]], "asks": [[3302.5, 1722.0], [3302.75, 5080.0], [3303.0, 2756.0], [3303.25, 4058.0], [3306.25, 4353.0], [3306.5, 14584.0], [3307.25, 1842.0], [3307.5, 6170.0], [3307.75, 2.0], [3309.5, 18691.0], [3311.0, 11406.0], [3311.25, 38211.0], [3312.5, 11.0], [3312.75, 400.0], [3313.25, 40000.0], [3313.75, 39275.0], [3314.75, 18299.0], [3318.75, 45.0], [3319.0, 40000.0], [3320.5, 36483.0]]}}}
{"jsonrpc": "2.0", "method": "subscription", "params": {"channel": "book.ETH-7NOV25.none.20.100ms", "data": {"timestamp": 1762461198145, "change_id": 95453233383, "instrument_name": "ETH-7NOV25", "bids": [[3302.25, 3563.0], [3302.0, 4754.0], [3301.75, 4754.0], [3301.5, 1100.0], [3301.0, 1100.0], [3300.75, 1428.0], [3300.5, 1100.0], [3300.25, 1638.0], [3300.0, 5806.0], [3299.75, 160.0], [3298.75, 12657.0], [3298.25, 9.0], [3298.0, 1500.0], [3297.5, 24410.0], [3297.0, 29978.0], [3296.75, 75790.0], [3294.25, 1107.0], [3293.25, 51385.0], [3293.0, 21961.0], [3292.0, 4432.0]], "asks": [[3302.5, 2500.0], [3302.75, 16349.0], [3303.0, 20962.0], [3303.25, 1428.0], [3303.5, 1476.0], [3303.75, 1548.0], [3304.0, 1500.0], [3304.25, 14091.0], [3304.5, 4789.0], [3305.25, 7825.0], [3305.5, 25255.0], [3309.75, 24397.0], [3311.5, 49382.0], [3312.0, 40000.0], [3313.5, 11.0], [3313.75, 18699.0], [3314.75, 49000.0], [3318.25, 40000.0], [3320.5, 76725.0], [3320.75, 1107.0]]}}}
{"jsonrpc": "2.0", "method": "subscription", "params": {"channel": "book.ETH-7NOV25.none.20.100ms", "data": {"timestamp": 1762461198460, "change_id": 95453234065, "instrument_name": "ETH-7NOV25", "bids": [[3302.0, 4754.0], [3301.75, 4754.0], [3300.5, 1428.0], [3300.25, 2738.0], [3300.0, 6906.0], [3299.75, 160.0], [3298.75, 3778.0], [3298.5, 12657.0], [3298.25, 457.0], [3298.0, 1500.0], [3297.75, 7286.0], [3297.5, 24410.0], [3297.25, 4459.0], [3297.0, 29978.0], [3296.75, 50385.0], [3296.5, 25405.0], [3294.25, 1107.0], [3293.25, 51385.0], [3293.0, 21961.0], [3292.0, 4432.0]], "asks": [[3302.25, 2660.0], [3302.5, 13.0], [3302.75, 6189.0], [3303.0, 20962.0], [3303.25, 1428.0], [3303.5, 1476.0], [3303.75, 1548.0], [3304.0, 5706.0], [3304.25, 15521.0], [3304.5, 4789.0], [3305.25, 7825.0], [3305.5, 25255.0], [3309.75, 24397.0], [3311.5, 49382.0], [3312.0, 40000.0], [3313.5, 11.0], [3313.75, 18699.0], [3314.75, 49000.0], [3318.25, 40000.0], [3320.5, 76725.0]]}}}
{"jsonrpc": "2.0", "method": "subscription", "params": {"channel": "book.ETH-14NOV25.none.20.100ms", "data": {"timestamp": 1762461198462, "change_id": 95453234048, "instrument_name": "ETH-14NOV25", "bids": [[3301.75, 746.0], [3301.5, 2500.0], [3301.0, 1410.0], [3300.75, 4722.0], [3300.5, 160.0], [3299.75, 2.0], [3299.5, 4417.0], [3299.25, 14796.0], [3298.5, 6572.0], [3298.25, 22016.0], [3298.0, 448.0], [3297.75, 8581.0], [3297.5, 24496.0], [3296.75, 10991.0], [3296.5, 36821.0], [3296.0, 1323.0], [3295.75, 4431.0], [3295.5, 6406.0], [3294.25, 1107.0], [3294.0, 37525.0]], "asks": [[3302.25, 5080.0], [3302.5, 1558.0], [3302.75, 1948.0], [3303.0, 2660.0], [3306.25, 4353.0], [3306.5, 14584.0], [3307.25, 1842.0], [3307.5, 6170.0], [3307.75, 2.0], [3309.5, 18691.0], [3311.0, 11406.0], [3311.25, 38211.0], [3312.5, 11.0], [3312.75, 400.0], [3313.25, 40000.0], [3313.75, 39275.0], [3314.75, 18299.0], [3318.75, 45.0], [3319.0, 40000.0], [3320.5, 36483.0]]}}}
{"jsonrpc": "2.0", "method": "subscription", "params": {"channel": "book.ETH-14NOV25.none.20.100ms", "data": {"timestamp": 1762461198782, "change_id": 95453235724, "instrument_name": "ETH-14NOV25", "bids": [[3301.5, 2500.0], [3300.5, 1570.0], [3300.25, 4722.0], [3299.75, 2.0], [3299.5, 4417.0], [3299.25, 14796.0], [3298.0, 448.0], [3297.75, 8581.0], [3297.5, 24496.0], [3296.75, 10991.0], [3296.5, 36821.0], [3296.0, 1323.0], [3295.75, 4431.0], [3295.5, 1912.0], [3295.25, 6406.0], [3294.25, 1107.0], [3294.0, 37525.0], [3293.5, 22045.0], [3293.25, 40000.0], [3291.75, 400.0]], "asks": [[3302.0, 1410.0], [3302.25, 5080.0], [3302.5, 2419.0], [3302.75, 4058.0], [3306.25, 4353.0], [3306.5, 14584.0], [3307.25, 1842.0], [3307.5, 6170.0], [3307.75, 2.0], [3309.5, 18691.0], [3311.0, 11406.0], [3311.25, 38211.0], [3312.5, 11.0], [3312.75, 400.0], [3313.25, 40000.0], [3313.75, 39275.0], [3314.75, 18299.0], [3318.75, 45.0], [3319.0, 40000.0], [3320.5, 36483.0]]}}}
{"jsonrpc": "2.0", "method": "subscription", "params": {"channel": "book.ETH-7NOV25.none.20.100ms", "data": {"timestamp": 1762461198797, "change_id": 95453235799, "instrument_name": "ETH-7NOV25", "bids": [[3302.0, 4754.0], [3301.75, 4754.0], [3300.5, 1428.0], [3300.25, 1846.0], [3300.0, 3600.0], [3299.75, 1147.0], [3299.5, 3306.0], [3298.5, 3781.0], [3298.25, 13114.0], [3298.0, 1500.0], [3297.75, 7286.0], [3297.5, 24410.0], [3297.25, 4459.0], [3297.0, 29978.0], [3296.75, 50385.0], [3296.25, 25405.0], [3294.25, 1107.0], [3293.25, 51385.0], [3293.0, 21961.0], [3292.0, 4432.0]], "asks": [[3302.25, 12658.0], [3302.5, 22785.0], [3302.75, 1315.0], [3303.0, 4636.0], [3303.25, 1428.0], [3303.5, 1476.0], [3303.75, 1548.0], [3304.0, 5706.0], [3304.25, 15521.0], [3304.5, 4789.0], [3305.25, 7825.0], [3305.5, 25255.0], [3309.75, 24397.0], [3311.5, 49382.0], [3312.0, 40000.0], [3313.5, 11.0], [3313.75, 18699.0], [3314.75, 49000.0], [3318.25, 40000.0], [3320.5, 76725.0]]}}}
{"jsonrpc": "2.0", "method": "subscription", "params": {"channel": "book.ETH-14NOV25.none.20.100ms", "data": {"timestamp": 1762461199030, "change_id": 95453236412, "instrument_name": "ETH-14NOV25", "bids": [[3301.5, 2500.0], [3301.0, 160.0], [3300.5, 1410.0], [3300.25, 4722.0], [3299.75, 2.0], [3299.5, 4417.0], [3299.25, 14796.0], [3298.0, 448.0], [3297.75, 8581.0], [3297.5, 24496.0], [3296.75, 10991.0], [3296.5, 36821.0], [3296.0, 1323.0], [3295.75, 4431.0], [3295.5, 1912.0], [3295.25, 6406.0], [3294.25, 1107.0], [3294.0, 37525.0], [3293.5, 22045.0], [3293.25, 40000.0]], "asks": [[3302.0, 1410.0], [3302.25, 5080.0], [3302.5, 2419.0], [3302.75, 4058.0], [3306.25, 4353.0], [3306.5, 14584.0], [3307.25, 1842.0], [3307.5, 6170.0], [3307.75, 2.0], [3309.5, 18691.0], [3311.0, 11406.0], [3311.25, 38211.0], [3312.5, 11.0], [3312.75, 400.0], [3313.25, 40000.0], [3313.75, 39275.0], [3314.75, 18299.0], [3318.75, 45.0], [3319.0, 40000.0], [3320.5, 36483.0]]}}}
{"jsonrpc": "2.0", "method": "subscription", "params": {"channel": "book.ETH-14NOV25.none.20.100ms", "data": {"timestamp": 1762461199459, "change_id": 95453236754, "instrument_name": "ETH-14NOV25", "bids": [[3301.5, 2500.0], [3301.0, 160.0], [3300.5, 1410.0], [3300.25, 4722.0], [3299.75, 2.0], [3299.5, 4417.0], [3299.25, 14796.0], [3298.0, 448.0], [3297.75, 8581.0], [3297.5, 24496.0], [3296.75, 10991.0], [3296.5, 36821.0], [3296.0, 1323.0], [3295.75, 4431.0], [3295.5, 1912.0], [3295.25, 6406.0], [3294.25, 1107.0], [3294.0, 37525.0], [3293.5, 22045.0], [3293.25, 40000.0]], "asks": [[3302.0, 2610.0], [3302.25, 7028.0], [3302.5, 4218.0], [3306.25, 4353.0], [3306.5, 14584.0], [3307.25, 1842.0], [3307.5, 6170.0], [3307.75, 2.0], [3309.5, 18691.0], [3311.0, 11406.0], [3311.25, 38211.0], [3312.5, 11.0], [3312.75, 400.0], [3313.25, 40000.0], [3313.75, 39275.0], [3314.75, 18299.0], [3318.75, 45.0], [3319.0, 40000.0], [3320.5, 36483.0], [3321.75, 4431.0]]}}}
{"jsonrpc": "2.0", "method": "subscription", "params": {"channel": "book.ETH-7NOV25.none.20.100ms", "data": {"timestamp": 1762461199391, "change_id": 95453236725, "instrument_name": "ETH-7NOV25", "bids": [[3301.75, 4754.0], [3300.75, 1100.0], [3300.5, 1428.0], [3300.25, 1846.0], [3300.0, 3976.0], [3299.75, 2247.0], [3299.5, 3306.0], [3298.5, 3781.0], [3298.25, 13114.0], [3298.0, 1500.0], [3297.75, 7286.0], [3297.5, 24410.0], [3297.25, 4459.0], [3297.0, 29978.0], [3296.75, 50385.0], [3296.25, 25405.0], [3294.25, 1107.0], [3293.25, 51385.0], [3293.0, 21961.0], [3292.0, 4432.0]], "asks": [[3302.0, 2500.0], [3302.25, 16959.0], [3302.5, 22785.0], [3302.75, 1315.0], [3303.0, 4636.0], [3303.25, 1428.0], [3303.5, 1476.0], [3303.75, 1548.0], [3304.0, 5706.0], [3304.25, 15521.0], [3304.5, 4789.0], [3305.25, 7825.0], [3305.5, 25255.0], [3309.75, 24397.0], [3311.5, 49382.0], [3311.75, 400.0], [3312.0, 40000.0], [3313.5, 11.0], [3313.75, 18299.0], [3314.75, 49000.0]]}}}
{"jsonrpc": "2.0", "method": "subscription", "params": {"channel": "book.ETH-14NOV25.none.20.100ms", "data": {"timestamp": 1762461199765, "change_id": 95453237583, "instrument_name": "ETH-14NOV25", "bids": [[3301.75, 746.0], [3301.5, 2500.0], [3301.0, 1570.0], [3300.75, 4722.0], [3299.5, 4417.0], [3299.25, 14796.0], [3297.75, 7080.0], [3297.5, 24496.0], [3296.75, 10991.0], [3296.5, 36821.0], [3296.0, 1323.0], [3295.75, 4431.0], [3295.5, 1912.0], [3295.25, 6406.0], [3294.25, 1109.0], [3294.0, 37525.0], [3293.5, 22045.0], [3293.25, 40000.0], [3291.75, 400.0], [3289.25, 36730.0]], "asks": [[3302.5, 1364.0], [3302.75, 5468.0], [3303.0, 2500.0], [3303.25, 160.0], [3306.25, 4353.0], [3306.5, 14584.0], [3307.25, 1842.0], [3307.5, 6170.0], [3307.75, 2.0], [3309.25, 5579.0], [3309.5, 18691.0], [3311.0, 11406.0], [3311.25, 38211.0], [3312.5, 11.0], [3312.75, 400.0], [3313.25, 40000.0], [3313.75, 39275.0], [3314.75, 18299.0], [3318.75, 45.0], [3319.0, 40000.0]]}}}
{"jsonrpc": "2.0", "method": "subscription", "params": {"channel": "book.ETH-7NOV25.none.20.100ms", "data": {"timestamp": 1762461199773, "change_id": 95453237626, "instrument_name": "ETH-7NOV25", "bids": [[3301.75, 4754.0], [3301.0, 328.0], [3300.75, 1428.0], [3300.5, 2180.0], [3300.25, 4088.0], [3300.0, 1476.0], [3299.75, 2087.0], [3299.5, 3306.0], [3298.5, 3781.0], [3298.25, 13114.0], [3298.0, 1500.0], [3297.75, 7286.0], [3297.5, 24410.0], [3297.25, 4459.0], [3297.0, 29978.0], [3296.75, 50385.0], [3296.25, 25405.0], [3294.25, 1107.0], [3293.25, 51385.0], [3293.0, 21961.0]], "asks": [[3302.0, 2513.0], [3302.25, 6961.0], [3302.5, 22785.0], [3302.75, 1315.0], [3303.0, 4636.0], [3303.25, 1428.0], [3303.5, 1476.0], [3303.75, 1548.0], [3304.0, 5706.0], [3304.25, 15521.0], [3304.5, 4789.0], [3305.25, 7825.0], [3305.5, 25255.0], [3309.75, 24397.0], [3311.5, 49382.0], [3311.75, 400.0], [3312.0, 40000.0], [3313.5, 11.0], [3313.75, 18299.0], [3314.75, 49000.0]]}}}
{"jsonrpc": "2.0", "method": "subscription", "params": {"channel": "book.ETH-14NOV25.none.20.100ms", "data": {"timestamp": 1762461199991, "change_id": 95453238744, "instrument_name": "ETH-14NOV25", "bids": [[3302.0, 746.0], [3301.75, 2500.0], [3301.5, 160.0], [3301.0, 1410.0], [3300.75, 4722.0], [3299.5, 4417.0], [3299.25, 14796.0], [3298.5, 448.0], [3298.25, 1501.0], [3298.0, 1815.0], [3297.75, 13160.0], [3297.5, 18416.0], [3297.25, 330.0], [3297.0, 1107.0], [3296.75, 10991.0], [3296.5, 36821.0], [3296.0, 1323.0], [3295.75, 4431.0], [3295.5, 1912.0], [3295.25, 6406.0]], "asks": [[3302.5, 1364.0], [3302.75, 4722.0], [3303.0, 794.0], [3303.25, 2660.0], [3306.25, 4353.0], [3306.5, 14584.0], [3307.25, 1842.0], [3307.5, 6170.0], [3307.75, 2.0], [3309.25, 5579.0], [3309.5, 18691.0], [3311.0, 11406.0], [3311.25, 38211.0], [3312.5, 11.0], [3312.75, 400.0], [3313.25, 40000.0], [3313.75, 39275.0], [3314.75, 18299.0], [3318.75, 45.0], [3319.0, 40000.0]]}}}
{"jsonrpc": "2.0", "method": "subscription", "params": {"channel": "book.ETH-7NOV25.none.20.100ms", "data": {"timestamp": 1762461200114, "change_id": 95453238963, "instrument_name": "ETH-7NOV25", "bids": [[3301.75, 4754.0], [3301.0, 328.0], [3300.75, 2293.0], [3300.5, 3928.0], [3300.25, 1428.0], [3300.0, 1476.0], [3299.75, 2087.0], [3299.5, 3306.0], [3298.5, 3781.0], [3298.25, 13114.0], [3297.75, 7286.0], [3297.5, 24410.0], [3297.25, 4459.0], [3297.0, 31479.0], [3296.75, 50385.0], [3296.25, 25405.0], [3294.25, 1107.0], [3293.25, 51385.0], [3293.0, 21961.0], [3292.0, 4432.0]], "asks": [[3302.0, 2513.0], [3302.25, 6961.0], [3302.5, 22785.0], [3302.75, 1315.0], [3303.0, 4636.0], [3303.25, 1428.0], [3303.5, 1476.0], [3303.75, 1548.0], [3304.0, 5706.0], [3304.25, 15521.0], [3304.5, 4789.0], [3305.25, 7825.0], [3305.5, 25255.0], [3309.75, 24397.0], [3311.5, 49382.0], [3311.75, 400.0], [3312.0, 40000.0], [3313.5, 11.0], [3313.75, 18299.0], [3314.75, 49000.0]]}}}
{"jsonrpc": "2.0", "method": "subscription", "params": {"channel": "book.ETH-7NOV25.none.20.100ms", "data": {"timestamp": 1762461200353, "change_id": 95453239298, "instrument_name": "ETH-7NOV25", "bids": [[3301.75, 4754.0], [3301.0, 1100.0], [3300.75, 2133.0], [3300.5, 3928.0], [3300.25, 1428.0], [3300.0, 1636.0], [3299.75, 2087.0], [3299.5, 3306.0], [3298.5, 3781.0], [3298.25, 13114.0], [3297.75, 7286.0], [3297.5, 24410.0], [3297.25, 4459.0], [3297.0, 31479.0], [3296.75, 50385.0], [3296.25, 25405.0], [3294.25, 1107.0], [3293.25, 51385.0], [3293.0, 21961.0], [3292.0, 4432.0]], "asks": [[3302.0, 2513.0], [3302.25, 6961.0], [3302.5, 22785.0], [3302.75, 1315.0], [3303.0, 4636.0], [3303.25, 1428.0], [3303.5, 1476.0], [3303.75, 1548.0], [3304.0, 5706.0], [3304.25, 15521.0], [3304.5, 4789.0], [3305.25, 7825.0], [3305.5, 25255.0], [3309.75, 24397.0], [3311.5, 49382.0], [3311.75, 400.0], [3312.0, 40000.0], [3313.5, 11.0], [3313.75, 18299.0], [3314.75, 49000.0]]}}}
{"jsonrpc": "2.0", "method": "subscription", "params": {"channel": "book.ETH-14NOV25.none.20.100ms", "data": {"timestamp": 1762461200364, "change_id": 95453239385, "instrument_name": "ETH-14NOV25", "bids": [[3301.75, 2500.0], [3301.0, 1410.0], [3300.75, 4882.0], [3299.5, 4417.0], [3299.25, 14796.0], [3298.5, 448.0], [3298.25, 1501.0], [3298.0, 1815.0], [3297.75, 13160.0], [3297.5, 18416.0], [3297.25, 330.0], [3297.0, 1107.0], [3296.75, 10991.0], [3296.5, 36821.0], [3296.0, 1323.0], [3295.75, 4431.0], [3295.5, 1912.0], [3295.25, 6406.0], [3294.25, 2.0], [3294.0, 37525.0]], "asks": [[3302.5, 1364.0], [3302.75, 5080.0], [3303.0, 1994.0], [3303.25, 2660.0], [3306.25, 4353.0], [3306.5, 14584.0], [3307.25, 1842.0], [3307.5, 6170.0], [3307.75, 2.0], [3309.25, 5579.0], [3309.5, 18691.0], [3311.0, 11406.0], [3311.25, 38211.0], [3312.5, 11.0], [3312.75, 400.0], [3313.25, 40000.0], [3313.75, 39275.0], [3314.75, 18299.0], [3318.75, 45.0], [3319.0, 40000.0]]}}}
{"jsonrpc": "2.0", "method": "subscription", "params": {"channel": "book.ETH-14NOV25.none.20.100ms", "data": {"timestamp": 1762461200735, "change_id": 95453240257, "instrument_name": "ETH-14NOV25", "bids": [[3302.0, 746.0], [3301.75, 2500.0], [3301.25, 160.0], [3301.0, 1410.0], [3300.75, 4722.0], [3299.5, 4417.0], [3299.25, 14796.0], [3298.5, 448.0], [3298.25, 1501.0], [3298.0, 1815.0], [3297.75, 13160.0], [3297.5, 18416.0], [3297.25, 330.0], [3297.0, 1107.0], [3296.75, 10991.0], [3296.5, 36821.0], [3296.0, 1323.0], [3295.75, 4431.0], [3295.5, 1912.0], [3295.25, 6406.0]], "asks": [[3302.5, 1364.0], [3302.75, 5781.0], [3303.0, 3700.0], [3303.25, 160.0], [3306.25, 4353.0], [3306.5, 14584.0], [3307.25, 1842.0], [3307.5, 6170.0], [3307.75, 2.0], [3309.25, 5579.0], [3309.5, 18691.0], [3311.0, 11406.0], [3311.25, 38211.0], [3312.5, 11.0], [3312.75, 400.0], [3313.25, 40000.0], [3313.75, 39275.0], [3314.75, 18299.0], [3318.75, 45.0], [3319.0, 40000.0]]}}}
{"jsonrpc": "2.0", "method": "subscription", "params": {"channel": "book.ETH-7NOV25.none.20.100ms", "data": {"timestamp": 1762461201060, "change_id": 95453242118, "instrument_name": "ETH-7NOV25", "bids": [[3302.0, 5853.0], [3301.25, 1321.0], [3301.0, 4894.0], [3300.75, 2133.0], [3300.5, 3928.0], [3300.25, 1428.0], [3300.0, 1476.0], [3299.75, 1100.0], [3299.5, 3778.0], [3299.25, 12657.0], [3298.25, 9.0], [3297.75, 7286.0], [3297.5, 31993.0], [3297.25, 29864.0], [3297.0, 31479.0], [3296.75, 50385.0], [3294.25, 1107.0], [3293.25, 51385.0], [3293.0, 21961.0], [3292.0, 4432.0]], "asks": [[3303.0, 2794.0], [3303.25, 10987.0], [3303.5, 3682.0], [3303.75, 1708.0], [3304.0, 5706.0], [3304.25, 15521.0], [3304.5, 4789.0], [3305.25, 7825.0], [3305.5, 25255.0], [3309.5, 7283.0], [3309.75, 24397.0], [3311.5, 49382.0], [3311.75, 400.0], [3312.0, 40000.0], [3313.5, 11.0], [3313.75, 18299.0], [3314.75, 49000.0], [3318.25, 40000.0], [3320.5, 76725.0], [3320.75, 1107.0]]}}}
{"jsonrpc": "2.0", "method": "subscription", "params": {"channel": "book.ETH-14NOV25.none.20.100ms", "data": {"timestamp": 1762461201070, "change_id": 95453242179, "instrument_name": "ETH-14NOV25", "bids": [[3302.25, 160.0], [3302.0, 2108.0], [3301.75, 7222.0], [3299.5, 4417.0], [3299.25, 14796.0], [3298.75, 1815.0], [3298.5, 6080.0], [3297.75, 7080.0], [3297.5, 18416.0], [3297.25, 330.0], [3297.0, 1107.0], [3296.75, 10991.0], [3296.5, 38733.0], [3296.25, 6406.0], [3296.0, 1323.0], [3295.75, 4431.0], [3294.25, 2.0], [3294.0, 37525.0], [3293.5, 22045.0], [3293.25, 40000.0]], "asks": [[3303.25, 1275.0], [3303.5, 4722.0], [3303.75, 358.0], [3304.0, 1558.0], [3304.25, 1200.0], [3304.5, 160.0], [3305.75, 358.0], [3306.0, 1200.0], [3306.25, 4353.0], [3306.5, 14584.0], [3307.25, 1842.0], [3307.5, 6170.0], [3307.75, 2.0], [3309.25, 5579.0], [3309.5, 18691.0], [3311.0, 11406.0], [3311.25, 38211.0], [3312.5, 11.0], [3312.75, 400.0], [3313.25, 40000.0]]}}}
{"jsonrpc": "2.0", "method": "subscription", "params": {"channel": "book.ETH-14NOV25.none.20.100ms", "data": {"timestamp": 1762461201442, "change_id": 95453242707, "instrument_name": "ETH-14NOV25", "bids": [[3302.75, 746.0], [3302.5, 2500.0], [3302.25, 160.0], [3302.0, 1314.0], [3301.75, 4722.0], [3299.5, 4417.0], [3299.25, 15244.0], [3299.0, 1501.0], [3298.25, 1815.0], [3298.0, 6080.0], [3297.75, 7080.0], [3297.5, 18416.0], [3297.25, 330.0], [3297.0, 1107.0], [3296.75, 10991.0], [3296.5, 38733.0], [3296.25, 6406.0], [3296.0, 1323.0], [3295.75, 4431.0], [3294.25, 2.0]], "asks": [[3303.25, 1275.0], [3303.5, 4722.0], [3303.75, 1059.0], [3304.0, 4058.0], [3304.25, 1200.0], [3304.5, 160.0], [3305.75, 358.0], [3306.0, 1200.0], [3306.25, 4353.0], [3306.5, 14584.0], [3307.25, 1842.0], [3307.5, 6170.0], [3307.75, 2.0], [3309.25, 5579.0], [3309.5, 18691.0], [3311.0, 11406.0], [3311.25, 38211.0], [3312.5, 11.0], [3312.75, 400.0], [3313.25, 40000.0]]}}}
{"jsonrpc": "2.0", "method": "subscription", "params": {"channel": "book.ETH-7NOV25.none.20.100ms", "data": {"timestamp": 1762461201434, "change_id": 95453242702, "instrument_name": "ETH-7NOV25", "bids": [[3302.25, 1100.0], [3302.0, 4753.0], [3301.75, 376.0], [3301.5, 1260.0], [3301.25, 1893.0], [3301.0, 6906.0], [3298.75, 3778.0], [3298.5, 12657.0], [3298.25, 9.0], [3297.75, 7286.0], [3297.5, 31993.0], [3297.25, 29864.0], [3297.0, 31479.0], [3296.75, 50385.0], [3294.25, 1107.0], [3293.25, 51385.0], [3293.0, 21961.0], [3292.75, 400.0], [3292.0, 4432.0], [3291.5, 18.0]], "asks": [[3302.5, 2500.0], [3302.75, 11.0], [3303.0, 328.0], [3303.25, 3488.0], [3303.5, 8751.0], [3303.75, 1708.0], [3304.0, 5706.0], [3304.25, 15521.0], [3304.5, 4789.0], [3305.25, 7825.0], [3305.5, 25255.0], [3309.5, 7283.0], [3309.75, 24397.0], [3311.5, 49382.0], [3311.75, 400.0], [3312.0, 40000.0], [3313.5, 11.0], [3313.75, 18299.0], [3314.75, 49000.0], [3318.25, 40000.0]]}}}
{"jsonrpc": "2.0", "method": "subscription", "params": {"channel": "book.ETH-7NOV25.none.20.100ms", "data": {"timestamp": 1762461201596, "change_id": 95453243262, "instrument_name": "ETH-7NOV25", "bids": [[3302.25, 1100.0], [3302.0, 4753.0], [3301.75, 376.0], [3301.5, 2006.0], [3301.25, 3821.0], [3301.0, 4406.0], [3298.75, 3778.0], [3298.5, 12657.0], [3298.25, 9.0], [3297.75, 7286.0], [3297.5, 31993.0], [3297.25, 29864.0], [3297.0, 31479.0], [3296.75, 50385.0], [3294.25, 1107.0], [3293.25, 51385.0], [3293.0, 21961.0], [3292.75, 400.0], [3292.0, 4432.0], [3291.5, 18.0]], "asks": [[3302.5, 2500.0], [3303.0, 328.0], [3303.25, 3648.0], [3303.5, 8751.0], [3303.75, 1548.0], [3304.0, 5706.0], [3304.25, 15521.0], [3304.5, 4789.0], [3305.25, 7825.0], [3305.5, 25255.0], [3309.5, 7283.0], [3309.75, 24397.0], [3311.5, 49382.0], [3311.75, 400.0], [3312.0, 40000.0], [3313.5, 11.0], [3313.75, 18299.0], [3314.75, 49000.0], [3318.25, 40000.0], [3320.5, 76725.0]]}}}
{"jsonrpc": "2.0", "method": "subscription", "params": {"channel": "book.ETH-14NOV25.none.20.100ms", "data": {"timestamp": 1762461202080, "change_id": 95453245210, "instrument_name": "ETH-14NOV25", "bids": [[3303.0, 746.0], [3302.75, 2500.0], [3302.25, 1982.0], [3302.0, 7417.0], [3301.75, 4722.0], [3299.5, 4417.0], [3299.25, 15244.0], [3299.0, 1501.0], [3298.25, 1815.0], [3298.0, 6080.0], [3297.75, 7080.0], [3297.5, 18416.0], [3297.25, 330.0], [3297.0, 1107.0], [3296.75, 10991.0], [3296.5, 38733.0], [3296.25, 6406.0], [3296.0, 1323.0], [3295.75, 4431.0], [3294.25, 2.0]], "asks": [[3303.75, 1632.0], [3304.0, 6280.0], [3304.25, 1200.0], [3304.5, 160.0], [3305.25, 358.0], [3305.5, 1200.0], [3305.75, 358.0], [3306.0, 1200.0], [3307.25, 1842.0], [3307.5, 10374.0], [3307.75, 14085.0], [3309.25, 5579.0], [3309.5, 18691.0], [3311.0, 11406.0], [3311.25, 38211.0], [3312.5, 11.0], [3312.75, 400.0], [3313.25, 40000.0], [3313.75, 39275.0], [3314.75, 18299.0]]}}}
{"jsonrpc": "2.0", "method": "subscription", "params": {"channel": "book.ETH-7NOV25.none.20.100ms", "data": {"timestamp": 1762461202022, "change_id": 95453245101, "instrument_name": "ETH-7NOV25", "bids": [[3302.25, 2519.0], [3302.0, 4753.0], [3301.75, 1074.0], [3301.5, 3760.0], [3301.25, 1321.0], [3301.0, 4406.0], [3299.0, 12657.0], [3298.25, 9.0], [3297.75, 7286.0], [3297.5, 31993.0], [3297.25, 29864.0], [3297.0, 31479.0], [3296.75, 50385.0], [3294.25, 1107.0], [3293.25, 51385.0], [3293.0, 21961.0], [3292.75, 400.0], [3292.0, 4432.0], [3291.5, 18.0], [3291.25, 40000.0]], "asks": [[3302.75, 10000.0], [3303.25, 1561.0], [3303.5, 5445.0], [3303.75, 1548.0], [3304.0, 5906.0], [3304.25, 1430.0], [3304.5, 4789.0], [3305.25, 21749.0], [3305.5, 25255.0], [3309.5, 7283.0], [3309.75, 24397.0], [3311.5, 49382.0], [3311.75, 400.0], [3312.0, 40000.0], [3313.5, 11.0], [3313.75, 18299.0], [3314.75, 49000.0], [3318.25, 40000.0], [3320.5, 76725.0], [3320.75, 1107.0]]}}}
{"jsonrpc": "2.0", "method": "subscription", "params": {"channel": "book.ETH-14NOV25.none.20.100ms", "data": {"timestamp": 1762461202329, "change_id": 95453245611, "instrument_name": "ETH-14NOV25", "bids": [[3302.25, 1822.0], [3302.0, 7577.0], [3301.75, 4722.0], [3299.5, 4417.0], [3299.25, 15244.0], [3299.0, 1501.0], [3298.25, 1815.0], [3298.0, 6080.0], [3297.75, 7080.0], [3297.5, 18416.0], [3297.25, 330.0], [3297.0, 1107.0], [3296.75, 10991.0], [3296.5, 38733.0], [3296.25, 6406.0], [3296.0, 1323.0], [3295.75, 4431.0], [3294.25, 2.0], [3294.0, 37525.0], [3293.75, 400.0]], "asks": [[3303.25, 1285.0], [3303.5, 5080.0], [3303.75, 1558.0], [3304.0, 2259.0], [3304.25, 3700.0], [3304.5, 160.0], [3307.25, 1842.0], [3307.5, 10374.0], [3307.75, 14085.0], [3309.25, 5579.0], [3309.5, 18691.0], [3311.0, 11406.0], [3311.25, 38211.0], [3312.5, 11.0], [3312.75, 400.0], [3313.25, 40000.0], [3313.75, 39275.0], [3314.75, 18299.0], [3318.75, 45.0], [3319.0, 40000.0]]}}}
{"jsonrpc": "2.0", "method": "subscription", "params": {"channel": "book.ETH-7NOV25.none.20.100ms", "data": {"timestamp": 1762461202286, "change_id": 95453245534, "instrument_name": "ETH-7NOV25", "bids": [[3302.25, 1100.0], [3302.0, 5081.0], [3301.75, 1476.0], [3301.5, 1588.0], [3301.25, 1428.0], [3301.0, 3306.0], [3299.0, 12657.0], [3298.25, 9.0], [3297.75, 7286.0], [3297.5, 31993.0], [3297.25, 29864.0], [3297.0, 31479.0], [3296.75, 50385.0], [3294.25, 1107.0], [3293.25, 51385.0], [3293.0, 21961.0], [3292.75, 400.0], [3292.0, 4432.0], [3291.5, 18.0], [3291.25, 40000.0]], "asks": [[3302.75, 746.0], [3303.0, 2500.0], [3303.25, 160.0], [3303.5, 376.0], [3303.75, 2806.0], [3304.0, 5906.0], [3304.25, 1430.0], [3304.5, 4789.0], [3305.25, 21749.0], [3305.5, 25255.0], [3309.5, 7283.0], [3309.75, 24397.0], [3311.5, 49382.0], [3311.75, 400.0], [3312.0, 40000.0], [3313.5, 11.0], [3313.75, 18299.0], [3314.75, 49000.0], [3318.25, 40000.0], [3320.5, 76725.0]]}}}
{"jsonrpc": "2.0", "method": "subscription", "params": {"channel": "book.ETH-14NOV25.none.20.100ms", "data": {"timestamp": 1762461202732, "change_id": 95453246496, "instrument_name": "ETH-14NOV25", "bids": [[3303.0, 746.0], [3302.75, 2500.0], [3302.5, 160.0], [3302.0, 1314.0], [3301.75, 4722.0], [3299.5, 4417.0], [3299.25, 15244.0], [3299.0, 1501.0], [3298.25, 1815.0], [3298.0, 6080.0], [3297.75, 7080.0], [3297.5, 18416.0], [3297.25, 330.0], [3297.0, 1107.0], [3296.75, 10991.0], [3296.5, 38733.0], [3296.25, 6406.0], [3294.25, 4433.0], [3294.0, 37525.0], [3293.75, 400.0]], "asks": [[3303.5, 5080.0], [3303.75, 358.0], [3304.0, 3593.0], [3304.25, 8470.0], [3304.5, 160.0], [3307.25, 1842.0], [3307.5, 10374.0], [3307.75, 14085.0], [3309.25, 5579.0], [3309.5, 18691.0], [3311.0, 11406.0], [3311.25, 38211.0], [3312.5, 11.0], [3312.75, 400.0], [3313.25, 40000.0], [3313.75, 39275.0], [3314.75, 18299.0], [3318.75, 45.0], [3319.0, 40000.0], [3320.5, 36483.0]]}}}
{"jsonrpc": "2.0", "method": "subscription", "params": {"channel": "book.ETH-7NOV25.none.20.100ms", "data": {"timestamp": 1762461202589, "change_id": 95453245917, "instrument_name": "ETH-7NOV25", "bids": [[3302.25, 2519.0], [3302.0, 5081.0], [3301.75, 1476.0], [3301.5, 2293.0], [3301.25, 4545.0], [3301.0, 3306.0], [3299.25, 3778.0], [3299.0, 12657.0], [3298.25, 9.0], [3297.75, 7286.0], [3297.5, 31993.0], [3297.25, 29864.0], [3297.0, 31479.0], [3296.75, 50385.0], [3294.25, 1107.0], [3293.25, 51385.0], [3293.0, 21961.0], [3292.75, 400.0], [3292.0, 4432.0], [3291.5, 18.0]], "asks": [[3302.75, 2500.0], [3303.25, 160.0], [3303.5, 376.0], [3303.75, 2806.0], [3304.0, 5906.0], [3304.25, 1430.0], [3304.5, 4789.0], [3305.0, 4156.0], [3305.25, 21749.0], [3305.5, 25255.0], [3309.5, 7283.0], [3309.75, 24397.0], [3311.5, 49382.0], [3311.75, 400.0], [3312.0, 40000.0], [3313.5, 11.0], [3313.75, 18299.0], [3314.75, 49000.0], [3318.25, 40000.0], [3320.5, 76725.0]]}}}
{"jsonrpc": "2.0", "method": "subscription", "params": {"channel": "book.ETH-7NOV25.none.20.100ms", "data": {"timestamp": 1762461203074, "change_id": 95453247418, "instrument_name": "ETH-7NOV25", "bids": [[3302.5, 1100.0], [3302.25, 2519.0], [3302.0, 6181.0], [3301.75, 2174.0], [3301.5, 4088.0], [3301.25, 2045.0], [3301.0, 3306.0], [3299.25, 3778.0], [3299.0, 12657.0], [3298.25, 9.0], [3297.75, 7286.0], [3297.5, 31993.0], [3297.25, 29864.0], [3297.0, 31479.0], [3296.75, 50385.0], [3294.25, 1107.0], [3293.25, 51385.0], [3293.0, 21961.0], [3292.75, 400.0], [3292.0, 4432.0]], "asks": [[3303.0, 13294.0], [3303.25, 488.0], [3303.5, 1476.0], [3303.75, 2806.0], [3304.0, 5906.0], [3304.25, 1430.0], [3304.5, 4789.0], [3305.0, 4156.0], [3305.25, 21749.0], [3305.5, 25255.0], [3309.5, 7283.0], [3309.75, 24397.0], [3311.5, 49382.0], [3311.75, 400.0], [3312.0, 40000.0], [3313.5, 11.0], [3313.75, 18299.0], [3314.75, 49000.0], [3318.25, 40000.0], [3320.5, 76725.0]]}}}
{"jsonrpc": "2.0", "method": "subscription", "params": {"channel": "book.ETH-14NOV25.none.20.100ms", "data": {"timestamp": 1762461203082, "change_id": 95453247444, "instrument_name": "ETH-14NOV25", "bids": [[3303.25, 746.0], [3303.0, 2500.0], [3302.5, 160.0], [3302.0, 1314.0], [3301.75, 4722.0], [3299.5, 4417.0], [3299.25, 15244.0], [3299.0, 1501.0], [3298.25, 1815.0], [3298.0, 6080.0], [3297.75, 7080.0], [3297.5, 18416.0], [3297.25, 330.0], [3297.0, 1107.0], [3296.75, 10991.0], [3296.5, 38733.0], [3296.25, 6406.0], [3294.25, 4433.0], [3294.0, 37525.0], [3293.75, 400.0]], "asks": [[3303.75, 1452.0], [3304.0, 6981.0], [3304.25, 3700.0], [3304.5, 160.0], [3307.25, 1842.0], [3307.5, 10374.0], [3307.75, 14085.0], [3309.25, 5579.0], [3309.5, 18691.0], [3311.0, 11406.0], [3311.25, 38211.0], [3312.5, 11.0], [3312.75, 400.0], [3313.25, 40000.0], [3313.75, 39275.0], [3314.75, 18299.0], [3318.75, 45.0], [3319.0, 40000.0], [3320.5, 36483.0], [3321.75, 4431.0]]}}}
{"jsonrpc": "2.0", "method": "subscription", "params": {"channel": "book.ETH-14NOV25.none.20.100ms", "data": {"timestamp": 1762461203298, "change_id": 95453247779, "instrument_name": "ETH-14NOV25", "bids": [[3303.25, 746.0], [3303.0, 2660.0], [3302.5, 1410.0], [3302.25, 4722.0], [3299.5, 4417.0], [3299.25, 15244.0], [3299.0, 1501.0], [3298.75, 1815.0], [3298.5, 6080.0], [3297.25, 330.0], [3297.0, 6604.0], [3296.75, 20328.0], [3296.5, 6406.0], [3295.75, 36821.0], [3294.25, 4433.0], [3294.0, 37525.0], [3293.75, 400.0], [3293.5, 22045.0], [3293.25, 40000.0], [3289.25, 36730.0]], "asks": [[3303.75, 1452.0], [3304.0, 5080.0], [3304.25, 794.0], [3304.5, 2660.0], [3307.25, 1842.0], [3307.5, 10374.0], [3307.75, 14085.0], [3309.25, 5579.0], [3309.5, 18691.0], [3311.0, 11406.0], [3311.25, 38211.0], [3312.5, 11.0], [3312.75, 400.0], [3313.25, 40000.0], [3313.75, 39275.0], [3314.75, 18299.0], [3318.75, 45.0], [3319.0, 40000.0], [3320.5, 36483.0], [3321.75, 4431.0]]}}}
{"jsonrpc": "2.0", "method": "subscription", "params": {"channel": "book.ETH-7NOV25.none.20.100ms", "data": {"timestamp": 1762461203349, "change_id": 95453247836, "instrument_name": "ETH-7NOV25", "bids": [[3302.5, 1428.0], [3302.25, 2519.0], [3302.0, 7046.0], [3301.75, 3976.0], [3301.5, 1428.0], [3301.25, 2045.0], [3301.0, 3306.0], [3299.25, 3778.0], [3299.0, 12657.0], [3298.25, 9.0], [3297.75, 7583.0], [3297.5, 25405.0], [3297.25, 4459.0], [3297.0, 16439.0], [3296.75, 7286.0], [3296.5, 24410.0], [3296.0, 50385.0], [3294.25, 1107.0], [3293.25, 51385.0], [3293.0, 21961.0]], "asks": [[3303.0, 2500.0], [3303.25, 7435.0], [3303.5, 328.0], [3303.75, 2806.0], [3304.0, 6394.0], [3304.25, 2530.0], [3304.5, 4789.0], [3305.0, 4156.0], [3305.25, 14252.0], [3308.5, 7539.0], [3308.75, 25255.0], [3309.5, 7283.0], [3309.75, 24397.0], [3311.5, 49382.0], [3311.75, 400.0], [3312.0, 40000.0], [3313.5, 11.0], [3313.75, 18299.0], [3314.75, 49000.0], [3318.25, 40000.0]]}}}
{"jsonrpc": "2.0", "method": "subscription", "params": {"channel": "book.ETH-7NOV25.none.20.100ms", "data": {"timestamp": 1762461203770, "change_id": 95453249608, "instrument_name": "ETH-7NOV25", "bids": [[3303.0, 1100.0], [3302.75, 1428.0], [3302.5, 1428.0], [3302.25, 3460.0], [3302.0, 8841.0], [3301.75, 1476.0], [3301.5, 1428.0], [3301.25, 2045.0], [3301.0, 3306.0], [3298.75, 4221.0], [3298.5, 14140.0], [3298.25, 9.0], [3298.0, 3778.0], [3297.75, 12657.0], [3297.25, 448.0], [3297.0, 1501.0], [3295.5, 25405.0], [3294.25, 1107.0], [3293.5, 28841.0], [3293.0, 21961.0]], "asks": [[3303.5, 2500.0], [3303.75, 1706.0], [3304.0, 6394.0], [3304.25, 1100.0], [3306.5, 4366.0], [3306.75, 14625.0], [3308.5, 7539.0], [3308.75, 25255.0], [3311.75, 12340.0], [3312.0, 40000.0], [3313.25, 24397.0], [3313.5, 11.0], [3313.75, 18299.0], [3314.5, 49382.0], [3314.75, 49000.0], [3318.25, 40000.0], [3320.5, 76725.0], [3320.75, 1107.0], [3321.5, 4431.0], [3323.75, 74102.0]]}}}
{"jsonrpc": "2.0", "method": "subscription", "params": {"channel": "book.ETH-14NOV25.none.20.100ms", "data": {"timestamp": 1762461203771, "change_id": 95453249609, "instrument_name": "ETH-14NOV25", "bids": [[3303.75, 746.0], [3303.5, 2500.0], [3303.0, 160.0], [3302.5, 1410.0], [3302.25, 4722.0], [3301.5, 4328.0], [3301.25, 14499.0], [3299.25, 448.0], [3299.0, 1501.0], [3297.25, 330.0], [3297.0, 1107.0], [3295.25, 1815.0], [3295.0, 7992.0], [3294.75, 11903.0], [3294.5, 18416.0], [3294.25, 4433.0], [3293.75, 400.0], [3293.5, 58866.0], [3293.25, 40000.0], [3289.75, 37525.0]], "asks": [[3304.25, 1356.0], [3304.5, 4882.0], [3305.0, 2500.0], [3307.75, 2.0], [3308.75, 4297.0], [3309.0, 14395.0], [3310.5, 1842.0], [3310.75, 6170.0], [3311.75, 5579.0], [3312.0, 18691.0], [3312.5, 11.0], [3312.75, 400.0], [3313.25, 40000.0], [3313.75, 1107.0], [3314.5, 38211.0], [3314.75, 18299.0], [3317.75, 38168.0], [3318.75, 45.0], [3319.0, 40000.0], [3320.5, 36483.0]]}}}
{"jsonrpc": "2.0", "method": "subscription", "params": {"channel": "book.ETH-14NOV25.none.20.100ms", "data": {"timestamp": 1762461204036, "change_id": 95453250455, "instrument_name": "ETH-14NOV25", "bids": [[3303.0, 160.0], [3302.5, 1410.0], [3302.25, 4722.0], [3301.5, 4328.0], [3301.25, 14499.0], [3299.25, 448.0], [3299.0, 1501.0], [3297.25, 330.0], [3297.0, 1107.0], [3295.75, 1815.0], [3295.5, 6080.0], [3295.0, 1912.0], [3294.75, 11903.0], [3294.5, 18416.0], [3294.25, 22159.0], [3293.75, 400.0], [3293.5, 58866.0], [3293.25, 40000.0], [3289.75, 37525.0], [3289.25, 36730.0]], "asks": [[3304.25, 1356.0], [3304.5, 5628.0], [3304.75, 2500.0], [3307.75, 2.0], [3308.75, 4297.0], [3309.0, 14395.0], [3310.5, 1842.0], [3310.75, 6170.0], [3311.75, 5579.0], [3312.0, 18691.0], [3312.5, 11.0], [3312.75, 400.0], [3313.25, 40000.0], [3313.75, 1107.0], [3314.5, 38211.0], [3314.75, 18299.0], [3317.75, 38168.0], [3318.75, 45.0], [3319.0, 40000.0], [3320.5, 36483.0]]}}}
{"jsonrpc": "2.0", "method": "subscription", "params": {"channel": "book.ETH-7NOV25.none.20.100ms", "data": {"timestamp": 1762461203978, "change_id": 95453250317, "instrument_name": "ETH-7NOV25", "bids": [[3302.75, 1100.0], [3302.5, 1428.0], [3302.25, 3460.0], [3302.0, 6341.0], [3301.75, 1476.0], [3301.5, 1428.0], [3301.25, 2045.0], [3301.0, 3306.0], [3298.75, 4221.0], [3298.5, 14140.0], [3298.25, 9.0], [3297.75, 3778.0], [3297.5, 12657.0], [3297.25, 448.0], [3297.0, 1501.0], [3295.5, 25405.0], [3294.25, 1107.0], [3293.5, 28841.0], [3293.0, 21961.0], [3292.75, 50785.0]], "asks": [[3303.5, 3945.0], [3303.75, 6546.0], [3304.0, 6394.0], [3304.25, 1100.0], [3306.5, 4366.0], [3306.75, 14625.0], [3308.5, 7539.0], [3308.75, 25255.0], [3311.75, 12340.0], [3312.0, 40000.0], [3313.25, 24397.0], [3313.5, 11.0], [3313.75, 18299.0], [3314.5, 49382.0], [3314.75, 49000.0], [3318.25, 40000.0], [3320.5, 76725.0], [3320.75, 1107.0], [3321.5, 4431.0], [3323.75, 74102.0]]}}}
{"jsonrpc": "2.0", "method": "subscription", "params": {"channel": "book.ETH-14NOV25.none.20.100ms", "data": {"timestamp": 1762461204321, "change_id": 95453250733, "instrument_name": "ETH-14NOV25", "bids": [[3303.25, 794.0], [3303.0, 2660.0], [3302.5, 1410.0], [3302.25, 4722.0], [3301.5, 4328.0], [3301.25, 14499.0], [3299.25, 448.0], [3299.0, 1501.0], [3297.25, 330.0], [3297.0, 1107.0], [3295.75, 1815.0], [3295.5, 6080.0], [3295.0, 1912.0], [3294.75, 11903.0], [3294.5, 18416.0], [3294.25, 22159.0], [3293.75, 400.0], [3293.5, 58866.0], [3293.25, 40000.0], [3289.75, 37525.0]], "asks": [[3304.0, 358.0], [3304.25, 3588.0], [3304.5, 8582.0], [3304.75, 1463.0], [3305.0, 4901.0], [3307.75, 2.0], [3308.75, 4297.0], [3309.0, 14395.0], [3310.5, 1842.0], [3310.75, 6170.0], [3311.75, 5579.0], [3312.0, 18691.0], [3312.5, 11.0], [3312.75, 400.0], [3313.25, 40000.0], [3313.75, 1107.0], [3314.5, 38211.0], [3314.75, 18299.0], [3317.75, 38168.0], [3318.75, 45.0]]}}}
{"jsonrpc": "2.0", "method": "subscription", "params": {"channel": "book.ETH-7NOV25.none.20.100ms", "data": {"timestamp": 1762461204374, "change_id": 95453250746, "instrument_name": "ETH-7NOV25", "bids": [[3302.75, 1100.0], [3302.5, 1428.0], [3302.25, 3460.0], [3302.0, 7046.0], [3301.75, 3976.0], [3301.5, 1428.0], [3301.25, 2045.0], [3301.0, 3306.0], [3298.75, 4221.0], [3298.5, 14140.0], [3298.25, 9.0], [3297.75, 3778.0], [3297.5, 12657.0], [3297.25, 448.0], [3297.0, 1501.0], [3295.5, 25405.0], [3294.25, 1107.0], [3293.5, 28841.0], [3293.0, 21961.0], [3292.75, 50785.0]], "asks": [[3303.25, 3928.0], [3303.5, 2545.0], [3303.75, 6546.0], [3304.0, 4966.0], [3306.5, 4366.0], [3306.75, 14625.0], [3308.5, 7539.0], [3308.75, 25255.0], [3311.75, 12340.0], [3312.0, 40000.0], [3313.25, 24397.0], [3313.5, 11.0], [3313.75, 18299.0], [3314.5, 49382.0], [3314.75, 49000.0], [3318.25, 40000.0], [3320.5, 76725.0], [3320.75, 1107.0], [3321.5, 4431.0], [3323.75, 74102.0]]}}}
{"jsonrpc": "2.0", "method": "subscription", "params": {"channel": "book.ETH-14NOV25.none.20.100ms", "data": {"timestamp": 1762461204479, "change_id": 95453250783, "instrument_name": "ETH-14NOV25", "bids": [[3303.5, 746.0], [3303.25, 2500.0], [3303.0, 160.0], [3302.5, 7874.0], [3302.25, 27275.0], [3301.5, 4328.0], [3301.25, 14499.0], [3299.25, 448.0], [3299.0, 1501.0], [3297.25, 330.0], [3297.0, 1107.0], [3295.75, 1815.0], [3295.5, 6080.0], [3295.0, 1912.0], [3294.75, 11903.0], [3294.5, 18416.0], [3294.25, 22159.0], [3293.75, 400.0], [3293.5, 58866.0], [3293.25, 40000.0]], "asks": [[3304.0, 358.0], [3304.25, 3588.0], [3304.5, 8582.0], [3304.75, 1463.0], [3305.0, 4901.0], [3307.75, 2.0], [3308.75, 4297.0], [3309.0, 14395.0], [3310.5, 1842.0], [3310.75, 6170.0], [3311.75, 5579.0], [3312.0, 18691.0], [3312.5, 11.0], [3312.75, 400.0], [3313.25, 40000.0], [3313.75, 1107.0], [3314.5, 38211.0], [3314.75, 18299.0], [3317.75, 38168.0], [3318.75, 45.0]]}}}
{"jsonrpc": "2.0", "method": "subscription", "params": {"channel": "book.ETH-7NOV25.none.20.100ms", "data": {"timestamp": 1762461204613, "change_id": 95453250846, "instrument_name": "ETH-7NOV25", "bids": [[3302.75, 1100.0], [3302.5, 1428.0], [3302.25, 3460.0], [3302.0, 7046.0], [3301.75, 3976.0], [3301.5, 1428.0], [3301.25, 2045.0], [3301.0, 3306.0], [3298.75, 4221.0], [3298.5, 14140.0], [3298.25, 9.0], [3297.75, 3778.0], [3297.5, 12657.0], [3297.25, 448.0], [3297.0, 1501.0], [3295.5, 25405.0], [3294.25, 1107.0], [3293.5, 28841.0], [3293.0, 21961.0], [3292.75, 50785.0]], "asks": [[3303.25, 2828.0], [3303.5, 2545.0], [3303.75, 6546.0], [3304.0, 4966.0], [3306.5, 4366.0], [3306.75, 14625.0], [3308.5, 7539.0], [3308.75, 25255.0], [3311.75, 12340.0], [3312.0, 40000.0], [3313.25, 24397.0], [3313.5, 11.0], [3313.75, 18299.0], [3314.5, 49382.0], [3314.75, 49000.0], [3318.25, 40000.0], [3320.5, 76725.0], [3320.75, 1107.0], [3321.5, 4431.0], [3323.75, 74102.0]]}}}
{"jsonrpc": "2.0", "method": "subscription", "params": {"channel": "book.ETH-14NOV25.none.20.100ms", "data": {"timestamp": 1762461204846, "change_id": 95453251874, "instrument_name": "ETH-14NOV25", "bids": [[3303.5, 746.0], [3303.25, 2500.0], [3303.0, 160.0], [3302.5, 7874.0], [3302.25, 27275.0], [3301.5, 4328.0], [3301.25, 14499.0], [3299.25, 448.0], [3299.0, 1501.0], [3298.0, 1323.0], [3297.75, 4431.0], [3297.25, 330.0], [3297.0, 1107.0], [3295.75, 1815.0], [3295.5, 6080.0], [3295.0, 1912.0], [3294.75, 11903.0], [3294.5, 18416.0], [3294.25, 17728.0], [3293.75, 400.0]], "asks": [[3304.0, 5080.0], [3304.25, 2556.0], [3304.5, 3860.0], [3304.75, 1463.0], [3305.0, 4901.0], [3307.75, 2.0], [3308.75, 4297.0], [3309.0, 14395.0], [3310.5, 1842.0], [3310.75, 6170.0], [3311.75, 5579.0], [3312.0, 18691.0], [3312.5, 11.0], [3312.75, 400.0], [3313.25, 40000.0], [3313.75, 1107.0], [3314.5, 38211.0], [3314.75, 18299.0], [3317.75, 38168.0], [3318.75, 45.0]]}}}
{"jsonrpc": "2.0", "method": "subscription", "params": {"channel": "book.ETH-7NOV25.none.20.100ms", "data": {"timestamp": 1762461204987, "change_id": 95453252138, "instrument_name": "ETH-7NOV25", "bids": [[3302.5, 1428.0], [3302.25, 3460.0], [3302.0, 7046.0], [3301.75, 3976.0], [3301.5, 1428.0], [3301.25, 2045.0], [3301.0, 3306.0], [3298.75, 4221.0], [3298.5, 14140.0], [3298.25, 9.0], [3297.75, 3778.0], [3297.5, 12657.0], [3297.25, 448.0], [3297.0, 1501.0], [3295.75, 7585.0], [3295.5, 25405.0], [3294.25, 1107.0], [3293.5, 28841.0], [3293.0, 21961.0], [3292.75, 50785.0]], "asks": [[3303.25, 2828.0], [3303.5, 2545.0], [3303.75, 6546.0], [3304.0, 4966.0], [3306.5, 4366.0], [3306.75, 14625.0], [3308.5, 7539.0], [3308.75, 25255.0], [3311.75, 12340.0], [3312.0, 40000.0], [3313.25, 24397.0], [3313.5, 11.0], [3313.75, 18299.0], [3314.5, 49382.0], [3314.75, 49000.0], [3318.25, 40000.0], [3320.5, 76725.0], [3320.75, 1107.0], [3321.5, 4431.0], [3323.75, 74102.0]]}}}
{"jsonrpc": "2.0", "method": "subscription", "params": {"channel": "book.ETH-14NOV25.none.20.100ms", "data": {"timestamp": 1762461205127, "change_id": 95453252243, "instrument_name": "ETH-14NOV25", "bids": [[3303.5, 746.0], [3303.25, 2500.0], [3303.0, 160.0], [3302.5, 7874.0], [3302.25, 27275.0], [3301.5, 4328.0], [3301.25, 14499.0], [3299.25, 448.0], [3299.0, 1501.0], [3298.0, 1323.0], [3297.75, 4431.0], [3297.25, 330.0], [3297.0, 1107.0], [3295.75, 1815.0], [3295.5, 6080.0], [3295.0, 1912.0], [3294.75, 11903.0], [3294.5, 18416.0], [3294.25, 17728.0], [3293.75, 400.0]], "asks": [[3304.0, 6280.0], [3304.25, 2556.0], [3304.5, 4218.0], [3304.75, 2663.0], [3305.0, 4901.0], [3307.75, 2.0], [3308.75, 4297.0], [3309.0, 14395.0], [3310.5, 1842.0], [3310.75, 6170.0], [3311.75, 5579.0], [3312.0, 18691.0], [3312.5, 11.0], [3312.75, 400.0], [3313.25, 40000.0], [3313.75, 1107.0], [3314.5, 38211.0], [3314.75, 18299.0], [3317.75, 38168.0], [3318.75, 45.0]]}}}
{"jsonrpc": "2.0", "method": "subscription", "params": {"channel": "book.ETH-7NOV25.none.20.100ms", "data": {"timestamp": 1762461205251, "change_id": 95453252299, "instrument_name": "ETH-7NOV25", "bids": [[3302.5, 1428.0], [3302.25, 3460.0], [3302.0, 7046.0], [3301.75, 3976.0], [3301.5, 1428.0], [3301.25, 2045.0], [3301.0, 3306.0], [3298.75, 4221.0], [3298.5, 14140.0], [3298.25, 9.0], [3297.75, 3778.0], [3297.5, 12657.0], [3297.25, 448.0], [3297.0, 1501.0], [3295.75, 7585.0], [3295.5, 25405.0], [3294.25, 1107.0], [3293.5, 28841.0], [3293.0, 21961.0], [3292.75, 50785.0]], "asks": [[3303.25, 3928.0], [3303.5, 2545.0], [3303.75, 6546.0], [3304.0, 4966.0], [3306.5, 4366.0], [3306.75, 14625.0], [3308.5, 7539.0], [3308.75, 25255.0], [3311.75, 12340.0], [3312.0, 40000.0], [3313.25, 24397.0], [3313.5, 11.0], [3313.75, 18299.0], [3314.5, 49382.0], [3314.75, 49000.0], [3318.25, 40000.0], [3320.5, 76725.0], [3320.75, 1107.0], [3321.5, 4431.0], [3323.75, 74102.0]]}}}
