{"jsonrpc": "2.0", "id": 1, "result": ["book.ETH-21NOV25.none.20.100ms", "book.ETH-14NOV25.none.20.100ms"], "usIn": 1762912341044331, "usOut": 1762912341044736, "usDiff": 405, "testnet": false}
{"jsonrpc": "2.0", "method": "subscription", "params": {"channel": "book.ETH-21NOV25.none.20.100ms", "data": {"timestamp": 1762912340962, "change_id": 96307257958, "instrument_name": "ETH-21NOV25", "bids": [[3449.0, 1800.0], [3448.75, 1596.0], [3448.5, 7848.0], [3448.25, 160.0], [3445.5, 2.0], [3445.0, 4296.0], [3444.75, 14392.0], [3443.75, 6620.0], [3443.5, 22176.0], [3443.25, 500.0], [3442.5, 1818.0], [3442.25, 6091.0], [3441.0, 330.0], [3440.75, 2429.0], [3440.5, 9981.0], [3440.25, 18602.0], [3440.0, 40050.0], [3438.5, 400.0], [3436.25, 37262.0], [3435.0, 50.0]], "asks": [[3449.5, 2546.0], [3449.75, 2500.0], [3450.0, 585.0], [3450.25, 1960.0], [3450.5, 1644.0], [3450.75, 5348.0], [3451.0, 16.0], [3453.0, 4221.0], [3453.25, 14086.0], [3454.0, 500.0], [3455.0, 16.0], [3455.5, 1890.0], [3455.75, 6331.0], [3456.0, 16.0], [3459.0, 16.0], [3459.25, 18523.0], [3460.0, 16.0], [3460.75, 76643.0], [3461.0, 400.0], [3461.5, 2.0]]}}}
{"jsonrpc": "2.0", "method": "subscription", "params": {"channel": "book.ETH-14NOV25.none.20.100ms", "data": {"timestamp": 1762912340914, "change_id": 96307257812, "instrument_name": "ETH-14NOV25", "bids": [[3448.0, 2600.0], [3447.75, 7600.0], [3447.5, 98583.0], [3447.25, 1645.0], [3447.0, 8011.0], [3443.75, 400.0], [3443.5, 5623.0], [3443.25, 20962.0], [3443.0, 22145.0], [3440.0, 3619.0], [3439.75, 12125.0], [3439.5, 1107.0], [3439.0, 400.0], [3437.5, 24527.0], [3437.25, 25287.0], [3437.0, 40000.0], [3435.75, 500.0], [3434.25, 17712.0], [3434.0, 50615.0], [3433.25, 4464.0]], "asks": [[3448.25, 5100.0], [3448.5, 5034.0], [3448.75, 8778.0], [3449.0, 2611.0], [3449.25, 6453.0], [3449.5, 21618.0], [3451.75, 4430.0], [3452.0, 14840.0], [3452.75, 7268.0], [3453.0, 24350.0], [3456.5, 2.0], [3458.5, 25300.0], [3459.25, 40402.0], [3460.75, 66004.0], [3465.25, 74152.0], [3465.5, 5535.0], [3466.25, 40000.0], [3467.5, 49925.0], [3470.0, 9.0], [3470.5, 73737.0]]}}}
{"jsonrpc": "2.0", "method": "subscription", "params": {"channel": "book.ETH-14NOV25.none.20.100ms", "data": {"timestamp": 1762912341095, "change_id": 96307258377, "instrument_name": "ETH-14NOV25", "bids": [[3448.0, 2600.0], [3447.75, 7600.0], [3447.25, 1645.0], [3447.0, 8011.0], [3443.75, 400.0], [3443.5, 5623.0], [3443.25, 20962.0], [3443.0, 22145.0], [3440.0, 3619.0], [3439.75, 12125.0], [3439.5, 1107.0], [3439.0, 400.0], [3437.5, 24527.0], [3437.25, 25287.0], [3437.0, 40000.0], [3435.75, 500.0], [3434.25, 17712.0], [3434.0, 50615.0], [3433.25, 4464.0], [3433.0, 49582.0]], "asks": [[3448.25, 5100.0], [3448.5, 5034.0], [3448.75, 8778.0], [3449.0, 2611.0], [3449.25, 6453.0], [3449.5, 21618.0], [3451.75, 4430.0], [3452.0, 14840.0], [3452.75, 7268.0], [3453.0, 24350.0], [3456.5, 2.0], [3458.5, 25300.0], [3459.25, 40402.0], [3460.75, 66004.0], [3465.25, 74152.0], [3465.5, 5535.0], [3466.25, 40000.0], [3467.5, 49925.0], [3470.0, 9.0], [3470.5, 73737.0]]}}}
{"jsonrpc": "2.0", "method": "subscription", "params": {"channel": "book.ETH-21NOV25.none.20.100ms", "data": {"timestamp": 1762912340962, "change_id": 96307257958, "instrument_name": "ETH-21NOV25", "bids": [[3449.0, 1800.0], [3448.75, 1596.0], [3448.5, 7848.0], [3448.25, 160.0], [3445.5, 2.0], [3445.0, 4296.0], [3444.75, 14392.0], [3443.75, 6620.0], [3443.5, 22176.0], [3443.25, 500.0], [3442.5, 1818.0], [3442.25, 6091.0], [3441.0, 330.0], [3440.75, 2429.0], [3440.5, 9981.0], [3440.25, 18602.0], [3440.0, 40050.0], [3438.5, 400.0], [3436.25, 37262.0], [3435.0, 50.0]], "asks": [[3449.5, 2546.0], [3449.75, 2500.0], [3450.0, 585.0], [3450.25, 1960.0], [3450.5, 1644.0], [3450.75, 5348.0], [3451.0, 16.0], [3453.0, 4221.0], [3453.25, 14086.0], [3454.0, 500.0], [3455.0, 16.0], [3455.5, 1890.0], [3455.75, 6331.0], [3456.0, 16.0], [3459.0, 16.0], [3459.25, 18523.0], [3460.0, 16.0], [3460.75, 76643.0], [3461.0, 400.0], [3461.5, 2.0]]}}}
{"jsonrpc": "2.0", "method": "subscription", "params": {"channel": "book.ETH-14NOV25.none.20.100ms", "data": {"timestamp": 1762912341346, "change_id": 96307258894, "instrument_name": "ETH-14NOV25", "bids": [[3448.0, 2600.0], [3447.75, 7600.0], [3447.5, 98583.0], [3447.25, 1645.0], [3447.0, 8011.0], [3443.75, 400.0], [3443.5, 5623.0], [3443.25, 20962.0], [3443.0, 22145.0], [3440.0, 3619.0], [3439.75, 12125.0], [3439.5, 1107.0], [3439.0, 400.0], [3437.5, 24527.0], [3437.25, 25287.0], [3437.0, 40000.0], [3435.75, 500.0], [3434.25, 17712.0], [3434.0, 50615.0], [3433.25, 4464.0]], "asks": [[3448.25, 5100.0], [3448.5, 5034.0], [3448.75, 8778.0], [3449.0, 2611.0], [3449.25, 6453.0], [3449.5, 21618.0], [3451.75, 4430.0], [3452.0, 14840.0], [3452.75, 7268.0], [3453.0, 24350.0], [3456.5, 2.0], [3458.5, 25300.0], [3459.25, 40402.0], [3460.75, 66004.0], [3465.25, 74152.0], [3465.5, 5535.0], [3466.25, 40000.0], [3467.5, 49925.0], [3470.0, 9.0], [3470.5, 73737.0]]}}}
{"jsonrpc": "2.0", "method": "subscription", "params": {"channel": "book.ETH-21NOV25.none.20.100ms", "data": {"timestamp": 1762912341684, "change_id": 96307259421, "instrument_name": "ETH-21NOV25", "bids": [[3448.75, 1596.0], [3448.5, 7848.0], [3448.25, 160.0], [3445.5, 2.0], [3445.0, 4296.0], [3444.75, 14392.0], [3443.75, 6620.0], [3443.5, 22176.0], [3443.25, 500.0], [3442.5, 1818.0], [3442.25, 6091.0], [3441.0, 339.0], [3440.75, 2429.0], [3440.5, 9981.0], [3440.25, 18602.0], [3440.0, 40050.0], [3438.5, 400.0], [3436.25, 37262.0], [3435.0, 50.0], [3431.5, 36.0]], "asks": [[3449.25, 1800.0], [3449.5, 746.0], [3449.75, 2500.0], [3450.0, 585.0], [3450.25, 1960.0], [3450.5, 1644.0], [3450.75, 5348.0], [3451.0, 16.0], [3453.0, 4221.0], [3453.25, 14086.0], [3454.0, 500.0], [3455.0, 16.0], [3455.5, 1890.0], [3455.75, 6331.0], [3456.0, 16.0], [3459.0, 16.0], [3459.25, 18523.0], [3460.0, 16.0], [3460.75, 76643.0], [3461.0, 400.0]]}}}
{"jsonrpc": "2.0", "method": "subscription", "params": {"channel": "book.ETH-14NOV25.none.20.100ms", "data": {"timestamp": 1762912341820, "change_id": 96307259623, "instrument_name": "ETH-14NOV25", "bids": [[3448.0, 2600.0], [3447.75, 7600.0], [3447.5, 98583.0], [3447.25, 1645.0], [3447.0, 8011.0], [3443.75, 400.0], [3443.5, 5623.0], [3443.25, 20962.0], [3443.0, 22145.0], [3440.0, 3619.0], [3439.75, 12125.0], [3439.5, 1107.0], [3439.0, 400.0], [3437.75, 4437.0], [3437.5, 24527.0], [3437.25, 25287.0], [3437.0, 40000.0], [3435.75, 500.0], [3434.25, 17712.0], [3434.0, 50615.0]], "asks": [[3448.25, 5100.0], [3448.5, 5034.0], [3448.75, 8778.0], [3449.0, 2611.0], [3449.25, 6453.0], [3449.5, 21618.0], [3451.75, 4430.0], [3452.0, 14840.0], [3452.75, 7268.0], [3453.0, 24350.0], [3456.5, 2.0], [3458.5, 25300.0], [3459.25, 40402.0], [3460.75, 66004.0], [3465.25, 74152.0], [3465.5, 5535.0], [3466.25, 40000.0], [3467.5, 49925.0], [3470.0, 9.0], [3470.5, 73737.0]]}}}
{"jsonrpc": "2.0", "method": "subscription", "params": {"channel": "book.ETH-21NOV25.none.20.100ms", "data": {"timestamp": 1762912341880, "change_id": 96307259643, "instrument_name": "ETH-21NOV25", "bids": [[3448.75, 3396.0], [3448.5, 7848.0], [3448.25, 160.0], [3445.5, 2.0], [3445.0, 4296.0], [3444.75, 14392.0], [3443.75, 6620.0], [3443.5, 22176.0], [3443.25, 500.0], [3442.5, 1818.0], [3442.25, 6091.0], [3441.0, 339.0], [3440.75, 2429.0], [3440.5, 9981.0], [3440.25, 18602.0], [3440.0, 40050.0], [3438.5, 400.0], [3436.25, 37262.0], [3435.0, 50.0], [3431.5, 36.0]], "asks": [[3449.25, 1800.0], [3449.5, 746.0], [3449.75, 2500.0], [3450.0, 585.0], [3450.25, 2497.0], [3450.5, 3444.0], [3450.75, 5348.0], [3451.0, 16.0], [3453.0, 4221.0], [3453.25, 14086.0], [3454.0, 500.0], [3455.0, 16.0], [3455.5, 1890.0], [3455.75, 6331.0], [3456.0, 16.0], [3459.0, 16.0], [3459.25, 18523.0], [3460.0, 16.0], [3460.75, 76643.0], [3461.0, 400.0]]}}}
{"jsonrpc": "2.0", "method": "subscription", "params": {"channel": "book.ETH-21NOV25.none.20.100ms", "data": {"timestamp": 1762912342333, "change_id": 96307260118, "instrument_name": "ETH-21NOV25", "bids": [[3448.75, 3396.0], [3448.5, 7848.0], [3448.25, 160.0], [3445.5, 2.0], [3445.0, 4296.0], [3444.75, 14392.0], [3443.75, 6620.0], [3443.5, 22176.0], [3443.25, 500.0], [3442.5, 1818.0], [3442.25, 6091.0], [3441.0, 339.0], [3440.75, 2429.0], [3440.5, 9981.0], [3440.25, 18602.0], [3440.0, 40050.0], [3438.5, 400.0], [3436.25, 37262.0], [3435.0, 50.0], [3431.5, 36.0]], "asks": [[3449.25, 1800.0], [3449.5, 746.0], [3449.75, 2500.0], [3450.0, 585.0], [3450.25, 2497.0], [3450.5, 3444.0], [3450.75, 5348.0], [3451.0, 16.0], [3453.0, 4221.0], [3453.25, 14086.0], [3454.0, 500.0], [3455.0, 16.0], [3455.5, 1890.0], [3455.75, 6331.0], [3456.0, 16.0], [3459.0, 16.0], [3459.25, 18523.0], [3460.0, 16.0], [3460.75, 76643.0], [3461.0, 400.0]]}}}
{"jsonrpc": "2.0", "method": "subscription", "params": {"channel": "book.ETH-14NOV25.none.20.100ms", "data": {"timestamp": 1762912342750, "change_id": 96307260938, "instrument_name": "ETH-14NOV25", "bids": [[3448.0, 2600.0], [3447.75, 9938.0], [3447.5, 98583.0], [3447.25, 1645.0], [3447.0, 8011.0], [3443.75, 400.0], [3443.5, 5623.0], [3443.25, 20962.0], [3443.0, 22145.0], [3440.0, 3619.0], [3439.75, 12125.0], [3439.5, 1107.0], [3439.0, 400.0], [3437.75, 4437.0], [3437.5, 24527.0], [3437.25, 25287.0], [3437.0, 40000.0], [3435.75, 500.0], [3434.25, 17712.0], [3434.0, 50615.0]], "asks": [[3448.25, 2600.0], [3448.5, 4183.0], [3448.75, 7371.0], [3449.0, 7962.0], [3449.25, 6453.0], [3449.5, 21618.0], [3451.75, 4430.0], [3452.0, 14840.0], [3452.75, 7268.0], [3453.0, 24350.0], [3456.5, 2.0], [3458.5, 25300.0], [3459.25, 40402.0], [3460.75, 66004.0], [3465.25, 74152.0], [3465.5, 5535.0], [3466.25, 40000.0], [3467.5, 49925.0], [3470.0, 9.0], [3470.5, 73737.0]]}}}
{"jsonrpc": "2.0", "method": "subscription", "params": {"channel": "book.ETH-21NOV25.none.20.100ms", "data": {"timestamp": 1762912342750, "change_id": 96307260936, "instrument_name": "ETH-21NOV25", "bids": [[3449.0, 7685.0], [3448.75, 2546.0], [3448.5, 2500.0], [3448.25, 160.0], [3445.5, 2.0], [3445.0, 4296.0], [3444.75, 14392.0], [3443.75, 6620.0], [3443.5, 22176.0], [3443.25, 500.0], [3442.5, 1818.0], [3442.25, 6091.0], [3441.0, 339.0], [3440.75, 2429.0], [3440.5, 9981.0], [3440.25, 18602.0], [3440.0, 40050.0], [3438.5, 400.0], [3436.25, 37262.0], [3435.0, 50.0]], "asks": [[3450.0, 585.0], [3450.25, 4460.0], [3450.5, 1644.0], [3450.75, 5348.0], [3451.0, 16.0], [3453.0, 4221.0], [3453.25, 14086.0], [3454.0, 500.0], [3455.0, 16.0], [3455.5, 1890.0], [3455.75, 6331.0], [3456.0, 16.0], [3459.0, 16.0], [3459.25, 18523.0], [3460.0, 16.0], [3460.75, 76643.0], [3461.0, 400.0], [3461.5, 2.0], [3461.75, 17220.0], [3462.0, 16.0]]}}}
{"jsonrpc": "2.0", "method": "subscription", "params": {"channel": "book.ETH-14NOV25.none.20.100ms", "data": {"timestamp": 1762912342982, "change_id": 96307261265, "instrument_name": "ETH-14NOV25", "bids": [[3448.0, 2600.0], [3447.75, 7600.0], [3447.25, 1645.0], [3447.0, 8011.0], [3443.75, 400.0], [3443.5, 5623.0], [3443.25, 20962.0], [3443.0, 22145.0], [3440.0, 3619.0], [3439.75, 12455.0], [3439.5, 1107.0], [3439.0, 400.0], [3437.75, 4437.0], [3437.5, 24527.0], [3437.25, 25287.0], [3437.0, 40000.0], [3435.75, 500.0], [3434.25, 17712.0], [3434.0, 50615.0], [3433.25, 36.0]], "asks": [[3448.25, 2600.0], [3448.5, 6036.0], [3448.75, 4871.0], [3449.0, 7962.0], [3449.25, 6453.0], [3449.5, 21618.0], [3451.75, 4430.0], [3452.0, 14840.0], [3452.75, 7268.0], [3453.0, 24350.0], [3456.5, 2.0], [3458.5, 25300.0], [3459.25, 40402.0], [3460.75, 66004.0], [3465.25, 74152.0], [3465.5, 5535.0], [3466.25, 40000.0], [3467.5, 49925.0], [3470.0, 9.0], [3470.5, 73737.0]]}}}
{"jsonrpc": "2.0", "method": "subscription", "params": {"channel": "book.ETH-21NOV25.none.20.100ms", "data": {"timestamp": 1762912342869, "change_id": 96307261173, "instrument_name": "ETH-21NOV25", "bids": [[3449.25, 1000.0], [3449.0, 5885.0], [3448.75, 906.0], [3448.5, 2500.0], [3445.5, 2.0], [3445.0, 4296.0], [3444.75, 14392.0], [3443.75, 6620.0], [3443.5, 22176.0], [3443.25, 500.0], [3442.5, 1818.0], [3442.25, 6091.0], [3441.0, 339.0], [3440.75, 2429.0], [3440.5, 9981.0], [3440.25, 18602.0], [3440.0, 40050.0], [3438.5, 400.0], [3436.25, 37262.0], [3435.0, 50.0]], "asks": [[3449.5, 2337.0], [3449.75, 2346.0], [3450.0, 2816.0], [3450.25, 1060.0], [3450.5, 1644.0], [3450.75, 5348.0], [3451.0, 16.0], [3453.0, 4221.0], [3453.25, 14086.0], [3454.0, 500.0], [3455.0, 16.0], [3455.5, 1890.0], [3455.75, 6331.0], [3456.0, 16.0], [3459.0, 16.0], [3459.25, 18523.0], [3460.0, 16.0], [3460.75, 76643.0], [3461.0, 400.0], [3461.5, 2.0]]}}}
{"jsonrpc": "2.0", "method": "subscription", "params": {"channel": "book.ETH-14NOV25.none.20.100ms", "data": {"timestamp": 1762912343230, "change_id": 96307261522, "instrument_name": "ETH-14NOV25", "bids": [[3448.0, 2600.0], [3447.75, 106183.0], [3447.25, 1645.0], [3447.0, 8011.0], [3443.75, 400.0], [3443.5, 5623.0], [3443.25, 20962.0], [3443.0, 22145.0], [3440.0, 3619.0], [3439.75, 12455.0], [3439.5, 1107.0], [3439.0, 400.0], [3437.75, 4437.0], [3437.5, 24527.0], [3437.25, 25287.0], [3437.0, 40000.0], [3435.75, 500.0], [3434.25, 17712.0], [3434.0, 50615.0], [3433.25, 36.0]], "asks": [[3448.25, 5100.0], [3448.5, 3536.0], [3448.75, 4871.0], [3449.0, 7962.0], [3449.25, 6453.0], [3449.5, 21618.0], [3451.75, 4430.0], [3452.0, 14840.0], [3452.75, 7268.0], [3453.0, 24350.0], [3456.5, 2.0], [3458.5, 25300.0], [3459.25, 40402.0], [3460.75, 66004.0], [3465.25, 74152.0], [3465.5, 5535.0], [3466.25, 40000.0], [3467.5, 49925.0], [3470.0, 9.0], [3470.5, 73737.0]]}}}
{"jsonrpc": "2.0", "method": "subscription", "params": {"channel": "book.ETH-21NOV25.none.20.100ms", "data": {"timestamp": 1762912343364, "change_id": 96307261937, "instrument_name": "ETH-21NOV25", "bids": [[3449.0, 5348.0], [3448.75, 160.0], [3448.5, 746.0], [3448.25, 2500.0], [3445.5, 2.0], [3445.0, 4296.0], [3444.75, 14392.0], [3443.75, 6620.0], [3443.5, 22176.0], [3443.25, 500.0], [3442.5, 1818.0], [3442.25, 6091.0], [3441.0, 339.0], [3440.75, 2429.0], [3440.5, 9981.0], [3440.25, 18602.0], [3440.0, 40050.0], [3438.5, 400.0], [3436.25, 37262.0], [3435.0, 50.0]], "asks": [[3449.5, 3015.0], [3449.75, 4846.0], [3450.25, 160.0], [3450.5, 1644.0], [3450.75, 5348.0], [3451.0, 16.0], [3453.0, 4221.0], [3453.25, 14086.0], [3454.0, 500.0], [3455.0, 16.0], [3455.5, 1890.0], [3455.75, 6331.0], [3456.0, 16.0], [3459.0, 16.0], [3459.25, 18523.0], [3460.0, 16.0], [3460.75, 76643.0], [3461.0, 400.0], [3461.5, 2.0], [3461.75, 17220.0]]}}}
{"jsonrpc": "2.0", "method": "subscription", "params": {"channel": "book.ETH-14NOV25.none.20.100ms", "data": {"timestamp": 1762912343642, "change_id": 96307262358, "instrument_name": "ETH-14NOV25", "bids": [[3448.0, 2600.0], [3447.75, 7600.0], [3447.25, 1645.0], [3447.0, 8011.0], [3443.75, 400.0], [3443.5, 5623.0], [3443.25, 20962.0], [3443.0, 22145.0], [3440.0, 3619.0], [3439.75, 12455.0], [3439.5, 1107.0], [3439.0, 400.0], [3437.75, 4437.0], [3437.5, 24527.0], [3437.25, 25287.0], [3437.0, 40000.0], [3435.75, 500.0], [3434.25, 17712.0], [3434.0, 50615.0], [3433.25, 36.0]], "asks": [[3448.25, 5100.0], [3448.5, 3536.0], [3448.75, 4871.0], [3449.0, 7962.0], [3449.25, 6453.0], [3449.5, 21618.0], [3451.75, 4430.0], [3452.0, 14840.0], [3452.75, 7268.0], [3453.0, 24350.0], [3456.5, 2.0], [3458.5, 25300.0], [3459.25, 40402.0], [3460.75, 66004.0], [3465.25, 74152.0], [3465.5, 5535.0], [3466.25, 40000.0], [3467.5, 49925.0], [3470.0, 9.0], [3470.5, 73737.0]]}}}
{"jsonrpc": "2.0", "method": "subscription", "params": {"channel": "book.ETH-21NOV25.none.20.100ms", "data": {"timestamp": 1762912343477, "change_id": 96307262289, "instrument_name": "ETH-21NOV25", "bids": [[3449.0, 5348.0], [3448.75, 906.0], [3448.5, 2500.0], [3445.5, 2.0], [3445.0, 4296.0], [3444.75, 14392.0], [3443.75, 6620.0], [3443.5, 22176.0], [3443.25, 500.0], [3442.5, 1818.0], [3442.25, 6091.0], [3441.0, 339.0], [3440.75, 2429.0], [3440.5, 9981.0], [3440.25, 18602.0], [3440.0, 40050.0], [3438.5, 400.0], [3436.25, 37262.0], [3435.0, 50.0], [3431.5, 36.0]], "asks": [[3449.5, 3015.0], [3449.75, 4846.0], [3450.25, 160.0], [3450.5, 1644.0], [3450.75, 5348.0], [3451.0, 16.0], [3453.0, 4221.0], [3453.25, 14086.0], [3454.0, 500.0], [3455.0, 16.0], [3455.5, 1890.0], [3455.75, 6331.0], [3456.0, 16.0], [3459.0, 16.0], [3459.25, 18523.0], [3460.0, 16.0], [3460.75, 76643.0], [3461.0, 400.0], [3461.5, 2.0], [3461.75, 17220.0]]}}}
{"jsonrpc": "2.0", "method": "subscription", "params": {"channel": "book.ETH-14NOV25.none.20.100ms", "data": {"timestamp": 1762912343954, "change_id": 96307262616, "instrument_name": "ETH-14NOV25", "bids": [[3448.0, 2600.0], [3447.75, 103583.0], [3447.5, 776.0], [3447.25, 4245.0], [3447.0, 8011.0], [3443.75, 400.0], [3443.5, 5623.0], [3443.25, 20962.0], [3443.0, 22145.0], [3440.5, 2.0], [3440.0, 3619.0], [3439.75, 12455.0], [3439.5, 1107.0], [3439.0, 400.0], [3437.75, 4437.0], [3437.5, 24527.0], [3437.25, 25287.0], [3437.0, 40000.0], [3435.75, 500.0], [3434.25, 17712.0]], "asks": [[3448.25, 5111.0], [3448.5, 3536.0], [3448.75, 4871.0], [3449.0, 7951.0], [3449.25, 6453.0], [3449.5, 21618.0], [3451.75, 4430.0], [3452.0, 14840.0], [3452.75, 7268.0], [3453.0, 24350.0], [3456.5, 2.0], [3458.5, 25300.0], [3459.25, 40402.0], [3460.75, 66004.0], [3465.25, 74152.0], [3465.5, 5535.0], [3466.25, 40000.0], [3467.5, 49925.0], [3470.0, 9.0], [3470.5, 73737.0]]}}}
{"jsonrpc": "2.0", "method": "subscription", "params": {"channel": "book.ETH-21NOV25.none.20.100ms", "data": {"timestamp": 1762912343869, "change_id": 96307262578, "instrument_name": "ETH-21NOV25", "bids": [[3449.0, 5348.0], [3448.75, 906.0], [3448.5, 2500.0], [3445.5, 2.0], [3445.0, 4296.0], [3444.75, 14392.0], [3443.75, 6620.0], [3443.5, 22176.0], [3443.25, 500.0], [3441.5, 1818.0], [3441.25, 6091.0], [3441.0, 339.0], [3440.75, 2429.0], [3440.5, 9981.0], [3440.25, 18602.0], [3440.0, 40050.0], [3438.5, 400.0], [3436.25, 37262.0], [3435.0, 50.0], [3431.5, 36.0]], "asks": [[3449.5, 3015.0], [3449.75, 4846.0], [3450.0, 436.0], [3450.25, 1460.0], [3450.5, 1644.0], [3450.75, 5348.0], [3451.0, 16.0], [3453.0, 4221.0], [3453.25, 14086.0], [3454.0, 500.0], [3455.0, 16.0], [3455.5, 1890.0], [3455.75, 6331.0], [3456.0, 16.0], [3459.0, 16.0], [3459.25, 18523.0], [3460.0, 16.0], [3460.75, 76643.0], [3461.0, 400.0], [3461.5, 2.0]]}}}
{"jsonrpc": "2.0", "method": "subscription", "params": {"channel": "book.ETH-14NOV25.none.20.100ms", "data": {"timestamp": 1762912344395, "change_id": 96307263544, "instrument_name": "ETH-14NOV25", "bids": [[3448.0, 2600.0], [3447.75, 5000.0], [3447.5, 99379.0], [3447.25, 4245.0], [3447.0, 8011.0], [3443.75, 400.0], [3443.5, 5623.0], [3443.25, 20962.0], [3443.0, 22145.0], [3440.5, 2.0], [3440.25, 12125.0], [3439.75, 330.0], [3439.5, 1107.0], [3439.0, 400.0], [3438.0, 24527.0], [3437.75, 4437.0], [3437.25, 25287.0], [3437.0, 40000.0], [3435.75, 500.0], [3434.25, 17712.0]], "asks": [[3448.25, 5111.0], [3448.5, 3536.0], [3448.75, 4871.0], [3449.0, 7951.0], [3449.25, 6453.0], [3449.5, 21618.0], [3451.75, 4430.0], [3452.0, 14840.0], [3452.75, 7268.0], [3453.0, 24350.0], [3456.5, 2.0], [3458.5, 25300.0], [3459.25, 40402.0], [3460.75, 66004.0], [3465.25, 74152.0], [3465.5, 5535.0], [3466.25, 40000.0], [3467.5, 49925.0], [3470.0, 9.0], [3470.5, 73737.0]]}}}
{"jsonrpc": "2.0", "method": "subscription", "params": {"channel": "book.ETH-21NOV25.none.20.100ms", "data": {"timestamp": 1762912344347, "change_id": 96307263307, "instrument_name": "ETH-21NOV25", "bids": [[3449.0, 5348.0], [3448.75, 906.0], [3448.5, 2500.0], [3445.5, 2.0], [3445.0, 4296.0], [3444.75, 14392.0], [3443.75, 6620.0], [3443.5, 22176.0], [3443.25, 500.0], [3441.5, 1818.0], [3441.25, 6091.0], [3441.0, 339.0], [3440.75, 2429.0], [3440.5, 9981.0], [3440.25, 18602.0], [3440.0, 40050.0], [3438.5, 400.0], [3436.25, 37262.0], [3435.0, 50.0], [3431.5, 36.0]], "asks": [[3449.5, 3015.0], [3449.75, 4846.0], [3450.25, 160.0], [3450.5, 1644.0], [3450.75, 5348.0], [3451.0, 16.0], [3453.0, 4221.0], [3453.25, 14086.0], [3454.0, 500.0], [3455.0, 16.0], [3455.5, 1890.0], [3455.75, 6331.0], [3456.0, 16.0], [3459.0, 16.0], [3459.25, 18523.0], [3460.0, 16.0], [3460.75, 76643.0], [3461.0, 400.0], [3461.5, 2.0], [3461.75, 17220.0]]}}}
{"jsonrpc": "2.0", "method": "subscription", "params": {"channel": "book.ETH-14NOV25.none.20.100ms", "data": {"timestamp": 1762912344646, "change_id": 96307263730, "instrument_name": "ETH-14NOV25", "bids": [[3448.0, 2600.0], [3447.75, 5000.0], [3447.5, 776.0], [3447.25, 4245.0], [3447.0, 8011.0], [3443.75, 400.0], [3443.5, 5623.0], [3443.25, 20962.0], [3443.0, 22145.0], [3440.5, 2.0], [3440.25, 12125.0], [3439.75, 330.0], [3439.5, 1107.0], [3439.0, 400.0], [3438.0, 24527.0], [3437.75, 4437.0], [3437.25, 25287.0], [3437.0, 40000.0], [3435.75, 500.0], [3434.25, 17712.0]], "asks": [[3448.25, 5111.0], [3448.5, 3536.0], [3448.75, 4871.0], [3449.0, 7951.0], [3449.25, 6453.0], [3449.5, 21618.0], [3451.75, 4430.0], [3452.0, 14840.0], [3452.75, 7268.0], [3453.0, 24350.0], [3456.5, 2.0], [3458.5, 25300.0], [3459.25, 40402.0], [3460.75, 66004.0], [3465.25, 74152.0], [3465.5, 5535.0], [3466.25, 40000.0], [3467.5, 49925.0], [3470.0, 9.0], [3470.5, 73737.0]]}}}
{"jsonrpc": "2.0", "method": "subscription", "params": {"channel": "book.ETH-21NOV25.none.20.100ms", "data": {"timestamp": 1762912344536, "change_id": 96307263699, "instrument_name": "ETH-21NOV25", "bids": [[3449.0, 5348.0], [3448.75, 906.0], [3448.5, 2500.0], [3445.5, 2.0], [3445.0, 4296.0], [3444.75, 14392.0], [3443.75, 6620.0], [3443.5, 22176.0], [3443.25, 500.0], [3441.5, 1818.0], [3441.25, 6091.0], [3441.0, 339.0], [3440.75, 2429.0], [3440.5, 9981.0], [3440.25, 18602.0], [3440.0, 40050.0], [3438.5, 400.0], [3436.25, 37262.0], [3435.0, 50.0], [3431.5, 36.0]], "asks": [[3449.5, 4837.0], [3449.75, 1800.0], [3450.25, 160.0], [3450.5, 1644.0], [3450.75, 5348.0], [3451.0, 16.0], [3453.0, 4221.0], [3453.25, 14086.0], [3454.0, 500.0], [3455.0, 16.0], [3455.5, 1890.0], [3455.75, 6331.0], [3456.0, 16.0], [3459.0, 16.0], [3459.25, 18523.0], [3460.0, 16.0], [3460.75, 76643.0], [3461.0, 400.0], [3461.5, 2.0], [3461.75, 17220.0]]}}}
{"jsonrpc": "2.0", "method": "subscription", "params": {"channel": "book.ETH-14NOV25.none.20.100ms", "data": {"timestamp": 1762912344899, "change_id": 96307263967, "instrument_name": "ETH-14NOV25", "bids": [[3448.0, 2600.0], [3447.75, 5000.0], [3447.5, 4938.0], [3447.25, 102848.0], [3447.0, 8011.0], [3443.75, 400.0], [3443.5, 5623.0], [3443.25, 20962.0], [3443.0, 22145.0], [3440.5, 3621.0], [3440.25, 12125.0], [3439.75, 330.0], [3439.5, 1107.0], [3439.0, 400.0], [3438.0, 24527.0], [3437.75, 4437.0], [3437.25, 25287.0], [3437.0, 40000.0], [3435.75, 500.0], [3434.25, 17712.0]], "asks": [[3448.25, 5111.0], [3448.5, 3536.0], [3448.75, 4871.0], [3449.0, 7951.0], [3449.25, 6453.0], [3449.5, 21618.0], [3451.75, 4430.0], [3452.0, 14840.0], [3452.75, 7268.0], [3453.0, 24350.0], [3456.5, 2.0], [3458.5, 25300.0], [3459.25, 40402.0], [3460.75, 66004.0], [3465.25, 74152.0], [3465.5, 5535.0], [3466.25, 40000.0], [3467.5, 49925.0], [3470.0, 9.0], [3470.5, 73737.0]]}}}
{"jsonrpc": "2.0", "method": "subscription", "params": {"channel": "book.ETH-21NOV25.none.20.100ms", "data": {"timestamp": 1762912344861, "change_id": 96307263944, "instrument_name": "ETH-21NOV25", "bids": [[3449.0, 5348.0], [3448.75, 906.0], [3448.5, 2500.0], [3445.5, 2.0], [3445.0, 4296.0], [3444.75, 14392.0], [3443.75, 6620.0], [3443.5, 22176.0], [3443.25, 500.0], [3441.5, 1818.0], [3441.25, 6091.0], [3441.0, 339.0], [3440.75, 2429.0], [3440.5, 9981.0], [3440.25, 18602.0], [3440.0, 40050.0], [3438.5, 400.0], [3436.25, 37262.0], [3435.0, 50.0], [3431.5, 36.0]], "asks": [[3449.5, 2500.0], [3450.0, 585.0], [3450.25, 1960.0], [3450.5, 1644.0], [3450.75, 5348.0], [3451.0, 16.0], [3453.0, 4221.0], [3453.25, 14086.0], [3454.0, 500.0], [3455.0, 16.0], [3455.5, 1890.0], [3455.75, 6331.0], [3456.0, 16.0], [3459.0, 16.0], [3459.25, 18523.0], [3460.0, 16.0], [3460.75, 76643.0], [3461.0, 400.0], [3461.5, 2.0], [3461.75, 17220.0]]}}}
{"jsonrpc": "2.0", "method": "subscription", "params": {"channel": "book.ETH-14NOV25.none.20.100ms", "data": {"timestamp": 1762912345801, "change_id": 96307264941, "instrument_name": "ETH-14NOV25", "bids": [[3448.0, 2600.0], [3447.75, 7600.0], [3447.5, 4938.0], [3447.25, 102848.0], [3447.0, 8011.0], [3443.75, 400.0], [3443.5, 5623.0], [3443.25, 20962.0], [3443.0, 22145.0], [3440.5, 3621.0], [3440.25, 12125.0], [3439.75, 330.0], [3439.5, 1107.0], [3439.0, 400.0], [3438.0, 24527.0], [3437.75, 4437.0], [3437.25, 25287.0], [3437.0, 40000.0], [3435.75, 500.0], [3434.25, 17712.0]], "asks": [[3448.25, 5111.0], [3448.5, 3536.0], [3448.75, 4871.0], [3449.0, 7951.0], [3449.25, 6453.0], [3449.5, 21618.0], [3451.75, 4430.0], [3452.0, 14840.0], [3452.75, 7268.0], [3453.0, 24350.0], [3456.5, 2.0], [3458.5, 25300.0], [3459.25, 40402.0], [3460.75, 66004.0], [3465.25, 74152.0], [3465.5, 5535.0], [3466.25, 40000.0], [3467.5, 49925.0], [3470.0, 9.0], [3470.5, 73737.0]]}}}
{"jsonrpc": "2.0", "method": "subscription", "params": {"channel": "book.ETH-21NOV25.none.20.100ms", "data": {"timestamp": 1762912345835, "change_id": 96307265041, "instrument_name": "ETH-21NOV25", "bids": [[3449.0, 5348.0], [3448.75, 906.0], [3448.5, 2500.0], [3445.5, 2.0], [3445.0, 4296.0], [3444.75, 14392.0], [3443.75, 6620.0], [3443.5, 22176.0], [3443.25, 500.0], [3441.5, 1818.0], [3441.25, 6091.0], [3441.0, 339.0], [3440.75, 2429.0], [3440.5, 9981.0], [3440.25, 18602.0], [3440.0, 40050.0], [3438.5, 400.0], [3436.25, 37262.0], [3435.0, 50.0], [3431.5, 36.0]], "asks": [[3449.5, 3400.0], [3450.0, 585.0], [3450.25, 2497.0], [3450.5, 3444.0], [3450.75, 5348.0], [3451.0, 16.0], [3453.0, 4221.0], [3453.25, 14086.0], [3454.0, 500.0], [3455.0, 16.0], [3455.5, 1890.0], [3455.75, 6331.0], [3456.0, 16.0], [3459.0, 16.0], [3459.25, 18523.0], [3460.0, 16.0], [3460.75, 76643.0], [3461.0, 400.0], [3461.5, 2.0], [3461.75, 17220.0]]}}}
{"jsonrpc": "2.0", "method": "subscription", "params": {"channel": "book.ETH-21NOV25.none.20.100ms", "data": {"timestamp": 1762912346252, "change_id": 96307265293, "instrument_name": "ETH-21NOV25", "bids": [[3449.0, 5348.0], [3448.75, 906.0], [3448.5, 2500.0], [3445.5, 2.0], [3445.0, 4296.0], [3444.75, 14392.0], [3443.75, 6620.0], [3443.5, 22176.0], [3443.25, 500.0], [3441.5, 1818.0], [3441.25, 6091.0], [3441.0, 339.0], [3440.75, 2429.0], [3440.5, 9981.0], [3440.25, 18602.0], [3440.0, 40050.0], [3438.5, 400.0], [3436.25, 37262.0], [3435.0, 50.0], [3431.5, 36.0]], "asks": [[3449.5, 2500.0], [3450.0, 585.0], [3450.25, 2497.0], [3450.5, 3444.0], [3450.75, 5348.0], [3451.0, 16.0], [3453.0, 4221.0], [3453.25, 14086.0], [3454.0, 500.0], [3455.0, 16.0], [3455.5, 1890.0], [3455.75, 6331.0], [3456.0, 16.0], [3459.0, 16.0], [3459.25, 18523.0], [3460.0, 16.0], [3460.75, 76643.0], [3461.0, 400.0], [3461.5, 2.0], [3461.75, 17220.0]]}}}
{"jsonrpc": "2.0", "method": "subscription", "params": {"channel": "book.ETH-14NOV25.none.20.100ms", "data": {"timestamp": 1762912346713, "change_id": 96307266132, "instrument_name": "ETH-14NOV25", "bids": [[3447.5, 7600.0], [3447.25, 102848.0], [3447.0, 5511.0], [3446.75, 746.0], [3446.5, 2500.0], [3444.25, 3619.0], [3444.0, 12125.0], [3443.75, 400.0], [3443.5, 5623.0], [3443.25, 20962.0], [3443.0, 22145.0], [3441.75, 25287.0], [3441.0, 7321.0], [3440.75, 24527.0], [3440.5, 2.0], [3440.0, 50615.0], [3439.75, 330.0], [3439.5, 1107.0], [3439.0, 400.0], [3437.75, 4437.0]], "asks": [[3448.0, 5879.0], [3448.25, 3435.0], [3448.5, 3536.0], [3448.75, 4871.0], [3449.0, 15219.0], [3449.25, 30803.0], [3449.5, 21618.0], [3451.75, 4430.0], [3452.0, 14840.0], [3456.0, 48772.0], [3456.5, 2.0], [3459.25, 90327.0], [3460.75, 17232.0], [3465.25, 74152.0], [3465.5, 5535.0], [3466.25, 40000.0], [3470.0, 9.0], [3470.5, 73737.0], [3470.75, 40000.0], [3484.0, 50490.0]]}}}
{"jsonrpc": "2.0", "method": "subscription", "params": {"channel": "book.ETH-21NOV25.none.20.100ms", "data": {"timestamp": 1762912346717, "change_id": 96307266147, "instrument_name": "ETH-21NOV25", "bids": [[3448.75, 160.0], [3448.5, 5348.0], [3448.25, 746.0], [3448.0, 2500.0], [3446.0, 1818.0], [3445.75, 6091.0], [3445.5, 2.0], [3445.0, 4296.0], [3444.75, 14392.0], [3444.25, 5553.0], [3444.0, 18602.0], [3443.75, 6620.0], [3443.5, 22176.0], [3443.25, 500.0], [3442.0, 1886.0], [3441.75, 6318.0], [3441.25, 37262.0], [3441.0, 339.0], [3440.75, 2429.0], [3440.5, 4428.0]], "asks": [[3449.25, 2546.0], [3449.5, 2500.0], [3450.0, 585.0], [3450.25, 2497.0], [3450.5, 3444.0], [3451.0, 16.0], [3452.5, 1890.0], [3452.75, 6331.0], [3453.0, 4221.0], [3453.25, 14086.0], [3454.0, 500.0], [3454.5, 18523.0], [3455.0, 16.0], [3456.0, 16.0], [3457.25, 36643.0], [3459.0, 16.0], [3459.75, 36727.0], [3460.0, 16.0], [3460.75, 40000.0], [3461.0, 400.0]]}}}
{"jsonrpc": "2.0", "method": "subscription", "params": {"channel": "book.ETH-14NOV25.none.20.100ms", "data": {"timestamp": 1762912346996, "change_id": 96307267363, "instrument_name": "ETH-14NOV25", "bids": [[3447.25, 5000.0], [3446.75, 1502.0], [3446.5, 6145.0], [3446.25, 2660.0], [3443.75, 400.0], [3443.5, 5623.0], [3443.25, 33087.0], [3443.0, 22145.0], [3441.75, 25287.0], [3440.75, 24527.0], [3440.5, 2.0], [3440.0, 50615.0], [3439.75, 330.0], [3439.5, 1107.0], [3437.75, 4437.0], [3437.0, 40400.0], [3435.75, 500.0], [3434.25, 17712.0], [3433.25, 36.0], [3433.0, 49582.0]], "asks": [[3447.75, 7416.0], [3448.0, 8890.0], [3448.25, 3435.0], [3448.5, 3376.0], [3448.75, 3427.0], [3449.0, 9868.0], [3449.25, 30803.0], [3449.5, 21618.0], [3451.75, 4430.0], [3452.0, 14840.0], [3454.25, 25300.0], [3456.0, 48772.0], [3456.5, 2.0], [3459.25, 90327.0], [3460.75, 17232.0], [3465.25, 74152.0], [3465.5, 5535.0], [3466.25, 40000.0], [3470.0, 9.0], [3470.5, 73737.0]]}}}
{"jsonrpc": "2.0", "method": "subscription", "params": {"channel": "book.ETH-21NOV25.none.20.100ms", "data": {"timestamp": 1762912347001, "change_id": 96307267422, "instrument_name": "ETH-21NOV25", "bids": [[3448.25, 746.0], [3448.0, 5508.0], [3445.5, 2.0], [3445.0, 4296.0], [3444.75, 14392.0], [3444.25, 1818.0], [3444.0, 6091.0], [3443.75, 11326.0], [3443.5, 40778.0], [3443.25, 500.0], [3441.5, 11123.0], [3441.25, 37262.0], [3441.0, 339.0], [3440.75, 2429.0], [3440.5, 4428.0], [3440.0, 40050.0], [3438.5, 400.0], [3437.75, 37838.0], [3435.0, 50.0], [3431.5, 36.0]], "asks": [[3448.75, 2337.0], [3449.0, 2546.0], [3449.25, 2500.0], [3449.5, 1644.0], [3449.75, 5508.0], [3451.0, 16.0], [3452.5, 1890.0], [3452.75, 6331.0], [3453.0, 4221.0], [3453.25, 14086.0], [3454.0, 500.0], [3454.25, 5529.0], [3454.5, 18523.0], [3455.0, 16.0], [3456.0, 16.0], [3457.25, 36643.0], [3459.0, 16.0], [3459.75, 36727.0], [3460.0, 16.0], [3460.75, 40000.0]]}}}
{"jsonrpc": "2.0", "method": "subscription", "params": {"channel": "book.ETH-14NOV25.none.20.100ms", "data": {"timestamp": 1762912347204, "change_id": 96307267813, "instrument_name": "ETH-14NOV25", "bids": [[3447.0, 5000.0], [3446.75, 100102.0], [3446.5, 6145.0], [3446.25, 2660.0], [3443.75, 400.0], [3443.5, 8695.0], [3443.25, 33087.0], [3443.0, 22145.0], [3442.0, 7548.0], [3441.75, 25287.0], [3441.0, 7321.0], [3440.75, 24527.0], [3440.5, 2.0], [3440.25, 15109.0], [3440.0, 50615.0], [3439.75, 330.0], [3439.5, 1107.0], [3437.75, 4437.0], [3437.0, 40400.0], [3435.75, 500.0]], "asks": [[3447.5, 5876.0], [3447.75, 4916.0], [3448.0, 8890.0], [3448.25, 3435.0], [3448.5, 3376.0], [3448.75, 3427.0], [3449.0, 9868.0], [3449.25, 24350.0], [3451.75, 4430.0], [3452.0, 14840.0], [3454.25, 25300.0], [3456.0, 48772.0], [3456.5, 2.0], [3457.25, 40400.0], [3459.25, 49927.0], [3460.75, 17232.0], [3465.25, 74152.0], [3465.5, 5535.0], [3466.25, 40000.0], [3470.0, 9.0]]}}}
{"jsonrpc": "2.0", "method": "subscription", "params": {"channel": "book.ETH-21NOV25.none.20.100ms", "data": {"timestamp": 1762912347296, "change_id": 96307268126, "instrument_name": "ETH-21NOV25", "bids": [[3448.0, 6254.0], [3447.75, 2500.0], [3445.5, 2.0], [3445.0, 4296.0], [3444.75, 14392.0], [3444.25, 1818.0], [3444.0, 6091.0], [3443.75, 11326.0], [3443.5, 40778.0], [3443.25, 500.0], [3441.5, 11123.0], [3441.25, 37262.0], [3441.0, 339.0], [3440.75, 2429.0], [3440.5, 4428.0], [3440.0, 50.0], [3438.5, 400.0], [3438.0, 40000.0], [3437.75, 37838.0], [3435.0, 50.0]], "asks": [[3448.5, 2128.0], [3448.75, 1637.0], [3449.0, 2500.0], [3449.5, 1644.0], [3449.75, 5508.0], [3450.0, 7081.0], [3450.25, 25910.0], [3451.0, 16.0], [3452.5, 1890.0], [3452.75, 6331.0], [3453.0, 4221.0], [3453.25, 14086.0], [3454.0, 500.0], [3454.25, 5529.0], [3454.5, 18523.0], [3455.0, 16.0], [3456.0, 16.0], [3457.25, 36643.0], [3458.75, 40400.0], [3459.0, 16.0]]}}}
{"jsonrpc": "2.0", "method": "subscription", "params": {"channel": "book.ETH-14NOV25.none.20.100ms", "data": {"timestamp": 1762912347502, "change_id": 96307268699, "instrument_name": "ETH-14NOV25", "bids": [[3447.0, 5000.0], [3446.75, 1502.0], [3446.5, 6145.0], [3446.25, 2660.0], [3443.75, 400.0], [3443.5, 8695.0], [3443.25, 33087.0], [3443.0, 22145.0], [3442.0, 7548.0], [3441.75, 25287.0], [3441.0, 7321.0], [3440.75, 24527.0], [3440.5, 2.0], [3440.25, 15109.0], [3440.0, 50615.0], [3439.75, 330.0], [3439.5, 1107.0], [3437.75, 4437.0], [3437.0, 40400.0], [3435.75, 500.0]], "asks": [[3447.5, 5876.0], [3447.75, 4916.0], [3448.0, 8890.0], [3448.25, 3435.0], [3448.5, 3376.0], [3448.75, 3427.0], [3449.0, 9868.0], [3449.25, 24350.0], [3451.75, 4430.0], [3452.0, 14840.0], [3454.25, 25300.0], [3456.0, 48772.0], [3456.5, 2.0], [3457.25, 40400.0], [3459.25, 49927.0], [3460.75, 17232.0], [3465.25, 74152.0], [3465.5, 5535.0], [3466.25, 40000.0], [3470.0, 9.0]]}}}
{"jsonrpc": "2.0", "method": "subscription", "params": {"channel": "book.ETH-14NOV25.none.20.100ms", "data": {"timestamp": 1762912348007, "change_id": 96307270038, "instrument_name": "ETH-14NOV25", "bids": [[3446.75, 2600.0], [3446.5, 5000.0], [3446.25, 1757.0], [3446.0, 6097.0], [3445.75, 2500.0], [3443.75, 400.0], [3443.5, 8695.0], [3443.25, 33087.0], [3443.0, 22145.0], [3442.0, 7548.0], [3441.75, 25287.0], [3441.0, 7321.0], [3440.75, 24527.0], [3440.5, 2.0], [3440.25, 15109.0], [3440.0, 50615.0], [3439.75, 330.0], [3439.5, 1107.0], [3437.75, 4437.0], [3437.0, 40400.0]], "asks": [[3447.0, 2600.0], [3447.25, 5876.0], [3447.5, 3536.0], [3447.75, 4916.0], [3448.0, 8730.0], [3448.25, 3435.0], [3448.5, 3376.0], [3448.75, 3427.0], [3449.0, 9868.0], [3449.25, 24350.0], [3450.25, 4306.0], [3450.5, 14427.0], [3454.25, 25300.0], [3456.0, 48772.0], [3456.5, 2.0], [3457.25, 40400.0], [3459.25, 49927.0], [3460.75, 17232.0], [3465.25, 74152.0], [3465.5, 5535.0]]}}}
{"jsonrpc": "2.0", "method": "subscription", "params": {"channel": "book.ETH-21NOV25.none.20.100ms", "data": {"timestamp": 1762912347966, "change_id": 96307269914, "instrument_name": "ETH-21NOV25", "bids": [[3448.0, 1574.0], [3447.75, 6094.0], [3447.5, 2500.0], [3445.5, 2.0], [3445.0, 4296.0], [3444.75, 14392.0], [3444.25, 1818.0], [3444.0, 7198.0], [3443.75, 11326.0], [3443.5, 40778.0], [3443.25, 500.0], [3441.5, 11123.0], [3441.25, 37262.0], [3441.0, 9.0], [3440.75, 1322.0], [3440.5, 4428.0], [3440.0, 50.0], [3438.5, 400.0], [3438.0, 40000.0], [3437.75, 37838.0]], "asks": [[3448.5, 2504.0], [3448.75, 2500.0], [3449.25, 160.0], [3449.5, 1644.0], [3449.75, 5348.0], [3450.0, 7081.0], [3450.25, 25910.0], [3451.0, 16.0], [3452.5, 1890.0], [3452.75, 6331.0], [3453.0, 4221.0], [3453.25, 14086.0], [3454.0, 500.0], [3454.25, 5529.0], [3454.5, 18523.0], [3455.0, 16.0], [3456.0, 16.0], [3457.25, 36643.0], [3458.75, 40400.0], [3459.0, 16.0]]}}}
{"jsonrpc": "2.0", "method": "subscription", "params": {"channel": "book.ETH-14NOV25.none.20.100ms", "data": {"timestamp": 1762912348262, "change_id": 96307270432, "instrument_name": "ETH-14NOV25", "bids": [[3446.75, 2600.0], [3446.5, 103595.0], [3446.25, 1757.0], [3446.0, 8597.0], [3443.75, 400.0], [3443.5, 8695.0], [3443.25, 33087.0], [3443.0, 22145.0], [3442.0, 7548.0], [3441.75, 25287.0], [3441.0, 7321.0], [3440.75, 24527.0], [3440.25, 15109.0], [3440.0, 50615.0], [3437.0, 40400.0], [3435.75, 500.0], [3433.0, 49582.0], [3431.0, 17712.0], [3430.75, 40000.0], [3428.25, 76390.0]], "asks": [[3447.0, 2600.0], [3447.25, 5876.0], [3447.5, 3536.0], [3447.75, 4916.0], [3448.0, 8730.0], [3448.25, 3435.0], [3448.5, 3376.0], [3448.75, 3427.0], [3449.0, 9868.0], [3449.25, 24350.0], [3450.25, 4306.0], [3450.5, 14427.0], [3454.25, 25300.0], [3456.0, 48772.0], [3456.5, 2.0], [3457.25, 40400.0], [3459.25, 49927.0], [3460.75, 17232.0], [3465.25, 74152.0], [3465.5, 5535.0]]}}}
{"jsonrpc": "2.0", "method": "subscription", "params": {"channel": "book.ETH-21NOV25.none.20.100ms", "data": {"timestamp": 1762912348161, "change_id": 96307270284, "instrument_name": "ETH-21NOV25", "bids": [[3448.0, 1574.0], [3447.75, 6094.0], [3447.5, 2500.0], [3445.0, 4296.0], [3444.75, 14392.0], [3444.25, 1818.0], [3444.0, 6091.0], [3443.75, 11326.0], [3443.5, 40778.0], [3443.25, 500.0], [3441.5, 11123.0], [3441.25, 37262.0], [3440.0, 50.0], [3438.5, 400.0], [3438.0, 40000.0], [3437.75, 37838.0], [3435.0, 50.0], [3431.0, 40000.0], [3430.25, 37907.0], [3430.0, 50.0]], "asks": [[3448.5, 2504.0], [3448.75, 2500.0], [3449.25, 160.0], [3449.5, 1644.0], [3449.75, 5348.0], [3450.0, 7081.0], [3450.25, 25910.0], [3451.0, 16.0], [3452.5, 1890.0], [3452.75, 6331.0], [3453.0, 4221.0], [3453.25, 14086.0], [3454.0, 500.0], [3454.25, 5529.0], [3454.5, 18523.0], [3455.0, 16.0], [3456.0, 16.0], [3457.25, 36643.0], [3458.75, 40400.0], [3459.0, 16.0]]}}}
{"jsonrpc": "2.0", "method": "subscription", "params": {"channel": "book.ETH-14NOV25.none.20.100ms", "data": {"timestamp": 1762912348696, "change_id": 96307271157, "instrument_name": "ETH-14NOV25", "bids": [[3446.75, 2600.0], [3446.5, 103595.0], [3446.25, 1757.0], [3446.0, 8597.0], [3443.75, 400.0], [3443.5, 8695.0], [3443.25, 33087.0], [3443.0, 22145.0], [3442.0, 7548.0], [3441.75, 25287.0], [3441.0, 7321.0], [3440.75, 24527.0], [3440.25, 15109.0], [3440.0, 50615.0], [3437.0, 40400.0], [3435.75, 500.0], [3433.0, 49582.0], [3431.0, 17712.0], [3430.75, 40000.0], [3428.25, 76390.0]], "asks": [[3447.0, 2600.0], [3447.25, 5876.0], [3447.5, 3536.0], [3447.75, 4916.0], [3448.0, 8730.0], [3448.25, 3435.0], [3448.5, 3376.0], [3448.75, 3427.0], [3449.0, 9868.0], [3449.25, 24350.0], [3450.25, 4306.0], [3450.5, 14427.0], [3454.25, 25300.0], [3456.0, 48772.0], [3456.5, 2.0], [3457.25, 40400.0], [3459.25, 49927.0], [3460.75, 17232.0], [3465.25, 74152.0], [3465.5, 5535.0]]}}}
{"jsonrpc": "2.0", "method": "subscription", "params": {"channel": "book.ETH-21NOV25.none.20.100ms", "data": {"timestamp": 1762912348629, "change_id": 96307271150, "instrument_name": "ETH-21NOV25", "bids": [[3448.0, 1574.0], [3447.75, 6094.0], [3447.5, 2500.0], [3445.25, 2.0], [3445.0, 4296.0], [3444.75, 14392.0], [3444.25, 1818.0], [3444.0, 6091.0], [3443.75, 11326.0], [3443.5, 40778.0], [3443.25, 500.0], [3441.5, 11123.0], [3441.25, 37262.0], [3440.0, 50.0], [3438.5, 400.0], [3438.0, 40000.0], [3437.75, 37838.0], [3435.0, 50.0], [3431.0, 40000.0], [3430.25, 37907.0]], "asks": [[3448.5, 2504.0], [3448.75, 2500.0], [3449.25, 160.0], [3449.5, 1644.0], [3449.75, 5348.0], [3451.0, 16.0], [3452.5, 1890.0], [3452.75, 6331.0], [3453.0, 4221.0], [3453.25, 14086.0], [3454.0, 500.0], [3454.25, 5529.0], [3454.5, 18523.0], [3455.0, 16.0], [3456.0, 16.0], [3457.25, 36643.0], [3458.75, 40400.0], [3459.0, 16.0], [3459.75, 36727.0], [3460.0, 16.0]]}}}
{"jsonrpc": "2.0", "method": "subscription", "params": {"channel": "book.ETH-14NOV25.none.20.100ms", "data": {"timestamp": 1762912348977, "change_id": 96307271693, "instrument_name": "ETH-14NOV25", "bids": [[3446.75, 108320.0], [3446.5, 7446.0], [3446.25, 906.0], [3446.0, 2500.0], [3443.75, 400.0], [3443.5, 8695.0], [3443.25, 33087.0], [3443.0, 22145.0], [3442.0, 7548.0], [3441.75, 25287.0], [3441.0, 7321.0], [3440.75, 24527.0], [3440.25, 15109.0], [3440.0, 50615.0], [3437.0, 40400.0], [3435.75, 500.0], [3434.25, 36.0], [3433.0, 49582.0], [3431.0, 17712.0], [3430.75, 40000.0]], "asks": [[3447.25, 3276.0], [3447.5, 4883.0], [3447.75, 8270.0], [3448.0, 3379.0], [3448.25, 3435.0], [3448.5, 3376.0], [3448.75, 3427.0], [3449.0, 9868.0], [3449.25, 24350.0], [3450.25, 4306.0], [3450.5, 14427.0], [3454.25, 25300.0], [3456.0, 48772.0], [3456.5, 2.0], [3457.25, 40400.0], [3459.25, 49927.0], [3460.75, 17232.0], [3465.25, 74152.0], [3465.5, 5535.0], [3466.25, 40000.0]]}}}
{"jsonrpc": "2.0", "method": "subscription", "params": {"channel": "book.ETH-21NOV25.none.20.100ms", "data": {"timestamp": 1762912349013, "change_id": 96307271861, "instrument_name": "ETH-21NOV25", "bids": [[3448.25, 3376.0], [3448.0, 7550.0], [3447.75, 2500.0], [3445.25, 2.0], [3445.0, 4296.0], [3444.75, 14392.0], [3444.25, 1818.0], [3444.0, 6091.0], [3443.75, 11326.0], [3443.5, 40778.0], [3443.25, 500.0], [3441.5, 11123.0], [3441.25, 37262.0], [3440.0, 50.0], [3438.5, 400.0], [3438.0, 40000.0], [3437.75, 37838.0], [3435.0, 50.0], [3431.25, 17712.0], [3431.0, 40000.0]], "asks": [[3448.75, 2500.0], [3449.25, 1606.0], [3449.5, 4844.0], [3451.0, 16.0], [3452.5, 1890.0], [3452.75, 6331.0], [3453.0, 4221.0], [3453.25, 14086.0], [3454.0, 500.0], [3454.25, 5529.0], [3454.5, 18523.0], [3455.0, 16.0], [3456.0, 16.0], [3457.25, 36643.0], [3458.75, 40400.0], [3459.0, 16.0], [3459.75, 36727.0], [3460.0, 16.0], [3461.5, 2.0], [3461.75, 17220.0]]}}}
{"jsonrpc": "2.0", "method": "subscription", "params": {"channel": "book.ETH-14NOV25.none.20.100ms", "data": {"timestamp": 1762912349349, "change_id": 96307272358, "instrument_name": "ETH-14NOV25", "bids": [[3446.75, 9745.0], [3446.5, 7446.0], [3446.25, 906.0], [3446.0, 2500.0], [3443.75, 400.0], [3443.5, 8695.0], [3443.25, 33087.0], [3443.0, 22145.0], [3442.0, 7548.0], [3441.75, 25287.0], [3441.0, 7321.0], [3440.75, 24527.0], [3440.25, 15109.0], [3440.0, 50615.0], [3437.0, 40400.0], [3435.75, 500.0], [3434.25, 36.0], [3433.0, 49582.0], [3431.0, 17712.0], [3430.75, 40000.0]], "asks": [[3447.25, 3276.0], [3447.5, 4883.0], [3447.75, 8270.0], [3448.0, 3379.0], [3448.25, 3435.0], [3448.5, 3376.0], [3448.75, 3427.0], [3449.0, 9868.0], [3449.25, 24350.0], [3450.25, 4306.0], [3450.5, 14427.0], [3454.25, 25300.0], [3456.0, 48772.0], [3456.5, 2.0], [3457.25, 40400.0], [3459.25, 49927.0], [3460.75, 17232.0], [3465.25, 74152.0], [3465.5, 5535.0], [3466.25, 40000.0]]}}}
{"jsonrpc": "2.0", "method": "subscription", "params": {"channel": "book.ETH-14NOV25.none.20.100ms", "data": {"timestamp": 1762912349516, "change_id": 96307272854, "instrument_name": "ETH-14NOV25", "bids": [[3446.75, 9745.0], [3446.5, 7446.0], [3446.25, 906.0], [3446.0, 2500.0], [3443.75, 400.0], [3443.5, 8695.0], [3443.25, 33087.0], [3443.0, 22145.0], [3442.0, 7548.0], [3441.75, 25287.0], [3441.0, 7321.0], [3440.75, 24527.0], [3440.25, 15109.0], [3440.0, 50615.0], [3437.0, 40400.0], [3435.75, 500.0], [3434.25, 4464.0], [3433.0, 49582.0], [3431.0, 17712.0], [3430.75, 40000.0]], "asks": [[3447.25, 3287.0], [3447.5, 4883.0], [3447.75, 8270.0], [3448.0, 3379.0], [3448.25, 3424.0], [3448.5, 3376.0], [3448.75, 3427.0], [3449.0, 9868.0], [3449.25, 24350.0], [3450.25, 4306.0], [3450.5, 14427.0], [3454.25, 25300.0], [3456.0, 48772.0], [3456.5, 2.0], [3457.25, 40400.0], [3459.25, 49927.0], [3460.75, 17232.0], [3465.25, 74152.0], [3465.5, 5535.0], [3466.25, 40000.0]]}}}
{"jsonrpc": "2.0", "method": "subscription", "params": {"channel": "book.ETH-21NOV25.none.20.100ms", "data": {"timestamp": 1762912349685, "change_id": 96307272915, "instrument_name": "ETH-21NOV25", "bids": [[3448.25, 3376.0], [3448.0, 7550.0], [3447.75, 2500.0], [3445.25, 2.0], [3445.0, 4296.0], [3444.75, 14392.0], [3444.25, 1818.0], [3444.0, 6091.0], [3443.75, 11326.0], [3443.5, 40778.0], [3443.25, 500.0], [3441.5, 11123.0], [3441.25, 37262.0], [3440.0, 50.0], [3438.5, 400.0], [3438.0, 40000.0], [3437.75, 37838.0], [3435.0, 50.0], [3431.25, 17712.0], [3431.0, 40000.0]], "asks": [[3448.75, 2500.0], [3449.25, 1606.0], [3449.5, 4844.0], [3451.0, 16.0], [3452.5, 1890.0], [3452.75, 6331.0], [3453.0, 4221.0], [3453.25, 14086.0], [3454.0, 500.0], [3454.25, 5529.0], [3454.5, 18523.0], [3455.0, 16.0], [3456.0, 16.0], [3457.25, 36643.0], [3458.75, 40400.0], [3459.0, 16.0], [3459.75, 36727.0], [3460.0, 16.0], [3461.5, 2.0], [3461.75, 17220.0]]}}}
{"jsonrpc": "2.0", "method": "subscription", "params": {"channel": "book.ETH-14NOV25.none.20.100ms", "data": {"timestamp": 1762912349985, "change_id": 96307273224, "instrument_name": "ETH-14NOV25", "bids": [[3446.75, 108342.0], [3446.5, 4846.0], [3446.25, 906.0], [3446.0, 2500.0], [3443.75, 400.0], [3443.5, 8695.0], [3443.25, 33087.0], [3443.0, 22145.0], [3442.0, 7548.0], [3441.75, 25287.0], [3441.0, 7321.0], [3440.75, 24527.0], [3440.25, 15109.0], [3440.0, 50615.0], [3437.0, 40400.0], [3435.75, 500.0], [3434.25, 4464.0], [3433.0, 49582.0], [3431.0, 17712.0], [3430.75, 40000.0]], "asks": [[3447.25, 3287.0], [3447.5, 3536.0], [3447.75, 4717.0], [3448.0, 8225.0], [3448.25, 3424.0], [3448.5, 3376.0], [3448.75, 3427.0], [3449.0, 9868.0], [3449.25, 24350.0], [3450.25, 4306.0], [3450.5, 14427.0], [3454.25, 25300.0], [3456.0, 48772.0], [3456.5, 2.0], [3457.25, 40400.0], [3459.25, 49927.0], [3460.75, 17232.0], [3465.25, 74152.0], [3465.5, 5535.0], [3466.25, 40000.0]]}}}
{"jsonrpc": "2.0", "method": "subscription", "params": {"channel": "book.ETH-21NOV25.none.20.100ms", "data": {"timestamp": 1762912349959, "change_id": 96307273212, "instrument_name": "ETH-21NOV25", "bids": [[3448.5, 1800.0], [3448.25, 1576.0], [3448.0, 5750.0], [3447.75, 2500.0], [3445.25, 2.0], [3445.0, 4296.0], [3444.75, 14392.0], [3444.25, 1818.0], [3444.0, 6091.0], [3443.75, 11326.0], [3443.5, 40778.0], [3443.25, 500.0], [3441.5, 11123.0], [3441.25, 37262.0], [3440.0, 50.0], [3438.5, 400.0], [3438.25, 4428.0], [3438.0, 40000.0], [3437.75, 37838.0], [3435.0, 50.0]], "asks": [[3448.75, 2500.0], [3449.0, 585.0], [3449.25, 1960.0], [3449.5, 1446.0], [3449.75, 4844.0], [3451.0, 16.0], [3452.5, 1890.0], [3452.75, 6331.0], [3453.0, 4221.0], [3453.25, 14086.0], [3454.0, 500.0], [3454.25, 5529.0], [3454.5, 18523.0], [3455.0, 16.0], [3456.0, 16.0], [3457.25, 36643.0], [3458.75, 40400.0], [3459.0, 16.0], [3459.75, 36727.0], [3460.0, 16.0]]}}}
{"jsonrpc": "2.0", "method": "subscription", "params": {"channel": "book.ETH-14NOV25.none.20.100ms", "data": {"timestamp": 1762912350189, "change_id": 96307273435, "instrument_name": "ETH-14NOV25", "bids": [[3446.75, 108342.0], [3446.5, 4846.0], [3446.25, 906.0], [3446.0, 2500.0], [3443.75, 400.0], [3443.5, 8695.0], [3443.25, 33087.0], [3443.0, 22145.0], [3442.0, 7548.0], [3441.75, 25287.0], [3441.0, 7321.0], [3440.75, 24527.0], [3440.25, 15109.0], [3440.0, 50615.0], [3437.0, 40400.0], [3435.75, 500.0], [3434.25, 4464.0], [3433.0, 49582.0], [3431.0, 17712.0], [3430.75, 40000.0]], "asks": [[3447.25, 3287.0], [3447.5, 3536.0], [3447.75, 4717.0], [3448.0, 8225.0], [3448.25, 3424.0], [3448.5, 3376.0], [3448.75, 3427.0], [3449.0, 9868.0], [3449.25, 24350.0], [3450.25, 4306.0], [3450.5, 14427.0], [3454.25, 25300.0], [3456.0, 48772.0], [3456.5, 2.0], [3457.25, 40400.0], [3459.25, 49927.0], [3460.75, 17232.0], [3465.25, 74152.0], [3465.5, 5535.0], [3466.25, 40000.0]]}}}
{"jsonrpc": "2.0", "method": "subscription", "params": {"channel": "book.ETH-21NOV25.none.20.100ms", "data": {"timestamp": 1762912350147, "change_id": 96307273408, "instrument_name": "ETH-21NOV25", "bids": [[3448.5, 1800.0], [3448.25, 1576.0], [3448.0, 6750.0], [3447.75, 2500.0], [3445.25, 2.0], [3445.0, 4296.0], [3444.75, 14392.0], [3444.25, 1818.0], [3444.0, 6091.0], [3443.75, 11326.0], [3443.5, 40778.0], [3443.25, 500.0], [3441.5, 11123.0], [3441.25, 37262.0], [3440.0, 50.0], [3438.5, 400.0], [3438.25, 4428.0], [3438.0, 40000.0], [3437.75, 37838.0], [3435.0, 50.0]], "asks": [[3448.75, 2500.0], [3449.0, 585.0], [3449.25, 1960.0], [3449.5, 1446.0], [3449.75, 4844.0], [3451.0, 16.0], [3452.5, 1890.0], [3452.75, 6331.0], [3453.0, 4221.0], [3453.25, 14086.0], [3454.0, 500.0], [3454.25, 5529.0], [3454.5, 18523.0], [3455.0, 16.0], [3456.0, 16.0], [3457.25, 36643.0], [3458.75, 40400.0], [3459.0, 16.0], [3459.75, 36727.0], [3460.0, 16.0]]}}}
{"jsonrpc": "2.0", "method": "subscription", "params": {"channel": "book.ETH-14NOV25.none.20.100ms", "data": {"timestamp": 1762912350987, "change_id": 96307275122, "instrument_name": "ETH-14NOV25", "bids": [[3447.0, 7446.0], [3446.75, 108342.0], [3446.5, 794.0], [3446.25, 2660.0], [3443.75, 400.0], [3443.5, 8695.0], [3443.25, 33087.0], [3443.0, 22145.0], [3442.0, 7548.0], [3441.75, 25287.0], [3441.0, 7321.0], [3440.75, 24527.0], [3440.25, 15109.0], [3440.0, 50615.0], [3437.0, 40400.0], [3435.75, 500.0], [3434.25, 4464.0], [3433.0, 49582.0], [3431.0, 17712.0], [3430.75, 40000.0]], "asks": [[3447.25, 11.0], [3447.5, 1522.0], [3447.75, 5924.0], [3448.0, 3379.0], [3448.25, 4877.0], [3448.5, 8222.0], [3448.75, 3427.0], [3449.0, 9868.0], [3449.25, 24350.0], [3450.25, 4306.0], [3450.5, 14427.0], [3454.25, 25300.0], [3456.0, 48772.0], [3456.5, 2.0], [3457.25, 40400.0], [3459.25, 49927.0], [3460.75, 17232.0], [3465.25, 74152.0], [3465.5, 5535.0], [3466.25, 40000.0]]}}}
{"jsonrpc": "2.0", "method": "subscription", "params": {"channel": "book.ETH-21NOV25.none.20.100ms", "data": {"timestamp": 1762912350993, "change_id": 96307275142, "instrument_name": "ETH-21NOV25", "bids": [[3448.5, 6644.0], [3448.25, 346.0], [3448.0, 1906.0], [3447.75, 2500.0], [3445.25, 2.0], [3445.0, 4296.0], [3444.75, 14392.0], [3444.25, 1818.0], [3444.0, 6091.0], [3443.75, 11326.0], [3443.5, 40778.0], [3443.25, 500.0], [3442.0, 330.0], [3441.75, 1107.0], [3441.5, 11123.0], [3441.25, 37262.0], [3440.0, 50.0], [3438.5, 400.0], [3438.25, 4428.0], [3438.0, 40000.0]], "asks": [[3449.0, 794.0], [3449.25, 2500.0], [3449.75, 1494.0], [3450.0, 5004.0], [3450.5, 537.0], [3450.75, 1800.0], [3451.0, 16.0], [3452.5, 1890.0], [3452.75, 6331.0], [3453.0, 4221.0], [3453.25, 14086.0], [3454.0, 500.0], [3454.25, 5529.0], [3454.5, 18523.0], [3455.0, 16.0], [3456.0, 16.0], [3457.25, 36643.0], [3458.75, 40400.0], [3459.0, 16.0], [3459.75, 36727.0]]}}}
{"jsonrpc": "2.0", "method": "subscription", "params": {"channel": "book.ETH-14NOV25.none.20.100ms", "data": {"timestamp": 1762912351320, "change_id": 96307275941, "instrument_name": "ETH-14NOV25", "bids": [[3447.0, 2600.0], [3446.75, 8947.0], [3446.5, 5640.0], [3446.25, 906.0], [3446.0, 2500.0], [3443.75, 400.0], [3443.5, 8695.0], [3443.25, 33087.0], [3443.0, 22145.0], [3442.0, 7548.0], [3441.75, 25287.0], [3441.0, 7321.0], [3440.75, 24527.0], [3440.5, 1107.0], [3440.25, 15109.0], [3440.0, 50615.0], [3437.0, 40400.0], [3435.75, 500.0], [3434.25, 4464.0], [3433.0, 49582.0]], "asks": [[3447.25, 11.0], [3447.5, 3324.0], [3447.75, 4877.0], [3448.0, 8225.0], [3448.25, 3424.0], [3448.5, 3376.0], [3448.75, 3427.0], [3449.0, 9868.0], [3449.25, 24350.0], [3449.5, 299.0], [3449.75, 1000.0], [3450.25, 4306.0], [3450.5, 14427.0], [3454.25, 25300.0], [3456.0, 48772.0], [3456.5, 2.0], [3457.25, 40400.0], [3459.25, 49927.0], [3460.75, 17232.0], [3465.25, 74152.0]]}}}
{"jsonrpc": "2.0", "method": "subscription", "params": {"channel": "book.ETH-21NOV25.none.20.100ms", "data": {"timestamp": 1762912351186, "change_id": 96307275606, "instrument_name": "ETH-21NOV25", "bids": [[3448.25, 869.0], [3448.0, 6750.0], [3447.75, 2500.0], [3445.25, 2.0], [3445.0, 4296.0], [3444.75, 14392.0], [3444.25, 1818.0], [3444.0, 6091.0], [3443.75, 11326.0], [3443.5, 40778.0], [3443.25, 500.0], [3442.0, 330.0], [3441.75, 1107.0], [3441.5, 11123.0], [3441.25, 37262.0], [3440.0, 50.0], [3438.5, 400.0], [3438.25, 4428.0], [3438.0, 40000.0], [3437.75, 37838.0]], "asks": [[3449.0, 794.0], [3449.25, 2500.0], [3449.75, 1494.0], [3450.0, 5004.0], [3450.5, 537.0], [3450.75, 1800.0], [3451.0, 16.0], [3452.5, 1890.0], [3452.75, 6331.0], [3453.0, 4221.0], [3453.25, 14086.0], [3454.0, 500.0], [3454.25, 5529.0], [3454.5, 18523.0], [3455.0, 16.0], [3456.0, 16.0], [3457.25, 36643.0], [3458.75, 40400.0], [3459.0, 16.0], [3459.75, 36727.0]]}}}
{"jsonrpc": "2.0", "method": "subscription", "params": {"channel": "book.ETH-14NOV25.none.20.100ms", "data": {"timestamp": 1762912351494, "change_id": 96307276449, "instrument_name": "ETH-14NOV25", "bids": [[3447.0, 2600.0], [3446.75, 107566.0], [3446.5, 5640.0], [3446.25, 906.0], [3446.0, 2500.0], [3443.75, 400.0], [3443.5, 8695.0], [3443.25, 33087.0], [3443.0, 22145.0], [3442.0, 7548.0], [3441.75, 25287.0], [3441.0, 7321.0], [3440.75, 24527.0], [3440.5, 1107.0], [3440.25, 15109.0], [3440.0, 50615.0], [3437.0, 40400.0], [3435.75, 500.0], [3434.5, 9.0], [3434.25, 4464.0]], "asks": [[3447.25, 11.0], [3447.5, 3324.0], [3447.75, 4877.0], [3448.0, 8225.0], [3448.25, 3424.0], [3448.5, 3376.0], [3448.75, 3427.0], [3449.0, 9868.0], [3449.25, 24350.0], [3449.5, 299.0], [3449.75, 1000.0], [3450.25, 4306.0], [3450.5, 14427.0], [3454.25, 25300.0], [3456.0, 48772.0], [3456.5, 2.0], [3457.25, 40400.0], [3459.25, 49927.0], [3460.75, 17232.0], [3465.25, 74152.0]]}}}
{"jsonrpc": "2.0", "method": "subscription", "params": {"channel": "book.ETH-21NOV25.none.20.100ms", "data": {"timestamp": 1762912351570, "change_id": 96307276482, "instrument_name": "ETH-21NOV25", "bids": [[3448.25, 869.0], [3448.0, 6750.0], [3447.75, 2500.0], [3445.25, 2.0], [3445.0, 4296.0], [3444.75, 14392.0], [3444.25, 1818.0], [3444.0, 6091.0], [3443.75, 11326.0], [3443.5, 40778.0], [3443.25, 500.0], [3442.0, 330.0], [3441.75, 1107.0], [3441.5, 11123.0], [3441.25, 37262.0], [3440.0, 50.0], [3438.5, 400.0], [3438.25, 4428.0], [3438.0, 40000.0], [3437.75, 37838.0]], "asks": [[3448.75, 2046.0], [3449.0, 2500.0], [3449.5, 160.0], [3449.75, 1494.0], [3450.0, 4844.0], [3450.5, 537.0], [3450.75, 1800.0], [3451.0, 16.0], [3452.5, 1890.0], [3452.75, 6331.0], [3453.0, 4221.0], [3453.25, 14086.0], [3454.0, 500.0], [3454.25, 5529.0], [3454.5, 18523.0], [3455.0, 16.0], [3456.0, 16.0], [3457.25, 36643.0], [3458.75, 40400.0], [3459.0, 16.0]]}}}
{"jsonrpc": "2.0", "method": "subscription", "params": {"channel": "book.ETH-14NOV25.none.20.100ms", "data": {"timestamp": 1762912351871, "change_id": 96307276716, "instrument_name": "ETH-14NOV25", "bids": [[3447.0, 2600.0], [3446.75, 8947.0], [3446.5, 5640.0], [3446.25, 906.0], [3446.0, 2500.0], [3443.75, 400.0], [3443.5, 8695.0], [3443.25, 33087.0], [3443.0, 22145.0], [3442.0, 7548.0], [3441.75, 25287.0], [3441.0, 7321.0], [3440.75, 24527.0], [3440.5, 1107.0], [3440.25, 15109.0], [3440.0, 50615.0], [3437.0, 40400.0], [3435.75, 500.0], [3434.5, 9.0], [3434.25, 4464.0]], "asks": [[3447.25, 2611.0], [3447.5, 3324.0], [3447.75, 4877.0], [3448.0, 8225.0], [3448.25, 3424.0], [3448.5, 3376.0], [3448.75, 3427.0], [3449.0, 9868.0], [3449.25, 24350.0], [3449.5, 299.0], [3449.75, 1000.0], [3450.25, 4306.0], [3450.5, 14427.0], [3454.25, 25300.0], [3456.0, 48772.0], [3456.5, 2.0], [3457.25, 40400.0], [3459.25, 49927.0], [3460.75, 17232.0], [3465.25, 74152.0]]}}}
{"jsonrpc": "2.0", "method": "subscription", "params": {"channel": "book.ETH-21NOV25.none.20.100ms", "data": {"timestamp": 1762912351951, "change_id": 96307276813, "instrument_name": "ETH-21NOV25", "bids": [[3448.25, 2669.0], [3448.0, 6750.0], [3447.75, 2500.0], [3445.25, 2.0], [3445.0, 4296.0], [3444.75, 14392.0], [3444.25, 1818.0], [3444.0, 6091.0], [3443.75, 11326.0], [3443.5, 40778.0], [3443.25, 500.0], [3442.0, 330.0], [3441.75, 1107.0], [3441.5, 11123.0], [3441.25, 37262.0], [3440.0, 50.0], [3438.5, 409.0], [3438.25, 4428.0], [3438.0, 40000.0], [3437.75, 37838.0]], "asks": [[3448.75, 2046.0], [3449.0, 2500.0], [3449.25, 585.0], [3449.5, 1960.0], [3449.75, 1494.0], [3450.0, 4844.0], [3450.5, 537.0], [3450.75, 1800.0], [3451.0, 16.0], [3452.5, 1890.0], [3452.75, 6331.0], [3453.0, 4221.0], [3453.25, 14086.0], [3454.0, 500.0], [3454.25, 5529.0], [3454.5, 18523.0], [3455.0, 16.0], [3456.0, 16.0], [3457.25, 36643.0], [3458.75, 40400.0]]}}}
{"jsonrpc": "2.0", "method": "subscription", "params": {"channel": "book.ETH-14NOV25.none.20.100ms", "data": {"timestamp": 1762912352232, "change_id": 96307277280, "instrument_name": "ETH-14NOV25", "bids": [[3447.0, 101219.0], [3446.75, 8947.0], [3446.5, 5640.0], [3446.25, 2660.0], [3443.75, 400.0], [3443.5, 8695.0], [3443.25, 33087.0], [3443.0, 22145.0], [3442.0, 7548.0], [3441.75, 25287.0], [3441.0, 7321.0], [3440.75, 24857.0], [3440.5, 1107.0], [3440.25, 15109.0], [3440.0, 50615.0], [3437.0, 40400.0], [3435.75, 500.0], [3434.5, 9.0], [3434.25, 4464.0], [3433.0, 49582.0]], "asks": [[3447.25, 2611.0], [3447.5, 3324.0], [3447.75, 4877.0], [3448.0, 8225.0], [3448.25, 3424.0], [3448.5, 3376.0], [3448.75, 3427.0], [3449.0, 9868.0], [3449.25, 24350.0], [3449.5, 299.0], [3449.75, 1000.0], [3450.25, 4306.0], [3450.5, 14427.0], [3454.25, 25300.0], [3456.0, 48772.0], [3456.5, 2.0], [3457.25, 40400.0], [3459.25, 49927.0], [3460.75, 17232.0], [3465.25, 74152.0]]}}}
{"jsonrpc": "2.0", "method": "subscription", "params": {"channel": "book.ETH-14NOV25.none.20.100ms", "data": {"timestamp": 1762912352963, "change_id": 96307278224, "instrument_name": "ETH-14NOV25", "bids": [[3447.0, 2600.0], [3446.75, 6347.0], [3446.5, 5640.0], [3446.25, 2660.0], [3443.75, 400.0], [3443.5, 8695.0], [3443.25, 33087.0], [3443.0, 22145.0], [3442.0, 7548.0], [3441.75, 25287.0], [3441.0, 7321.0], [3440.75, 24857.0], [3440.5, 1107.0], [3440.25, 15109.0], [3440.0, 50615.0], [3437.0, 40400.0], [3435.75, 500.0], [3434.5, 9.0], [3434.25, 4464.0], [3433.0, 49582.0]], "asks": [[3447.25, 2611.0], [3447.5, 3324.0], [3447.75, 4877.0], [3448.0, 8225.0], [3448.25, 3424.0], [3448.5, 3376.0], [3448.75, 3427.0], [3449.0, 9868.0], [3449.25, 24350.0], [3449.5, 299.0], [3449.75, 1000.0], [3450.25, 4306.0], [3450.5, 14427.0], [3454.25, 25300.0], [3456.0, 48772.0], [3456.5, 2.0], [3457.25, 40400.0], [3459.25, 49927.0], [3460.75, 17232.0], [3465.25, 74152.0]]}}}
{"jsonrpc": "2.0", "method": "subscription", "params": {"channel": "book.ETH-21NOV25.none.20.100ms", "data": {"timestamp": 1762912352876, "change_id": 96307278197, "instrument_name": "ETH-21NOV25", "bids": [[3448.25, 2669.0], [3448.0, 6750.0], [3447.75, 2500.0], [3445.75, 1818.0], [3445.5, 6091.0], [3445.25, 2.0], [3445.0, 4296.0], [3444.75, 14392.0], [3443.75, 11326.0], [3443.5, 40778.0], [3443.25, 500.0], [3442.25, 6318.0], [3442.0, 330.0], [3441.75, 1107.0], [3441.5, 11123.0], [3441.25, 37262.0], [3440.0, 50.0], [3438.5, 409.0], [3438.25, 4428.0], [3438.0, 40000.0]], "asks": [[3448.75, 2046.0], [3449.0, 2500.0], [3449.25, 585.0], [3449.5, 1960.0], [3449.75, 1494.0], [3450.0, 4844.0], [3450.5, 537.0], [3450.75, 1800.0], [3451.0, 16.0], [3452.5, 1890.0], [3452.75, 6331.0], [3453.0, 4221.0], [3453.25, 14086.0], [3454.0, 500.0], [3454.25, 5529.0], [3454.5, 18523.0], [3455.0, 16.0], [3456.0, 16.0], [3457.25, 36643.0], [3458.75, 40400.0]]}}}
{"jsonrpc": "2.0", "method": "subscription", "params": {"channel": "book.ETH-14NOV25.none.20.100ms", "data": {"timestamp": 1762912353323, "change_id": 96307279019, "instrument_name": "ETH-14NOV25", "bids": [[3447.0, 106065.0], [3446.75, 5000.0], [3446.5, 794.0], [3446.25, 2660.0], [3444.5, 3619.0], [3444.25, 12125.0], [3443.75, 400.0], [3443.5, 5623.0], [3443.25, 20962.0], [3443.0, 22145.0], [3441.25, 24527.0], [3441.0, 25287.0], [3440.75, 330.0], [3440.5, 1107.0], [3440.25, 15109.0], [3440.0, 50615.0], [3437.0, 40400.0], [3435.75, 500.0], [3434.5, 9.0], [3434.25, 4464.0]], "asks": [[3447.25, 11.0], [3447.75, 5924.0], [3448.0, 3379.0], [3448.25, 4765.0], [3448.5, 8382.0], [3448.75, 3427.0], [3449.0, 9868.0], [3449.25, 24350.0], [3449.5, 299.0], [3449.75, 1000.0], [3454.25, 25300.0], [3456.0, 48772.0], [3456.5, 2.0], [3457.25, 40400.0], [3459.25, 49927.0], [3460.75, 17232.0], [3465.25, 74152.0], [3465.5, 5535.0], [3466.25, 40000.0], [3470.0, 9.0]]}}}
{"jsonrpc": "2.0", "method": "subscription", "params": {"channel": "book.ETH-21NOV25.none.20.100ms", "data": {"timestamp": 1762912353290, "change_id": 96307278823, "instrument_name": "ETH-21NOV25", "bids": [[3448.75, 2402.0], [3448.5, 7182.0], [3448.25, 346.0], [3448.0, 1906.0], [3447.75, 2500.0], [3445.75, 1818.0], [3445.5, 6091.0], [3445.25, 2.0], [3445.0, 4296.0], [3444.75, 14392.0], [3443.75, 11326.0], [3443.5, 40778.0], [3443.25, 500.0], [3442.5, 1886.0], [3442.25, 6318.0], [3442.0, 330.0], [3441.75, 1107.0], [3441.5, 11123.0], [3441.25, 37262.0], [3440.0, 50.0]], "asks": [[3449.25, 3085.0], [3449.5, 1800.0], [3449.75, 1494.0], [3450.0, 4844.0], [3450.25, 160.0], [3451.0, 16.0], [3452.5, 1890.0], [3452.75, 6331.0], [3453.0, 4221.0], [3453.25, 14086.0], [3454.0, 500.0], [3454.25, 5529.0], [3454.5, 18523.0], [3455.0, 16.0], [3456.0, 16.0], [3457.25, 36643.0], [3458.75, 40400.0], [3459.0, 16.0], [3459.75, 36727.0], [3460.0, 16.0]]}}}
{"jsonrpc": "2.0", "method": "subscription", "params": {"channel": "book.ETH-14NOV25.none.20.100ms", "data": {"timestamp": 1762912353652, "change_id": 96307280941, "instrument_name": "ETH-14NOV25", "bids": [[3447.0, 7446.0], [3446.75, 7660.0], [3444.5, 3619.0], [3444.25, 12125.0], [3443.75, 400.0], [3443.5, 5623.0], [3443.25, 20962.0], [3443.0, 22145.0], [3441.25, 24527.0], [3441.0, 25287.0], [3440.75, 330.0], [3440.5, 1107.0], [3440.25, 15109.0], [3440.0, 50615.0], [3437.0, 40400.0], [3435.75, 500.0], [3434.5, 9.0], [3434.25, 4464.0], [3433.0, 49582.0], [3431.0, 17712.0]], "asks": [[3447.25, 11.0], [3447.75, 776.0], [3448.0, 4023.0], [3448.25, 7265.0], [3448.5, 8382.0], [3448.75, 3427.0], [3449.0, 9868.0], [3449.25, 24350.0], [3449.5, 299.0], [3449.75, 1000.0], [3452.0, 4239.0], [3452.25, 14202.0], [3454.25, 25300.0], [3456.0, 48772.0], [3456.5, 2.0], [3457.25, 40400.0], [3459.25, 49927.0], [3460.75, 17232.0], [3465.25, 74152.0], [3465.5, 5535.0]]}}}
{"jsonrpc": "2.0", "method": "subscription", "params": {"channel": "book.ETH-21NOV25.none.20.100ms", "data": {"timestamp": 1762912353582, "change_id": 96307280878, "instrument_name": "ETH-21NOV25", "bids": [[3449.0, 4844.0], [3448.5, 906.0], [3448.25, 2846.0], [3448.0, 1000.0], [3446.0, 6091.0], [3445.25, 2.0], [3445.0, 4296.0], [3444.75, 14392.0], [3443.75, 11326.0], [3443.5, 40778.0], [3443.25, 500.0], [3442.75, 6318.0], [3442.0, 330.0], [3441.75, 1107.0], [3441.5, 11123.0], [3441.25, 37262.0], [3440.0, 50.0], [3438.5, 409.0], [3438.25, 4428.0], [3438.0, 40000.0]], "asks": [[3449.5, 2546.0], [3449.75, 2500.0], [3450.25, 1606.0], [3450.5, 4844.0], [3451.0, 16.0], [3452.5, 1890.0], [3452.75, 6331.0], [3453.0, 4221.0], [3453.25, 14086.0], [3454.0, 500.0], [3454.25, 5529.0], [3454.5, 18523.0], [3455.0, 16.0], [3456.0, 16.0], [3457.25, 36643.0], [3458.75, 40400.0], [3459.0, 16.0], [3459.75, 36727.0], [3460.0, 16.0], [3461.5, 2.0]]}}}
{"jsonrpc": "2.0", "method": "subscription", "params": {"channel": "book.ETH-14NOV25.none.20.100ms", "data": {"timestamp": 1762912353970, "change_id": 96307281367, "instrument_name": "ETH-14NOV25", "bids": [[3447.0, 7446.0], [3446.75, 7660.0], [3444.75, 2600.0], [3444.5, 3619.0], [3444.25, 12125.0], [3443.75, 400.0], [3443.5, 5623.0], [3443.25, 20962.0], [3443.0, 22145.0], [3441.25, 32075.0], [3441.0, 25287.0], [3440.75, 330.0], [3440.5, 1107.0], [3440.25, 15109.0], [3440.0, 50615.0], [3437.0, 40400.0], [3435.75, 500.0], [3434.5, 9.0], [3434.25, 4464.0], [3433.0, 49582.0]], "asks": [[3447.25, 11.0], [3447.75, 776.0], [3448.0, 4023.0], [3448.25, 7265.0], [3448.5, 8382.0], [3448.75, 3427.0], [3449.0, 9868.0], [3449.25, 24350.0], [3449.5, 299.0], [3449.75, 1000.0], [3452.0, 4239.0], [3452.25, 14202.0], [3454.25, 25300.0], [3456.0, 48772.0], [3456.5, 2.0], [3457.25, 40400.0], [3459.25, 49927.0], [3460.75, 17232.0], [3465.25, 74152.0], [3465.5, 5535.0]]}}}
{"jsonrpc": "2.0", "method": "subscription", "params": {"channel": "book.ETH-21NOV25.none.20.100ms", "data": {"timestamp": 1762912353978, "change_id": 96307281372, "instrument_name": "ETH-21NOV25", "bids": [[3449.0, 4844.0], [3448.75, 794.0], [3448.5, 2660.0], [3448.25, 346.0], [3448.0, 1000.0], [3446.0, 6091.0], [3445.25, 2.0], [3445.0, 4296.0], [3444.75, 14392.0], [3444.25, 330.0], [3444.0, 5535.0], [3443.75, 11326.0], [3443.5, 40778.0], [3443.25, 500.0], [3442.75, 6318.0], [3441.5, 11123.0], [3441.25, 37262.0], [3440.0, 50.0], [3438.5, 409.0], [3438.0, 40000.0]], "asks": [[3449.5, 2546.0], [3449.75, 2918.0], [3450.0, 1400.0], [3450.25, 1606.0], [3450.5, 4844.0], [3451.0, 16.0], [3452.5, 1890.0], [3452.75, 6331.0], [3453.0, 4221.0], [3453.25, 14086.0], [3454.0, 500.0], [3454.25, 5529.0], [3454.5, 18523.0], [3455.0, 16.0], [3456.0, 16.0], [3457.25, 36643.0], [3458.75, 40400.0], [3459.0, 16.0], [3459.75, 36727.0], [3460.0, 16.0]]}}}
{"jsonrpc": "2.0", "method": "subscription", "params": {"channel": "book.ETH-14NOV25.none.20.100ms", "data": {"timestamp": 1762912354264, "change_id": 96307281782, "instrument_name": "ETH-14NOV25", "bids": [[3447.0, 106065.0], [3446.75, 7660.0], [3444.75, 2600.0], [3444.5, 3619.0], [3444.25, 12125.0], [3443.75, 400.0], [3443.5, 5623.0], [3443.25, 20962.0], [3443.0, 22145.0], [3441.25, 32075.0], [3441.0, 25287.0], [3440.75, 330.0], [3440.5, 1107.0], [3440.25, 15109.0], [3440.0, 50615.0], [3437.0, 40400.0], [3435.75, 500.0], [3434.5, 9.0], [3434.25, 4464.0], [3433.0, 49582.0]], "asks": [[3447.25, 11.0], [3447.75, 1423.0], [3448.0, 5879.0], [3448.25, 4765.0], [3448.5, 8382.0], [3448.75, 3427.0], [3449.0, 9868.0], [3449.25, 24350.0], [3449.5, 299.0], [3449.75, 1000.0], [3452.0, 4239.0], [3452.25, 14202.0], [3454.25, 25300.0], [3456.0, 48772.0], [3456.5, 2.0], [3457.25, 40400.0], [3459.25, 49927.0], [3460.75, 17232.0], [3465.25, 74152.0], [3465.5, 5535.0]]}}}
{"jsonrpc": "2.0", "method": "subscription", "params": {"channel": "book.ETH-14NOV25.none.20.100ms", "data": {"timestamp": 1762912354602, "change_id": 96307282513, "instrument_name": "ETH-14NOV25", "bids": [[3447.0, 7446.0], [3446.75, 7660.0], [3444.75, 2600.0], [3444.5, 3619.0], [3444.25, 12125.0], [3443.75, 400.0], [3443.5, 5623.0], [3443.25, 20962.0], [3443.0, 22145.0], [3441.25, 32075.0], [3441.0, 25287.0], [3440.75, 330.0], [3440.5, 1109.0], [3440.25, 15109.0], [3440.0, 50615.0], [3437.0, 40400.0], [3435.75, 500.0], [3434.5, 9.0], [3434.25, 4464.0], [3433.0, 49582.0]], "asks": [[3447.25, 11.0], [3447.75, 1423.0], [3448.0, 5879.0], [3448.25, 4765.0], [3448.5, 8382.0], [3448.75, 3427.0], [3449.0, 9868.0], [3449.25, 24350.0], [3449.5, 299.0], [3449.75, 1000.0], [3452.0, 4239.0], [3452.25, 14202.0], [3454.25, 25300.0], [3456.0, 48772.0], [3456.5, 2.0], [3457.25, 40400.0], [3459.25, 49927.0], [3460.75, 17232.0], [3465.25, 74152.0], [3465.5, 5535.0]]}}}
{"jsonrpc": "2.0", "method": "subscription", "params": {"channel": "book.ETH-21NOV25.none.20.100ms", "data": {"timestamp": 1762912354611, "change_id": 96307282522, "instrument_name": "ETH-21NOV25", "bids": [[3449.0, 4844.0], [3448.75, 794.0], [3448.5, 2660.0], [3448.25, 346.0], [3448.0, 1000.0], [3446.25, 1818.0], [3446.0, 6091.0], [3445.25, 2.0], [3445.0, 4296.0], [3444.75, 14392.0], [3444.25, 330.0], [3444.0, 5535.0], [3443.75, 11326.0], [3443.5, 40778.0], [3443.25, 500.0], [3442.75, 6318.0], [3441.5, 11123.0], [3441.25, 37262.0], [3440.0, 50.0], [3438.5, 409.0]], "asks": [[3449.5, 4300.0], [3449.75, 418.0], [3450.0, 1400.0], [3450.25, 1606.0], [3450.5, 4844.0], [3451.0, 16.0], [3452.5, 1890.0], [3452.75, 6331.0], [3453.0, 4221.0], [3453.25, 14086.0], [3454.0, 500.0], [3454.25, 5529.0], [3454.5, 18523.0], [3455.0, 16.0], [3456.0, 16.0], [3457.25, 36643.0], [3458.75, 40400.0], [3459.0, 16.0], [3459.75, 36727.0], [3460.0, 16.0]]}}}
{"jsonrpc": "2.0", "method": "subscription", "params": {"channel": "book.ETH-14NOV25.none.20.100ms", "data": {"timestamp": 1762912354971, "change_id": 96307283015, "instrument_name": "ETH-14NOV25", "bids": [[3447.0, 7446.0], [3446.75, 5906.0], [3446.5, 2500.0], [3445.0, 776.0], [3444.75, 2600.0], [3444.5, 3619.0], [3444.25, 12125.0], [3443.75, 400.0], [3443.5, 5623.0], [3443.25, 20962.0], [3443.0, 22145.0], [3441.5, 7321.0], [3441.25, 32075.0], [3441.0, 25287.0], [3440.75, 330.0], [3440.5, 1109.0], [3440.25, 15109.0], [3440.0, 50615.0], [3437.0, 40400.0], [3435.75, 500.0]], "asks": [[3447.25, 11.0], [3447.75, 1423.0], [3448.0, 5879.0], [3448.25, 4765.0], [3448.5, 8382.0], [3448.75, 3427.0], [3449.0, 9868.0], [3449.25, 24350.0], [3449.5, 299.0], [3449.75, 1000.0], [3452.0, 4239.0], [3452.25, 14202.0], [3454.25, 25300.0], [3456.0, 48772.0], [3456.5, 2.0], [3457.25, 40400.0], [3459.25, 49927.0], [3460.75, 17232.0], [3465.25, 74152.0], [3465.5, 5535.0]]}}}
{"jsonrpc": "2.0", "method": "subscription", "params": {"channel": "book.ETH-21NOV25.none.20.100ms", "data": {"timestamp": 1762912354950, "change_id": 96307282997, "instrument_name": "ETH-21NOV25", "bids": [[3448.75, 2958.0], [3448.5, 5750.0], [3448.25, 2846.0], [3448.0, 1000.0], [3446.25, 1818.0], [3446.0, 6091.0], [3445.25, 2.0], [3445.0, 4296.0], [3444.75, 14392.0], [3444.25, 330.0], [3444.0, 5535.0], [3443.75, 11326.0], [3443.5, 40778.0], [3443.25, 500.0], [3442.75, 6318.0], [3441.5, 11123.0], [3441.25, 37262.0], [3440.0, 50.0], [3438.5, 409.0], [3438.0, 40000.0]], "asks": [[3449.25, 746.0], [3449.5, 2500.0], [3449.75, 1446.0], [3450.0, 4844.0], [3450.25, 160.0], [3451.0, 16.0], [3452.5, 1890.0], [3452.75, 6331.0], [3453.0, 4221.0], [3453.25, 14086.0], [3454.0, 500.0], [3454.25, 5529.0], [3454.5, 18523.0], [3455.0, 16.0], [3456.0, 16.0], [3457.25, 36643.0], [3458.75, 40400.0], [3459.0, 16.0], [3459.75, 36727.0], [3460.0, 16.0]]}}}
{"jsonrpc": "2.0", "method": "subscription", "params": {"channel": "book.ETH-14NOV25.none.20.100ms", "data": {"timestamp": 1762912355221, "change_id": 96307283260, "instrument_name": "ETH-14NOV25", "bids": [[3447.0, 7446.0], [3446.75, 104504.0], [3446.5, 2500.0], [3445.0, 776.0], [3444.75, 2600.0], [3444.5, 3619.0], [3444.25, 12125.0], [3443.75, 400.0], [3443.5, 5623.0], [3443.25, 20962.0], [3443.0, 22145.0], [3441.5, 7321.0], [3441.25, 32075.0], [3441.0, 29715.0], [3440.75, 330.0], [3440.5, 1109.0], [3440.25, 15109.0], [3440.0, 50615.0], [3437.0, 40400.0], [3435.75, 500.0]], "asks": [[3447.25, 11.0], [3447.75, 1423.0], [3448.0, 5879.0], [3448.25, 4765.0], [3448.5, 8382.0], [3448.75, 3427.0], [3449.0, 9868.0], [3449.25, 24350.0], [3449.5, 299.0], [3449.75, 1000.0], [3452.0, 4239.0], [3452.25, 14202.0], [3454.25, 25300.0], [3456.0, 48772.0], [3456.5, 2.0], [3457.25, 40400.0], [3459.25, 49927.0], [3460.75, 17232.0], [3465.25, 74152.0], [3465.5, 5535.0]]}}}
{"jsonrpc": "2.0", "method": "subscription", "params": {"channel": "book.ETH-14NOV25.none.20.100ms", "data": {"timestamp": 1762912355477, "change_id": 96307283963, "instrument_name": "ETH-14NOV25", "bids": [[3447.0, 7446.0], [3446.75, 5906.0], [3446.5, 2500.0], [3445.0, 776.0], [3444.75, 2600.0], [3444.5, 3619.0], [3444.25, 12125.0], [3443.75, 400.0], [3443.5, 5623.0], [3443.25, 20962.0], [3443.0, 22145.0], [3441.5, 7321.0], [3441.25, 32075.0], [3441.0, 29715.0], [3440.75, 330.0], [3440.5, 1109.0], [3440.25, 15109.0], [3440.0, 50615.0], [3437.0, 40400.0], [3435.75, 500.0]], "asks": [[3447.25, 11.0], [3447.5, 746.0], [3447.75, 3276.0], [3448.0, 3379.0], [3448.25, 4765.0], [3448.5, 8382.0], [3448.75, 3427.0], [3449.0, 9868.0], [3449.25, 24350.0], [3449.5, 299.0], [3449.75, 1000.0], [3452.0, 4239.0], [3452.25, 14202.0], [3454.25, 25300.0], [3456.0, 48772.0], [3456.5, 2.0], [3457.25, 40400.0], [3459.25, 49927.0], [3460.75, 17232.0], [3465.25, 74152.0]]}}}
{"jsonrpc": "2.0", "method": "subscription", "params": {"channel": "book.ETH-14NOV25.none.20.100ms", "data": {"timestamp": 1762912355974, "change_id": 96307284385, "instrument_name": "ETH-14NOV25", "bids": [[3447.0, 7446.0], [3446.75, 5906.0], [3446.5, 2500.0], [3445.5, 776.0], [3445.25, 2600.0], [3445.0, 776.0], [3444.75, 2600.0], [3444.5, 3619.0], [3444.25, 12125.0], [3443.75, 400.0], [3443.5, 5623.0], [3443.25, 20962.0], [3443.0, 22145.0], [3441.5, 7321.0], [3441.25, 32075.0], [3441.0, 29715.0], [3440.75, 330.0], [3440.5, 1109.0], [3440.25, 15109.0], [3440.0, 50615.0]], "asks": [[3447.25, 11.0], [3447.75, 776.0], [3448.0, 4023.0], [3448.25, 7265.0], [3448.5, 8382.0], [3448.75, 3427.0], [3449.0, 9868.0], [3449.25, 24350.0], [3449.5, 299.0], [3449.75, 1000.0], [3452.0, 4239.0], [3452.25, 14202.0], [3454.25, 25300.0], [3456.0, 48772.0], [3456.5, 2.0], [3457.25, 40400.0], [3459.25, 49927.0], [3460.75, 17232.0], [3465.25, 74152.0], [3465.5, 5535.0]]}}}
{"jsonrpc": "2.0", "method": "subscription", "params": {"channel": "book.ETH-21NOV25.none.20.100ms", "data": {"timestamp": 1762912355971, "change_id": 96307284384, "instrument_name": "ETH-21NOV25", "bids": [[3448.75, 2958.0], [3448.5, 5750.0], [3448.25, 2846.0], [3448.0, 1000.0], [3446.25, 1818.0], [3446.0, 6091.0], [3445.25, 2.0], [3445.0, 4296.0], [3444.75, 14392.0], [3444.25, 1610.0], [3444.0, 5535.0], [3443.75, 11326.0], [3443.5, 40778.0], [3443.25, 500.0], [3442.75, 6318.0], [3441.5, 11123.0], [3441.25, 37262.0], [3440.0, 50.0], [3438.5, 409.0], [3438.0, 40000.0]], "asks": [[3449.25, 746.0], [3449.5, 2500.0], [3450.25, 160.0], [3450.5, 5381.0], [3450.75, 1800.0], [3451.0, 16.0], [3452.5, 1890.0], [3452.75, 6331.0], [3453.0, 4221.0], [3453.25, 14086.0], [3454.0, 500.0], [3454.25, 5529.0], [3454.5, 18523.0], [3455.0, 16.0], [3456.0, 16.0], [3457.25, 36643.0], [3458.75, 40400.0], [3459.0, 16.0], [3459.75, 36727.0], [3460.0, 16.0]]}}}
{"jsonrpc": "2.0", "method": "subscription", "params": {"channel": "book.ETH-14NOV25.none.20.100ms", "data": {"timestamp": 1762912356279, "change_id": 96307284765, "instrument_name": "ETH-14NOV25", "bids": [[3447.0, 106044.0], [3446.75, 7660.0], [3446.5, 7889.0], [3446.25, 26428.0], [3445.5, 776.0], [3445.25, 2600.0], [3445.0, 776.0], [3444.75, 2600.0], [3444.5, 3619.0], [3444.25, 12125.0], [3443.75, 400.0], [3443.5, 5623.0], [3443.25, 20962.0], [3443.0, 22145.0], [3441.5, 7321.0], [3441.25, 32075.0], [3441.0, 29715.0], [3440.75, 330.0], [3440.5, 1109.0], [3440.25, 15109.0]], "asks": [[3447.25, 11.0], [3447.75, 776.0], [3448.0, 4023.0], [3448.25, 7265.0], [3448.5, 8382.0], [3448.75, 3427.0], [3449.0, 9868.0], [3449.25, 24350.0], [3449.5, 299.0], [3449.75, 1000.0], [3452.0, 4239.0], [3452.25, 14202.0], [3454.25, 25300.0], [3456.0, 48772.0], [3456.5, 2.0], [3457.25, 40400.0], [3459.25, 49927.0], [3460.75, 17232.0], [3465.25, 74152.0], [3465.5, 5535.0]]}}}
{"jsonrpc": "2.0", "method": "subscription", "params": {"channel": "book.ETH-14NOV25.none.20.100ms", "data": {"timestamp": 1762912356472, "change_id": 96307285356, "instrument_name": "ETH-14NOV25", "bids": [[3447.0, 7446.0], [3446.75, 7660.0], [3446.5, 7889.0], [3446.25, 26428.0], [3445.5, 776.0], [3445.25, 2600.0], [3445.0, 776.0], [3444.75, 2600.0], [3444.5, 3619.0], [3444.25, 12125.0], [3443.75, 400.0], [3443.5, 5623.0], [3443.25, 20962.0], [3443.0, 22145.0], [3441.5, 7321.0], [3441.25, 32075.0], [3441.0, 29715.0], [3440.75, 330.0], [3440.5, 1109.0], [3440.25, 15109.0]], "asks": [[3447.25, 11.0], [3447.75, 776.0], [3448.0, 4023.0], [3448.25, 7265.0], [3448.5, 8382.0], [3448.75, 3427.0], [3449.0, 9868.0], [3449.25, 24350.0], [3449.5, 299.0], [3449.75, 1000.0], [3452.0, 4239.0], [3452.25, 14202.0], [3454.25, 25300.0], [3456.0, 48772.0], [3456.5, 2.0], [3457.25, 40400.0], [3459.25, 49927.0], [3460.75, 17232.0], [3465.25, 74152.0], [3465.5, 5535.0]]}}}
{"jsonrpc": "2.0", "method": "subscription", "params": {"channel": "book.ETH-14NOV25.none.20.100ms", "data": {"timestamp": 1762912356722, "change_id": 96307285450, "instrument_name": "ETH-14NOV25", "bids": [[3447.0, 106044.0], [3446.75, 10260.0], [3446.5, 7889.0], [3446.25, 26428.0], [3445.5, 776.0], [3445.25, 2600.0], [3445.0, 776.0], [3444.75, 2600.0], [3444.5, 3619.0], [3444.25, 12125.0], [3443.75, 400.0], [3443.5, 5623.0], [3443.25, 20962.0], [3443.0, 22145.0], [3441.5, 7321.0], [3441.25, 32075.0], [3441.0, 29715.0], [3440.75, 330.0], [3440.5, 1109.0], [3440.25, 15109.0]], "asks": [[3447.25, 11.0], [3447.75, 776.0], [3448.0, 4023.0], [3448.25, 7265.0], [3448.5, 8382.0], [3448.75, 3427.0], [3449.0, 9868.0], [3449.25, 24350.0], [3449.5, 299.0], [3449.75, 1000.0], [3452.0, 4239.0], [3452.25, 14202.0], [3454.25, 25300.0], [3456.0, 48772.0], [3456.5, 2.0], [3457.25, 40400.0], [3459.25, 49927.0], [3460.75, 17232.0], [3465.25, 74152.0], [3465.5, 5535.0]]}}}
{"jsonrpc": "2.0", "method": "subscription", "params": {"channel": "book.ETH-21NOV25.none.20.100ms", "data": {"timestamp": 1762912356793, "change_id": 96307285547, "instrument_name": "ETH-21NOV25", "bids": [[3448.75, 2958.0], [3448.5, 5750.0], [3448.25, 2846.0], [3448.0, 1000.0], [3446.25, 1818.0], [3446.0, 6091.0], [3445.25, 2.0], [3445.0, 4296.0], [3444.75, 14392.0], [3444.25, 1610.0], [3444.0, 5535.0], [3443.75, 11326.0], [3443.5, 40778.0], [3443.25, 500.0], [3442.75, 6318.0], [3441.5, 11123.0], [3441.25, 37262.0], [3440.0, 50.0], [3438.5, 409.0], [3438.0, 40000.0]], "asks": [[3449.25, 746.0], [3449.5, 2500.0], [3450.0, 585.0], [3450.25, 1960.0], [3450.5, 5381.0], [3451.0, 16.0], [3452.5, 1890.0], [3452.75, 6331.0], [3453.0, 4221.0], [3453.25, 14086.0], [3454.0, 500.0], [3454.25, 5529.0], [3454.5, 18523.0], [3455.0, 16.0], [3456.0, 16.0], [3457.25, 36643.0], [3458.75, 40400.0], [3459.0, 16.0], [3459.75, 36727.0], [3460.0, 16.0]]}}}
{"jsonrpc": "2.0", "method": "subscription", "params": {"channel": "book.ETH-21NOV25.none.20.100ms", "data": {"timestamp": 1762912357207, "change_id": 96307285950, "instrument_name": "ETH-21NOV25", "bids": [[3448.75, 3694.0], [3448.5, 8250.0], [3448.25, 346.0], [3448.0, 1000.0], [3446.25, 1818.0], [3446.0, 6091.0], [3445.25, 2.0], [3445.0, 4296.0], [3444.75, 14392.0], [3444.25, 1610.0], [3444.0, 5535.0], [3443.75, 11326.0], [3443.5, 40778.0], [3443.25, 500.0], [3442.75, 6318.0], [3441.5, 11123.0], [3441.25, 37262.0], [3440.0, 50.0], [3438.5, 409.0], [3438.0, 40000.0]], "asks": [[3449.25, 746.0], [3449.5, 2500.0], [3450.0, 585.0], [3450.25, 1960.0], [3450.5, 5381.0], [3451.0, 16.0], [3452.5, 1890.0], [3452.75, 6331.0], [3453.0, 4221.0], [3453.25, 14086.0], [3454.0, 500.0], [3454.25, 5529.0], [3454.5, 18523.0], [3455.0, 16.0], [3456.0, 16.0], [3457.25, 36643.0], [3458.75, 40400.0], [3459.0, 16.0], [3459.75, 36727.0], [3460.0, 16.0]]}}}
{"jsonrpc": "2.0", "method": "subscription", "params": {"channel": "book.ETH-21NOV25.none.20.100ms", "data": {"timestamp": 1762912357408, "change_id": 96307286430, "instrument_name": "ETH-21NOV25", "bids": [[3448.75, 3694.0], [3448.5, 5750.0], [3448.25, 2846.0], [3448.0, 1000.0], [3446.25, 1818.0], [3446.0, 6091.0], [3445.25, 2.0], [3445.0, 4296.0], [3444.75, 14392.0], [3444.25, 1610.0], [3444.0, 5535.0], [3443.75, 11326.0], [3443.5, 40778.0], [3443.25, 500.0], [3442.75, 6318.0], [3441.5, 11123.0], [3441.25, 37262.0], [3440.0, 50.0], [3438.5, 409.0], [3438.0, 40000.0]], "asks": [[3449.25, 746.0], [3449.5, 2500.0], [3450.0, 585.0], [3450.25, 1960.0], [3450.5, 5381.0], [3451.0, 16.0], [3452.5, 1890.0], [3452.75, 6331.0], [3453.0, 4221.0], [3453.25, 14086.0], [3454.0, 500.0], [3454.25, 5529.0], [3454.5, 18523.0], [3455.0, 16.0], [3456.0, 16.0], [3457.25, 36643.0], [3458.75, 40400.0], [3459.0, 16.0], [3459.75, 36727.0], [3460.0, 16.0]]}}}
{"jsonrpc": "2.0", "method": "subscription", "params": {"channel": "book.ETH-14NOV25.none.20.100ms", "data": {"timestamp": 1762912357669, "change_id": 96307286717, "instrument_name": "ETH-14NOV25", "bids": [[3447.0, 106044.0], [3446.75, 7660.0], [3446.5, 7889.0], [3446.25, 26428.0], [3444.5, 3619.0], [3444.25, 12125.0], [3443.75, 400.0], [3443.5, 5623.0], [3443.25, 20962.0], [3443.0, 22145.0], [3441.5, 7321.0], [3441.25, 32075.0], [3441.0, 29715.0], [3440.75, 330.0], [3440.5, 1109.0], [3440.25, 15109.0], [3440.0, 50615.0], [3437.0, 40400.0], [3435.75, 500.0], [3434.5, 9.0]], "asks": [[3447.25, 11.0], [3447.75, 776.0], [3448.0, 4023.0], [3448.25, 7265.0], [3448.5, 8382.0], [3448.75, 3427.0], [3449.0, 9868.0], [3449.25, 24350.0], [3449.5, 299.0], [3449.75, 1000.0], [3452.0, 4239.0], [3452.25, 14202.0], [3454.25, 25300.0], [3456.0, 48772.0], [3456.5, 2.0], [3457.25, 40400.0], [3459.25, 49927.0], [3460.75, 17232.0], [3465.25, 74152.0], [3465.5, 5535.0]]}}}
{"jsonrpc": "2.0", "method": "subscription", "params": {"channel": "book.ETH-21NOV25.none.20.100ms", "data": {"timestamp": 1762912357709, "change_id": 96307286734, "instrument_name": "ETH-21NOV25", "bids": [[3449.0, 1800.0], [3448.75, 1994.0], [3448.5, 5750.0], [3448.25, 2846.0], [3448.0, 1000.0], [3446.25, 1818.0], [3446.0, 6091.0], [3445.25, 2.0], [3445.0, 4296.0], [3444.75, 14392.0], [3444.25, 1610.0], [3444.0, 5535.0], [3443.75, 11326.0], [3443.5, 40778.0], [3443.25, 500.0], [3442.75, 6318.0], [3441.5, 11123.0], [3441.25, 37262.0], [3440.0, 50.0], [3438.5, 409.0]], "asks": [[3449.5, 2500.0], [3450.0, 585.0], [3450.25, 3406.0], [3450.5, 5381.0], [3450.75, 1800.0], [3451.0, 16.0], [3452.5, 1890.0], [3452.75, 6331.0], [3453.0, 4221.0], [3453.25, 14086.0], [3454.0, 500.0], [3454.25, 5529.0], [3454.5, 18523.0], [3455.0, 16.0], [3456.0, 16.0], [3457.25, 36643.0], [3458.75, 40400.0], [3459.0, 16.0], [3459.75, 36727.0], [3460.0, 16.0]]}}}
{"jsonrpc": "2.0", "method": "subscription", "params": {"channel": "book.ETH-21NOV25.none.20.100ms", "data": {"timestamp": 1762912357998, "change_id": 96307286959, "instrument_name": "ETH-21NOV25", "bids": [[3449.0, 1800.0], [3448.75, 1994.0], [3448.5, 5750.0], [3448.25, 2846.0], [3448.0, 1000.0], [3446.25, 1818.0], [3446.0, 6091.0], [3445.25, 2.0], [3445.0, 4296.0], [3444.75, 14392.0], [3444.25, 1610.0], [3444.0, 5535.0], [3443.75, 11326.0], [3443.5, 40778.0], [3443.25, 500.0], [3442.75, 6318.0], [3441.5, 11123.0], [3441.25, 37262.0], [3440.0, 50.0], [3438.5, 409.0]], "asks": [[3449.5, 2500.0], [3450.0, 585.0], [3450.25, 3406.0], [3450.5, 5381.0], [3450.75, 1800.0], [3451.0, 16.0], [3452.5, 1890.0], [3452.75, 6331.0], [3453.0, 4221.0], [3453.25, 14086.0], [3454.0, 500.0], [3454.25, 5529.0], [3454.5, 18523.0], [3455.0, 16.0], [3456.0, 16.0], [3457.25, 36643.0], [3458.75, 40400.0], [3459.0, 16.0], [3459.75, 36727.0], [3460.0, 16.0]]}}}
{"jsonrpc": "2.0", "method": "subscription", "params": {"channel": "book.ETH-21NOV25.none.20.100ms", "data": {"timestamp": 1762912358467, "change_id": 96307287784, "instrument_name": "ETH-21NOV25", "bids": [[3449.0, 1800.0], [3448.75, 1994.0], [3448.5, 8250.0], [3448.25, 346.0], [3448.0, 1000.0], [3446.25, 1818.0], [3446.0, 6091.0], [3445.25, 2.0], [3445.0, 4296.0], [3444.75, 14392.0], [3444.25, 1610.0], [3444.0, 5535.0], [3443.75, 11326.0], [3443.5, 40778.0], [3443.25, 500.0], [3442.75, 6318.0], [3441.5, 11123.0], [3441.25, 37262.0], [3440.0, 50.0], [3438.5, 409.0]], "asks": [[3449.5, 2500.0], [3450.0, 585.0], [3450.25, 3406.0], [3450.5, 5381.0], [3451.0, 16.0], [3452.5, 1890.0], [3452.75, 6331.0], [3453.0, 4221.0], [3453.25, 14086.0], [3454.0, 500.0], [3454.25, 5529.0], [3454.5, 18523.0], [3455.0, 16.0], [3456.0, 16.0], [3457.25, 36643.0], [3458.75, 40400.0], [3459.0, 16.0], [3459.75, 36727.0], [3460.0, 16.0], [3461.5, 2.0]]}}}
{"jsonrpc": "2.0", "method": "subscription", "params": {"channel": "book.ETH-14NOV25.none.20.100ms", "data": {"timestamp": 1762912358899, "change_id": 96307288555, "instrument_name": "ETH-14NOV25", "bids": [[3447.0, 108544.0], [3446.75, 5160.0], [3446.5, 7889.0], [3446.25, 26428.0], [3444.5, 3619.0], [3444.25, 12125.0], [3443.75, 400.0], [3443.5, 5623.0], [3443.25, 20962.0], [3443.0, 22145.0], [3441.5, 7321.0], [3441.25, 32075.0], [3441.0, 29715.0], [3440.75, 330.0], [3440.5, 1109.0], [3440.25, 15109.0], [3440.0, 50615.0], [3437.0, 40400.0], [3435.75, 500.0], [3434.5, 9.0]], "asks": [[3447.25, 11.0], [3448.25, 824.0], [3448.5, 3376.0], [3448.75, 4017.0], [3449.0, 17214.0], [3449.25, 24510.0], [3449.5, 299.0], [3449.75, 1000.0], [3452.0, 4239.0], [3452.25, 14202.0], [3454.25, 25300.0], [3456.0, 48772.0], [3456.5, 2.0], [3457.25, 40400.0], [3459.25, 49927.0], [3460.75, 17232.0], [3465.25, 74152.0], [3465.5, 5535.0], [3466.25, 40000.0], [3470.0, 9.0]]}}}
{"jsonrpc": "2.0", "method": "subscription", "params": {"channel": "book.ETH-21NOV25.none.20.100ms", "data": {"timestamp": 1762912358911, "change_id": 96307288577, "instrument_name": "ETH-21NOV25", "bids": [[3449.25, 2298.0], [3449.0, 6644.0], [3448.75, 736.0], [3448.5, 2660.0], [3448.25, 346.0], [3448.0, 1000.0], [3445.75, 1818.0], [3445.5, 6091.0], [3445.25, 2.0], [3445.0, 4296.0], [3444.75, 14392.0], [3444.25, 1610.0], [3444.0, 5535.0], [3443.75, 11326.0], [3443.5, 40778.0], [3443.25, 6818.0], [3441.5, 11123.0], [3441.25, 37262.0], [3440.0, 50.0], [3438.5, 409.0]], "asks": [[3450.0, 585.0], [3450.25, 2546.0], [3450.5, 3946.0], [3450.75, 4844.0], [3451.0, 176.0], [3452.5, 1890.0], [3452.75, 6331.0], [3453.0, 4221.0], [3453.25, 14086.0], [3454.0, 500.0], [3454.75, 5534.0], [3455.0, 18539.0], [3456.0, 16.0], [3457.0, 10938.0], [3457.25, 36643.0], [3458.75, 40400.0], [3459.0, 16.0], [3459.75, 36727.0], [3460.0, 16.0], [3461.5, 2.0]]}}}
{"jsonrpc": "2.0", "method": "subscription", "params": {"channel": "book.ETH-14NOV25.none.20.100ms", "data": {"timestamp": 1762912359148, "change_id": 96307289322, "instrument_name": "ETH-14NOV25", "bids": [[3447.0, 106044.0], [3446.75, 5160.0], [3446.5, 7889.0], [3446.25, 26428.0], [3445.25, 3619.0], [3445.0, 12125.0], [3443.75, 400.0], [3443.5, 5623.0], [3443.25, 20962.0], [3443.0, 22145.0], [3442.0, 7321.0], [3441.75, 24527.0], [3441.25, 7548.0], [3441.0, 29715.0], [3440.75, 330.0], [3440.5, 1109.0], [3440.25, 15109.0], [3440.0, 50615.0], [3437.0, 40400.0], [3435.75, 500.0]], "asks": [[3447.25, 11.0], [3448.25, 824.0], [3448.5, 4023.0], [3448.75, 6677.0], [3449.0, 14714.0], [3449.25, 24350.0], [3449.5, 299.0], [3449.75, 1000.0], [3452.0, 4239.0], [3452.25, 14202.0], [3454.25, 25300.0], [3456.0, 48772.0], [3456.5, 2.0], [3457.25, 40400.0], [3459.25, 49927.0], [3460.75, 17232.0], [3465.25, 74152.0], [3465.5, 5535.0], [3466.25, 40000.0], [3470.0, 9.0]]}}}
{"jsonrpc": "2.0", "method": "subscription", "params": {"channel": "book.ETH-21NOV25.none.20.100ms", "data": {"timestamp": 1762912359188, "change_id": 96307289375, "instrument_name": "ETH-21NOV25", "bids": [[3449.25, 2216.0], [3449.0, 5744.0], [3448.75, 736.0], [3448.5, 2660.0], [3448.25, 346.0], [3448.0, 1000.0], [3445.75, 1818.0], [3445.5, 6091.0], [3445.25, 2.0], [3445.0, 4296.0], [3444.75, 14392.0], [3444.25, 1610.0], [3444.0, 5535.0], [3443.75, 11326.0], [3443.5, 40778.0], [3443.25, 6818.0], [3441.5, 11123.0], [3441.25, 37262.0], [3440.0, 50.0], [3438.5, 409.0]], "asks": [[3450.0, 1209.0], [3450.25, 4300.0], [3450.5, 6749.0], [3450.75, 32622.0], [3451.0, 16.0], [3452.5, 1890.0], [3452.75, 6331.0], [3453.0, 4221.0], [3453.25, 14086.0], [3454.0, 500.0], [3454.75, 5534.0], [3455.0, 18539.0], [3456.0, 16.0], [3457.0, 10938.0], [3457.25, 36643.0], [3458.75, 40400.0], [3459.0, 16.0], [3459.75, 36727.0], [3460.0, 16.0], [3461.5, 2.0]]}}}
{"jsonrpc": "2.0", "method": "subscription", "params": {"channel": "book.ETH-14NOV25.none.20.100ms", "data": {"timestamp": 1762912359599, "change_id": 96307290347, "instrument_name": "ETH-14NOV25", "bids": [[3447.75, 9638.0], [3447.5, 8222.0], [3447.25, 4282.0], [3447.0, 5100.0], [3446.5, 7889.0], [3446.25, 26428.0], [3445.25, 3619.0], [3445.0, 25932.0], [3443.75, 400.0], [3443.5, 1339.0], [3443.25, 6610.0], [3443.0, 22145.0], [3441.5, 24527.0], [3441.25, 7548.0], [3441.0, 29715.0], [3440.75, 330.0], [3440.5, 1109.0], [3440.25, 15109.0], [3440.0, 50615.0], [3437.0, 40400.0]], "asks": [[3448.25, 1417.0], [3448.5, 5876.0], [3448.75, 3587.0], [3449.0, 9868.0], [3449.25, 29196.0], [3449.5, 299.0], [3449.75, 1000.0], [3452.0, 4239.0], [3452.25, 14202.0], [3454.0, 7552.0], [3454.25, 25300.0], [3456.0, 48772.0], [3456.5, 2.0], [3457.25, 40400.0], [3459.25, 49927.0], [3460.75, 17232.0], [3465.25, 74152.0], [3465.5, 5535.0], [3466.25, 40000.0], [3470.0, 9.0]]}}}
{"jsonrpc": "2.0", "method": "subscription", "params": {"channel": "book.ETH-21NOV25.none.20.100ms", "data": {"timestamp": 1762912359597, "change_id": 96307290338, "instrument_name": "ETH-21NOV25", "bids": [[3449.25, 3341.0], [3449.0, 6650.0], [3448.75, 2500.0], [3448.25, 346.0], [3448.0, 1000.0], [3446.5, 4288.0], [3446.25, 14365.0], [3445.75, 1818.0], [3445.5, 6091.0], [3445.25, 2.0], [3444.25, 1610.0], [3444.0, 5535.0], [3443.75, 11326.0], [3443.5, 40778.0], [3443.25, 6818.0], [3441.5, 11123.0], [3441.25, 37262.0], [3440.0, 50.0], [3438.5, 409.0], [3438.25, 17712.0]], "asks": [[3450.0, 585.0], [3450.25, 2500.0], [3450.5, 6749.0], [3450.75, 32622.0], [3451.0, 16.0], [3452.5, 1890.0], [3452.75, 6331.0], [3453.0, 4221.0], [3453.25, 14086.0], [3454.0, 500.0], [3454.75, 5534.0], [3455.0, 18539.0], [3456.0, 16.0], [3457.0, 10938.0], [3457.25, 36643.0], [3458.75, 40400.0], [3459.0, 16.0], [3459.75, 36727.0], [3460.0, 16.0], [3461.5, 2.0]]}}}
{"jsonrpc": "2.0", "method": "subscription", "params": {"channel": "book.ETH-14NOV25.none.20.100ms", "data": {"timestamp": 1762912359948, "change_id": 96307291425, "instrument_name": "ETH-14NOV25", "bids": [[3448.25, 4823.0], [3448.0, 11694.0], [3447.75, 8376.0], [3447.5, 5876.0], [3447.25, 160.0], [3446.5, 7889.0], [3446.25, 26428.0], [3445.5, 3619.0], [3445.25, 15744.0], [3445.0, 13807.0], [3443.75, 400.0], [3443.5, 1339.0], [3443.25, 6610.0], [3443.0, 22145.0], [3442.0, 7321.0], [3441.75, 24527.0], [3441.25, 7548.0], [3441.0, 29715.0], [3440.75, 330.0], [3440.5, 1109.0]], "asks": [[3448.75, 6087.0], [3449.0, 9868.0], [3449.25, 29196.0], [3450.75, 299.0], [3451.0, 1000.0], [3452.0, 4239.0], [3452.25, 14202.0], [3454.0, 7552.0], [3454.25, 25300.0], [3456.0, 48772.0], [3456.5, 2.0], [3457.25, 40400.0], [3459.25, 49927.0], [3460.75, 17232.0], [3465.25, 74152.0], [3465.5, 5535.0], [3466.25, 40000.0], [3470.0, 9.0], [3470.5, 73737.0], [3470.75, 40000.0]]}}}
{"jsonrpc": "2.0", "method": "subscription", "params": {"channel": "book.ETH-21NOV25.none.20.100ms", "data": {"timestamp": 1762912359799, "change_id": 96307291122, "instrument_name": "ETH-21NOV25", "bids": [[3449.5, 7100.0], [3449.25, 1009.0], [3449.0, 3560.0], [3448.5, 358.0], [3448.25, 1546.0], [3448.0, 1000.0], [3446.75, 1818.0], [3446.5, 10379.0], [3446.25, 14365.0], [3445.25, 2.0], [3444.75, 5553.0], [3444.5, 18602.0], [3444.25, 1610.0], [3444.0, 7421.0], [3443.75, 12938.0], [3443.5, 22176.0], [3443.25, 500.0], [3441.5, 11123.0], [3441.25, 37262.0], [3440.0, 50.0]], "asks": [[3450.0, 585.0], [3450.25, 2500.0], [3450.5, 6589.0], [3450.75, 27778.0], [3451.0, 4860.0], [3451.25, 160.0], [3452.5, 1890.0], [3452.75, 6331.0], [3453.0, 4221.0], [3453.25, 14086.0], [3454.0, 500.0], [3454.75, 5534.0], [3455.0, 18539.0], [3456.0, 16.0], [3457.0, 10938.0], [3457.25, 36643.0], [3458.75, 40400.0], [3459.0, 16.0], [3459.75, 36727.0], [3460.0, 16.0]]}}}
{"jsonrpc": "2.0", "method": "subscription", "params": {"channel": "book.ETH-14NOV25.none.20.100ms", "data": {"timestamp": 1762912360277, "change_id": 96307292063, "instrument_name": "ETH-14NOV25", "bids": [[3448.25, 6912.0], [3448.0, 113140.0], [3447.75, 4023.0], [3447.5, 5876.0], [3447.25, 160.0], [3445.5, 3619.0], [3445.25, 15744.0], [3445.0, 13807.0], [3443.75, 400.0], [3443.5, 1339.0], [3443.25, 6610.0], [3443.0, 22145.0], [3442.0, 7321.0], [3441.75, 24527.0], [3441.25, 7548.0], [3441.0, 29715.0], [3440.75, 330.0], [3440.5, 1109.0], [3440.25, 15109.0], [3440.0, 50615.0]], "asks": [[3448.75, 5927.0], [3449.0, 9868.0], [3449.25, 29196.0], [3449.5, 160.0], [3450.75, 299.0], [3451.0, 1000.0], [3452.0, 4239.0], [3452.25, 14202.0], [3454.0, 7552.0], [3454.25, 25300.0], [3456.0, 48772.0], [3456.5, 2.0], [3457.25, 40400.0], [3459.25, 49927.0], [3460.75, 17232.0], [3465.25, 74152.0], [3465.5, 5535.0], [3466.25, 40000.0], [3470.0, 9.0], [3470.5, 73737.0]]}}}
{"jsonrpc": "2.0", "method": "subscription", "params": {"channel": "book.ETH-21NOV25.none.20.100ms", "data": {"timestamp": 1762912360260, "change_id": 96307291980, "instrument_name": "ETH-21NOV25", "bids": [[3449.5, 7100.0], [3449.25, 1009.0], [3449.0, 2660.0], [3448.5, 358.0], [3448.25, 1546.0], [3448.0, 1000.0], [3446.75, 1818.0], [3446.5, 10379.0], [3446.25, 14365.0], [3445.25, 2.0], [3444.75, 5553.0], [3444.5, 18602.0], [3444.25, 1610.0], [3444.0, 7421.0], [3443.75, 12938.0], [3443.5, 22176.0], [3443.25, 500.0], [3441.5, 11123.0], [3441.25, 37262.0], [3440.0, 50.0]], "asks": [[3450.0, 585.0], [3450.25, 2500.0], [3450.5, 6589.0], [3450.75, 27778.0], [3451.0, 4860.0], [3451.25, 160.0], [3452.5, 1890.0], [3452.75, 6331.0], [3453.0, 4221.0], [3453.25, 14086.0], [3454.0, 500.0], [3454.75, 5534.0], [3455.0, 18539.0], [3456.0, 16.0], [3457.0, 10938.0], [3457.25, 36643.0], [3458.75, 40400.0], [3459.0, 16.0], [3459.75, 36727.0], [3460.0, 16.0]]}}}
{"jsonrpc": "2.0", "method": "subscription", "params": {"channel": "book.ETH-21NOV25.none.20.100ms", "data": {"timestamp": 1762912360283, "change_id": 96307292071, "instrument_name": "ETH-21NOV25", "bids": [[3449.5, 7100.0], [3449.25, 1009.0], [3449.0, 2660.0], [3448.5, 358.0], [3448.25, 1546.0], [3448.0, 1000.0], [3446.75, 1818.0], [3446.5, 10379.0], [3446.25, 14365.0], [3445.25, 2.0], [3444.75, 5553.0], [3444.5, 18602.0], [3444.25, 1610.0], [3444.0, 7421.0], [3443.75, 12938.0], [3443.5, 22176.0], [3443.25, 500.0], [3441.5, 11123.0], [3441.25, 37262.0], [3440.0, 50.0]], "asks": [[3450.0, 585.0], [3450.25, 2500.0], [3450.75, 1451.0], [3451.0, 4860.0], [3451.25, 160.0], [3452.5, 1890.0], [3452.75, 6331.0], [3453.0, 4221.0], [3453.25, 14086.0], [3454.0, 500.0], [3454.75, 5534.0], [3455.0, 18539.0], [3456.0, 16.0], [3457.0, 10938.0], [3457.25, 36643.0], [3458.75, 40400.0], [3459.0, 16.0], [3459.75, 36727.0], [3460.0, 16.0], [3461.5, 2.0]]}}}
{"jsonrpc": "2.0", "method": "subscription", "params": {"channel": "book.ETH-14NOV25.none.20.100ms", "data": {"timestamp": 1762912360924, "change_id": 96307293082, "instrument_name": "ETH-14NOV25", "bids": [[3448.25, 2600.0], [3448.0, 113140.0], [3447.75, 776.0], [3447.5, 2500.0], [3447.25, 160.0], [3445.5, 3619.0], [3445.25, 15744.0], [3445.0, 13807.0], [3443.75, 400.0], [3443.5, 1339.0], [3443.25, 6610.0], [3443.0, 22145.0], [3442.0, 7321.0], [3441.75, 24527.0], [3441.25, 7548.0], [3441.0, 29715.0], [3440.75, 330.0], [3440.5, 1109.0], [3440.25, 15109.0], [3440.0, 50615.0]], "asks": [[3448.5, 5100.0], [3448.75, 3427.0], [3449.0, 10028.0], [3449.25, 29196.0], [3450.75, 299.0], [3451.0, 1000.0], [3452.0, 4239.0], [3452.25, 14202.0], [3454.0, 7552.0], [3454.25, 25300.0], [3456.0, 48772.0], [3456.5, 2.0], [3457.25, 40400.0], [3459.25, 49927.0], [3460.75, 17232.0], [3465.25, 74152.0], [3465.5, 5535.0], [3466.25, 40000.0], [3470.0, 9.0], [3470.5, 73737.0]]}}}
{"jsonrpc": "2.0", "method": "subscription", "params": {"channel": "book.ETH-21NOV25.none.20.100ms", "data": {"timestamp": 1762912360932, "change_id": 96307293096, "instrument_name": "ETH-21NOV25", "bids": [[3449.5, 4844.0], [3449.25, 1009.0], [3449.0, 2660.0], [3448.25, 346.0], [3448.0, 1000.0], [3446.75, 1818.0], [3446.5, 10379.0], [3446.25, 14365.0], [3445.25, 2.0], [3444.75, 5553.0], [3444.5, 18602.0], [3444.25, 1610.0], [3444.0, 7421.0], [3443.75, 12938.0], [3443.5, 22176.0], [3443.25, 500.0], [3441.75, 9.0], [3441.5, 11123.0], [3441.25, 37262.0], [3440.0, 50.0]], "asks": [[3450.0, 2285.0], [3450.25, 2500.0], [3450.75, 1611.0], [3451.0, 4860.0], [3452.5, 1890.0], [3452.75, 6331.0], [3453.0, 4221.0], [3453.25, 14086.0], [3454.0, 500.0], [3454.75, 5534.0], [3455.0, 18539.0], [3456.0, 16.0], [3457.0, 10938.0], [3457.25, 36643.0], [3458.75, 40400.0], [3459.0, 16.0], [3459.75, 36727.0], [3460.0, 16.0], [3461.5, 2.0], [3461.75, 17220.0]]}}}
{"jsonrpc": "2.0", "method": "subscription", "params": {"channel": "book.ETH-14NOV25.none.20.100ms", "data": {"timestamp": 1762912361222, "change_id": 96307293869, "instrument_name": "ETH-14NOV25", "bids": [[3448.0, 2600.0], [3447.75, 5000.0], [3447.25, 1607.0], [3447.0, 5592.0], [3446.75, 2500.0], [3445.5, 3619.0], [3445.25, 12125.0], [3444.25, 4109.0], [3444.0, 13765.0], [3443.75, 400.0], [3443.5, 1339.0], [3443.25, 6610.0], [3443.0, 22145.0], [3442.0, 7321.0], [3441.75, 24527.0], [3441.25, 7548.0], [3441.0, 29715.0], [3440.75, 330.0], [3440.5, 1109.0], [3440.25, 15109.0]], "asks": [[3448.25, 5100.0], [3448.5, 4883.0], [3448.75, 8273.0], [3449.0, 9868.0], [3449.25, 24350.0], [3450.75, 299.0], [3451.0, 1000.0], [3452.0, 4239.0], [3452.25, 14202.0], [3454.0, 7552.0], [3454.25, 25300.0], [3456.0, 48772.0], [3456.5, 2.0], [3457.25, 40400.0], [3459.25, 49927.0], [3460.75, 17232.0], [3465.25, 74152.0], [3465.5, 5535.0], [3466.25, 40000.0], [3470.0, 9.0]]}}}
{"jsonrpc": "2.0", "method": "subscription", "params": {"channel": "book.ETH-21NOV25.none.20.100ms", "data": {"timestamp": 1762912361231, "change_id": 96307293893, "instrument_name": "ETH-21NOV25", "bids": [[3449.0, 401.0], [3448.75, 4844.0], [3448.5, 746.0], [3448.25, 2846.0], [3448.0, 1000.0], [3446.75, 1818.0], [3446.5, 6091.0], [3445.5, 4167.0], [3445.25, 13960.0], [3444.75, 5553.0], [3444.5, 18602.0], [3444.25, 1610.0], [3444.0, 7421.0], [3443.75, 12938.0], [3443.5, 22176.0], [3443.25, 500.0], [3441.75, 9.0], [3441.5, 11123.0], [3441.25, 37262.0], [3440.0, 50.0]], "asks": [[3449.5, 1600.0], [3449.75, 746.0], [3450.0, 2500.0], [3450.25, 1606.0], [3450.5, 4844.0], [3451.0, 16.0], [3452.5, 1890.0], [3452.75, 6331.0], [3453.0, 4221.0], [3453.25, 14086.0], [3454.0, 500.0], [3454.75, 5534.0], [3455.0, 18539.0], [3456.0, 16.0], [3457.0, 10938.0], [3457.25, 36643.0], [3458.75, 40400.0], [3459.0, 16.0], [3459.75, 36727.0], [3460.0, 16.0]]}}}
{"jsonrpc": "2.0", "method": "subscription", "params": {"channel": "book.ETH-14NOV25.none.20.100ms", "data": {"timestamp": 1762912361485, "change_id": 96307294760, "instrument_name": "ETH-14NOV25", "bids": [[3448.0, 101201.0], [3447.75, 6447.0], [3447.5, 4846.0], [3447.25, 160.0], [3447.0, 746.0], [3446.75, 2500.0], [3445.5, 3619.0], [3445.25, 12125.0], [3444.25, 4109.0], [3444.0, 13765.0], [3443.75, 400.0], [3443.5, 1339.0], [3443.25, 6610.0], [3443.0, 22145.0], [3442.0, 7321.0], [3441.75, 24527.0], [3441.25, 7548.0], [3441.0, 29715.0], [3440.75, 330.0], [3440.5, 1109.0]], "asks": [[3448.25, 5100.0], [3448.5, 4883.0], [3448.75, 8273.0], [3449.0, 14175.0], [3449.25, 41889.0], [3450.75, 299.0], [3451.0, 1000.0], [3452.0, 4239.0], [3452.25, 14202.0], [3454.0, 7552.0], [3454.25, 25300.0], [3456.0, 48772.0], [3456.5, 2.0], [3457.25, 40400.0], [3459.25, 49927.0], [3460.75, 17232.0], [3465.25, 74152.0], [3465.5, 5535.0], [3466.25, 40000.0], [3470.0, 9.0]]}}}
{"jsonrpc": "2.0", "method": "subscription", "params": {"channel": "book.ETH-21NOV25.none.20.100ms", "data": {"timestamp": 1762912361446, "change_id": 96307294686, "instrument_name": "ETH-21NOV25", "bids": [[3449.0, 1332.0], [3448.75, 5590.0], [3448.5, 2500.0], [3448.25, 346.0], [3448.0, 1000.0], [3446.75, 1818.0], [3446.5, 6091.0], [3445.5, 4167.0], [3445.25, 13960.0], [3444.75, 5553.0], [3444.5, 18602.0], [3444.25, 1610.0], [3444.0, 7421.0], [3443.75, 12938.0], [3443.5, 22176.0], [3443.25, 500.0], [3441.75, 9.0], [3441.5, 11123.0], [3441.25, 37262.0], [3440.0, 50.0]], "asks": [[3449.5, 746.0], [3449.75, 2500.0], [3450.25, 6544.0], [3450.5, 22390.0], [3451.0, 16.0], [3452.5, 1890.0], [3452.75, 6331.0], [3453.0, 4221.0], [3453.25, 14086.0], [3454.0, 500.0], [3454.75, 5534.0], [3455.0, 18539.0], [3456.0, 16.0], [3457.0, 10938.0], [3457.25, 36643.0], [3458.75, 40400.0], [3459.0, 16.0], [3459.75, 36727.0], [3460.0, 16.0], [3461.5, 2.0]]}}}
{"jsonrpc": "2.0", "method": "subscription", "params": {"channel": "book.ETH-14NOV25.none.20.100ms", "data": {"timestamp": 1762912361911, "change_id": 96307295239, "instrument_name": "ETH-14NOV25", "bids": [[3448.0, 2600.0], [3447.75, 12756.0], [3447.5, 103445.0], [3447.25, 906.0], [3447.0, 2500.0], [3445.5, 3619.0], [3445.25, 12125.0], [3444.25, 4109.0], [3444.0, 13765.0], [3443.75, 400.0], [3443.5, 1339.0], [3443.25, 6610.0], [3443.0, 22145.0], [3442.0, 7321.0], [3441.75, 24527.0], [3441.25, 7548.0], [3441.0, 29715.0], [3440.75, 330.0], [3440.5, 1109.0], [3440.25, 15109.0]], "asks": [[3448.25, 5100.0], [3448.5, 4883.0], [3448.75, 8273.0], [3449.0, 14175.0], [3449.25, 41889.0], [3450.75, 299.0], [3451.0, 1000.0], [3452.0, 4239.0], [3452.25, 14202.0], [3454.0, 7552.0], [3454.25, 25300.0], [3456.0, 48772.0], [3456.5, 2.0], [3457.25, 40400.0], [3459.25, 49927.0], [3460.75, 17232.0], [3465.25, 74152.0], [3465.5, 5535.0], [3466.25, 40000.0], [3470.0, 9.0]]}}}
