{"jsonrpc": "2.0", "id": 1, "result": ["book.ETH-19SEP25.none.20.100ms"], "usIn": 1758190939256416, "usOut": 1758190939256578, "usDiff": 162, "testnet": false}
{"jsonrpc": "2.0", "method": "subscription", "params": {"channel": "book.ETH-19SEP25.none.20.100ms", "data": {"timestamp": 1758190939160, "change_id": 86994574399, "instrument_name": "ETH-19SEP25", "bids": [[4586.75, 1742.0], [4586.5, 6032.0], [4586.25, 11621.0], [4586.0, 24000.0], [4585.0, 538.0], [4584.5, 10.0], [4583.75, 1501.0], [4583.5, 5002.0], [4582.25, 538.0], [4581.75, 547.0], [4581.25, 4819.0], [4581.0, 21724.0], [4580.75, 24947.0], [4580.5, 540.0], [4579.5, 547.0], [4579.0, 547.0], [4578.75, 1668.0], [4578.5, 5559.0], [4578.25, 7927.0], [4578.0, 27249.0]], "asks": [[4587.0, 4320.0], [4587.25, 33501.0], [4587.5, 5330.0], [4587.75, 5351.0], [4588.0, 16461.0], [4588.25, 41991.0], [4588.5, 11038.0], [4588.75, 38282.0], [4589.0, 6158.0], [4589.25, 14755.0], [4589.5, 547.0], [4590.0, 8162.0], [4590.25, 25602.0], [4590.5, 556.0], [4591.25, 9520.0], [4591.5, 30000.0], [4591.75, 556.0], [4593.0, 1501.0], [4593.25, 5003.0], [4596.25, 562.0]]}}}
{"jsonrpc": "2.0", "method": "subscription", "params": {"channel": "book.ETH-19SEP25.none.20.100ms", "data": {"timestamp": 1758190939474, "change_id": 86994575110, "instrument_name": "ETH-19SEP25", "bids": [[4586.75, 1470.0], [4586.5, 6032.0], [4586.25, 11621.0], [4586.0, 24000.0], [4585.0, 538.0], [4584.5, 10.0], [4583.75, 1501.0], [4583.5, 5002.0], [4582.25, 538.0], [4581.75, 547.0], [4581.25, 4819.0], [4581.0, 21724.0], [4580.75, 24947.0], [4580.5, 540.0], [4579.5, 547.0], [4579.0, 547.0], [4578.75, 1668.0], [4578.5, 5559.0], [4578.25, 7927.0], [4578.0, 27249.0]], "asks": [[4587.0, 8491.0], [4587.25, 29330.0], [4587.5, 5330.0], [4587.75, 5351.0], [4588.0, 16461.0], [4588.25, 41991.0], [4588.5, 11038.0], [4588.75, 38282.0], [4589.0, 6158.0], [4589.25, 14755.0], [4589.5, 547.0], [4590.0, 8162.0], [4590.25, 25602.0], [4590.5, 556.0], [4591.25, 9520.0], [4591.5, 30000.0], [4591.75, 556.0], [4593.0, 1501.0], [4593.25, 5003.0], [4596.25, 562.0]]}}}
{"jsonrpc": "2.0", "method": "subscription", "params": {"channel": "book.ETH-19SEP25.none.20.100ms", "data": {"timestamp": 1758190939813, "change_id": 86994575689, "instrument_name": "ETH-19SEP25", "bids": [[4586.75, 5570.0], [4586.5, 6032.0], [4586.25, 11621.0], [4586.0, 24000.0], [4585.0, 538.0], [4584.5, 10.0], [4583.75, 1501.0], [4583.5, 5002.0], [4581.75, 547.0], [4581.25, 4819.0], [4581.0, 21724.0], [4580.75, 24947.0], [4580.5, 540.0], [4579.5, 547.0], [4579.0, 547.0], [4578.75, 1668.0], [4578.5, 5559.0], [4578.25, 7927.0], [4578.0, 27249.0], [4577.75, 26973.0]], "asks": [[4587.0, 4865.0], [4587.25, 33501.0], [4587.5, 5330.0], [4587.75, 5351.0], [4588.0, 16461.0], [4588.25, 41991.0], [4588.5, 11038.0], [4588.75, 38282.0], [4589.0, 6158.0], [4589.25, 14755.0], [4589.5, 547.0], [4590.0, 8162.0], [4590.25, 25602.0], [4590.5, 556.0], [4591.25, 9520.0], [4591.5, 30000.0], [4591.75, 556.0], [4593.0, 1501.0], [4593.25, 5003.0], [4596.25, 562.0]]}}}
{"jsonrpc": "2.0", "method": "subscription", "params": {"channel": "book.ETH-19SEP25.none.20.100ms", "data": {"timestamp": 1758190940121, "change_id": 86994576302, "instrument_name": "ETH-19SEP25", "bids": [[4586.75, 9901.0], [4586.5, 1861.0], [4586.25, 4100.0], [4585.0, 538.0], [4584.5, 10.0], [4583.75, 1501.0], [4583.5, 5002.0], [4581.75, 547.0], [4581.25, 11769.0], [4581.0, 39187.0], [4580.5, 540.0], [4579.5, 547.0], [4579.0, 547.0], [4578.75, 1668.0], [4578.5, 5559.0], [4578.25, 7927.0], [4578.0, 27249.0], [4577.75, 26973.0], [4577.5, 90000.0], [4577.25, 550.0]], "asks": [[4587.0, 1002.0], [4587.5, 8276.0], [4587.75, 29351.0], [4588.0, 6803.0], [4588.25, 10333.0], [4588.5, 11038.0], [4588.75, 38141.0], [4589.0, 547.0], [4589.5, 547.0], [4590.0, 8162.0], [4590.25, 29687.0], [4590.5, 14442.0], [4591.25, 9520.0], [4591.5, 30000.0], [4591.75, 556.0], [4593.0, 1501.0], [4593.25, 5003.0], [4596.25, 562.0], [4596.5, 1011.0], [4596.75, 3369.0]]}}}
{"jsonrpc": "2.0", "method": "subscription", "params": {"channel": "book.ETH-19SEP25.none.20.100ms", "data": {"timestamp": 1758190940440, "change_id": 86994576868, "instrument_name": "ETH-19SEP25", "bids": [[4586.75, 9901.0], [4586.5, 1861.0], [4586.25, 4100.0], [4585.0, 538.0], [4584.5, 10.0], [4583.75, 1501.0], [4583.5, 5002.0], [4581.75, 547.0], [4581.25, 4819.0], [4581.0, 14240.0], [4580.75, 24947.0], [4580.5, 540.0], [4579.5, 547.0], [4579.0, 547.0], [4578.75, 1668.0], [4578.5, 5559.0], [4578.25, 7927.0], [4578.0, 27249.0], [4577.75, 26973.0], [4577.5, 90000.0]], "asks": [[4587.0, 1002.0], [4587.5, 8276.0], [4587.75, 29351.0], [4588.0, 6803.0], [4588.25, 10333.0], [4588.5, 11038.0], [4588.75, 38141.0], [4589.0, 547.0], [4589.5, 547.0], [4589.75, 1250.0], [4590.0, 8162.0], [4590.25, 29687.0], [4590.5, 14442.0], [4591.25, 9520.0], [4591.5, 30000.0], [4591.75, 556.0], [4593.0, 1501.0], [4593.25, 5003.0], [4596.25, 562.0], [4596.5, 1011.0]]}}}
{"jsonrpc": "2.0", "method": "subscription", "params": {"channel": "book.ETH-19SEP25.none.20.100ms", "data": {"timestamp": 1758190940804, "change_id": 86994577400, "instrument_name": "ETH-19SEP25", "bids": [[4586.75, 9901.0], [4586.5, 1000.0], [4585.0, 1768.0], [4584.75, 4100.0], [4584.5, 557.0], [4583.75, 1501.0], [4583.5, 5002.0], [4581.75, 547.0], [4581.25, 4819.0], [4581.0, 14240.0], [4580.75, 24947.0], [4580.5, 540.0], [4579.5, 547.0], [4579.0, 547.0], [4578.75, 1668.0], [4578.5, 5559.0], [4578.25, 7927.0], [4578.0, 27249.0], [4577.75, 26973.0], [4577.5, 90000.0]], "asks": [[4587.0, 1002.0], [4587.5, 8276.0], [4587.75, 33522.0], [4588.0, 6803.0], [4588.25, 10333.0], [4588.5, 11038.0], [4588.75, 38141.0], [4589.0, 547.0], [4589.5, 547.0], [4589.75, 1250.0], [4590.0, 8162.0], [4590.25, 29687.0], [4590.5, 14442.0], [4591.25, 9520.0], [4591.5, 30000.0], [4591.75, 556.0], [4593.0, 1501.0], [4593.25, 5003.0], [4596.25, 562.0], [4596.5, 1011.0]]}}}
{"jsonrpc": "2.0", "method": "subscription", "params": {"channel": "book.ETH-19SEP25.none.20.100ms", "data": {"timestamp": 1758190941079, "change_id": 86994577692, "instrument_name": "ETH-19SEP25", "bids": [[4586.75, 9901.0], [4586.5, 1000.0], [4585.0, 1768.0], [4584.75, 4100.0], [4584.5, 557.0], [4583.75, 1501.0], [4583.5, 5002.0], [4581.75, 547.0], [4581.25, 4819.0], [4581.0, 39187.0], [4580.5, 540.0], [4579.5, 547.0], [4579.0, 547.0], [4578.75, 1668.0], [4578.5, 5559.0], [4578.25, 7927.0], [4578.0, 27249.0], [4577.75, 26973.0], [4577.5, 90000.0], [4577.25, 550.0]], "asks": [[4587.0, 1478.0], [4587.5, 8276.0], [4587.75, 33522.0], [4588.0, 6803.0], [4588.25, 10333.0], [4588.5, 11038.0], [4588.75, 38141.0], [4589.0, 547.0], [4589.25, 1250.0], [4589.5, 547.0], [4590.0, 8162.0], [4590.25, 29687.0], [4590.5, 14442.0], [4591.25, 9520.0], [4591.5, 30000.0], [4591.75, 556.0], [4593.0, 1501.0], [4593.25, 5003.0], [4596.25, 562.0], [4596.5, 1011.0]]}}}
{"jsonrpc": "2.0", "method": "subscription", "params": {"channel": "book.ETH-19SEP25.none.20.100ms", "data": {"timestamp": 1758190941289, "change_id": 86994577956, "instrument_name": "ETH-19SEP25", "bids": [[4586.75, 9901.0], [4586.5, 1000.0], [4585.0, 1768.0], [4584.75, 4100.0], [4584.5, 557.0], [4583.75, 1501.0], [4583.5, 5002.0], [4581.75, 547.0], [4581.25, 4819.0], [4581.0, 39187.0], [4580.5, 540.0], [4579.5, 547.0], [4579.0, 547.0], [4578.75, 1668.0], [4578.5, 5559.0], [4578.25, 7927.0], [4578.0, 27249.0], [4577.75, 26973.0], [4577.5, 90000.0], [4577.25, 550.0]], "asks": [[4587.0, 1478.0], [4587.25, 1251.0], [4587.5, 12447.0], [4587.75, 29351.0], [4588.0, 6803.0], [4588.25, 10333.0], [4588.5, 11038.0], [4588.75, 38141.0], [4589.0, 547.0], [4589.25, 1250.0], [4589.5, 547.0], [4590.0, 8162.0], [4590.25, 29687.0], [4590.5, 14442.0], [4591.25, 9520.0], [4591.5, 30000.0], [4591.75, 556.0], [4593.0, 1501.0], [4593.25, 5003.0], [4596.25, 562.0]]}}}
{"jsonrpc": "2.0", "method": "subscription", "params": {"channel": "book.ETH-19SEP25.none.20.100ms", "data": {"timestamp": 1758190941789, "change_id": 86994578623, "instrument_name": "ETH-19SEP25", "bids": [[4586.75, 9901.0], [4586.5, 25000.0], [4585.0, 1768.0], [4584.75, 4100.0], [4584.5, 557.0], [4583.75, 1501.0], [4583.5, 5002.0], [4581.75, 547.0], [4581.25, 4819.0], [4581.0, 39187.0], [4580.5, 540.0], [4579.5, 547.0], [4579.0, 547.0], [4578.75, 1668.0], [4578.5, 5559.0], [4578.25, 7927.0], [4578.0, 27249.0], [4577.75, 26973.0], [4577.5, 90000.0], [4577.25, 550.0]], "asks": [[4587.0, 1478.0], [4587.25, 5351.0], [4587.5, 12447.0], [4587.75, 29351.0], [4588.0, 6803.0], [4588.25, 10333.0], [4588.5, 11038.0], [4588.75, 38141.0], [4589.0, 547.0], [4589.25, 1250.0], [4589.5, 547.0], [4590.0, 8162.0], [4590.25, 29687.0], [4590.5, 14442.0], [4591.25, 9520.0], [4591.5, 30000.0], [4591.75, 556.0], [4593.0, 1501.0], [4593.25, 5003.0], [4596.25, 562.0]]}}}
{"jsonrpc": "2.0", "method": "subscription", "params": {"channel": "book.ETH-19SEP25.none.20.100ms", "data": {"timestamp": 1758190941865, "change_id": 86994578665, "instrument_name": "ETH-19SEP25", "bids": [[4586.75, 9901.0], [4586.5, 25000.0], [4585.0, 1768.0], [4584.75, 4100.0], [4584.5, 557.0], [4583.75, 1501.0], [4583.5, 5002.0], [4581.75, 547.0], [4581.25, 4819.0], [4581.0, 14240.0], [4580.75, 24947.0], [4580.5, 540.0], [4579.5, 547.0], [4579.0, 547.0], [4578.75, 1668.0], [4578.5, 5559.0], [4578.25, 7927.0], [4578.0, 27249.0], [4577.75, 26973.0], [4577.5, 90000.0]], "asks": [[4587.0, 1478.0], [4587.25, 5351.0], [4587.5, 12447.0], [4587.75, 29351.0], [4588.0, 6803.0], [4588.25, 10333.0], [4588.5, 11038.0], [4588.75, 38141.0], [4589.0, 547.0], [4589.25, 1250.0], [4589.5, 547.0], [4590.0, 8162.0], [4590.25, 29687.0], [4590.5, 14442.0], [4591.25, 9520.0], [4591.5, 30000.0], [4591.75, 556.0], [4593.0, 1501.0], [4593.25, 5003.0], [4596.25, 562.0]]}}}
{"jsonrpc": "2.0", "method": "subscription", "params": {"channel": "book.ETH-19SEP25.none.20.100ms", "data": {"timestamp": 1758190942206, "change_id": 86994579037, "instrument_name": "ETH-19SEP25", "bids": [[4586.75, 9901.0], [4586.5, 25000.0], [4585.0, 1768.0], [4584.75, 4100.0], [4584.5, 557.0], [4583.75, 1501.0], [4583.5, 5002.0], [4581.75, 547.0], [4581.25, 4819.0], [4581.0, 39187.0], [4580.5, 540.0], [4579.5, 547.0], [4579.0, 547.0], [4578.75, 1668.0], [4578.5, 5559.0], [4578.25, 7927.0], [4578.0, 27249.0], [4577.75, 26973.0], [4577.5, 90000.0], [4577.25, 550.0]], "asks": [[4587.0, 1478.0], [4587.25, 5351.0], [4587.5, 12447.0], [4587.75, 29351.0], [4588.0, 6803.0], [4588.25, 10333.0], [4588.5, 11038.0], [4588.75, 38141.0], [4589.0, 767.0], [4589.25, 1250.0], [4589.5, 547.0], [4590.0, 8162.0], [4590.25, 29687.0], [4590.5, 14442.0], [4591.25, 9520.0], [4591.5, 30000.0], [4591.75, 556.0], [4593.0, 1501.0], [4593.25, 5003.0], [4596.25, 562.0]]}}}
{"jsonrpc": "2.0", "method": "subscription", "params": {"channel": "book.ETH-19SEP25.none.20.100ms", "data": {"timestamp": 1758190942745, "change_id": 86994579743, "instrument_name": "ETH-19SEP25", "bids": [[4586.75, 9901.0], [4586.5, 25000.0], [4585.0, 1768.0], [4584.75, 4100.0], [4584.5, 557.0], [4583.75, 1501.0], [4583.5, 5002.0], [4581.75, 547.0], [4581.25, 4819.0], [4581.0, 14240.0], [4580.75, 24947.0], [4579.5, 547.0], [4579.0, 547.0], [4578.75, 1668.0], [4578.5, 5559.0], [4578.25, 7927.0], [4578.0, 27249.0], [4577.75, 26973.0], [4577.5, 90000.0], [4577.25, 550.0]], "asks": [[4587.0, 1478.0], [4587.25, 12395.0], [4587.5, 29401.0], [4587.75, 5351.0], [4588.0, 6803.0], [4588.25, 10333.0], [4588.5, 11038.0], [4588.75, 38141.0], [4589.0, 767.0], [4589.25, 1250.0], [4589.5, 547.0], [4590.0, 8162.0], [4590.25, 29687.0], [4590.5, 14442.0], [4591.25, 9520.0], [4591.5, 30000.0], [4591.75, 556.0], [4593.0, 1501.0], [4593.25, 5003.0], [4596.25, 562.0]]}}}
{"jsonrpc": "2.0", "method": "subscription", "params": {"channel": "book.ETH-19SEP25.none.20.100ms", "data": {"timestamp": 1758190942854, "change_id": 86994579822, "instrument_name": "ETH-19SEP25", "bids": [[4586.75, 9901.0], [4586.5, 1000.0], [4586.25, 7200.0], [4586.0, 24000.0], [4585.0, 1768.0], [4584.75, 4100.0], [4584.5, 557.0], [4583.75, 1501.0], [4583.5, 5002.0], [4581.75, 547.0], [4581.25, 4819.0], [4581.0, 14240.0], [4580.75, 24947.0], [4579.5, 547.0], [4579.0, 547.0], [4578.75, 1668.0], [4578.5, 5559.0], [4578.25, 7927.0], [4578.0, 27249.0], [4577.75, 26973.0]], "asks": [[4587.0, 1478.0], [4587.25, 12395.0], [4587.5, 29401.0], [4587.75, 5351.0], [4588.0, 6803.0], [4588.25, 10333.0], [4588.5, 11038.0], [4588.75, 38141.0], [4589.0, 767.0], [4589.25, 1250.0], [4589.5, 547.0], [4590.0, 8162.0], [4590.25, 29687.0], [4590.5, 14442.0], [4591.25, 9520.0], [4591.5, 30000.0], [4591.75, 556.0], [4593.0, 1501.0], [4593.25, 5003.0], [4596.25, 562.0]]}}}
{"jsonrpc": "2.0", "method": "subscription", "params": {"channel": "book.ETH-19SEP25.none.20.100ms", "data": {"timestamp": 1758190943193, "change_id": 86994580165, "instrument_name": "ETH-19SEP25", "bids": [[4586.75, 9901.0], [4586.5, 1000.0], [4586.25, 7200.0], [4586.0, 24000.0], [4585.0, 1768.0], [4584.75, 4100.0], [4584.5, 557.0], [4583.75, 1501.0], [4583.5, 5002.0], [4581.75, 547.0], [4581.25, 4819.0], [4581.0, 21724.0], [4580.75, 24947.0], [4579.5, 547.0], [4579.0, 547.0], [4578.75, 1668.0], [4578.5, 5559.0], [4578.25, 7927.0], [4578.0, 27249.0], [4577.75, 26973.0]], "asks": [[4587.0, 1478.0], [4587.25, 12395.0], [4587.5, 29401.0], [4587.75, 5351.0], [4588.0, 6803.0], [4588.25, 10333.0], [4588.5, 11038.0], [4588.75, 38141.0], [4589.0, 767.0], [4589.25, 1250.0], [4589.5, 547.0], [4590.0, 8162.0], [4590.25, 29687.0], [4590.5, 14442.0], [4591.25, 9520.0], [4591.5, 30000.0], [4591.75, 556.0], [4593.0, 1501.0], [4593.25, 5003.0], [4596.25, 562.0]]}}}
{"jsonrpc": "2.0", "method": "subscription", "params": {"channel": "book.ETH-19SEP25.none.20.100ms", "data": {"timestamp": 1758190943816, "change_id": 86994580933, "instrument_name": "ETH-19SEP25", "bids": [[4586.75, 9901.0], [4586.5, 13376.0], [4586.25, 28320.0], [4585.0, 1768.0], [4584.75, 4100.0], [4584.5, 557.0], [4583.75, 1501.0], [4583.5, 5002.0], [4581.75, 547.0], [4581.25, 4819.0], [4581.0, 21724.0], [4580.75, 24947.0], [4579.5, 547.0], [4579.0, 547.0], [4578.75, 1668.0], [4578.5, 5559.0], [4578.25, 7927.0], [4578.0, 27249.0], [4577.75, 26973.0], [4577.5, 90000.0]], "asks": [[4587.0, 1478.0], [4587.25, 8295.0], [4587.5, 25230.0], [4587.75, 5351.0], [4588.0, 6803.0], [4588.25, 10333.0], [4588.5, 11038.0], [4588.75, 38141.0], [4589.0, 767.0], [4589.25, 1250.0], [4589.5, 547.0], [4590.0, 8162.0], [4590.25, 29687.0], [4590.5, 14442.0], [4591.25, 9520.0], [4591.5, 30000.0], [4591.75, 556.0], [4593.0, 1501.0], [4593.25, 5003.0], [4596.25, 562.0]]}}}
{"jsonrpc": "2.0", "method": "subscription", "params": {"channel": "book.ETH-19SEP25.none.20.100ms", "data": {"timestamp": 1758190943892, "change_id": 86994581104, "instrument_name": "ETH-19SEP25", "bids": [[4587.0, 11207.0], [4586.75, 13752.0], [4586.5, 29330.0], [4586.25, 4320.0], [4585.0, 1768.0], [4584.75, 4100.0], [4584.5, 557.0], [4583.75, 1501.0], [4583.5, 5002.0], [4581.75, 547.0], [4581.25, 4819.0], [4581.0, 21724.0], [4580.75, 24947.0], [4579.5, 547.0], [4579.0, 547.0], [4578.75, 1668.0], [4578.5, 5559.0], [4578.25, 7927.0], [4578.0, 27249.0], [4577.75, 26973.0]], "asks": [[4587.25, 1251.0], [4587.5, 29401.0], [4587.75, 5351.0], [4588.0, 6803.0], [4588.25, 10333.0], [4588.5, 10491.0], [4588.75, 38141.0], [4589.0, 547.0], [4589.5, 547.0], [4589.75, 539.0], [4590.0, 9412.0], [4590.25, 29687.0], [4590.5, 14442.0], [4591.25, 9520.0], [4591.5, 30000.0], [4591.75, 556.0], [4593.0, 1501.0], [4593.25, 5003.0], [4596.25, 562.0], [4596.5, 1011.0]]}}}
{"jsonrpc": "2.0", "method": "subscription", "params": {"channel": "book.ETH-19SEP25.none.20.100ms", "data": {"timestamp": 1758190944481, "change_id": 86994582366, "instrument_name": "ETH-19SEP25", "bids": [[4587.75, 1250.0], [4587.5, 8271.0], [4587.25, 5690.0], [4587.0, 13530.0], [4586.75, 28100.0], [4585.0, 538.0], [4584.75, 4100.0], [4584.5, 557.0], [4583.5, 5002.0], [4581.75, 547.0], [4581.25, 25494.0], [4581.0, 14240.0], [4580.75, 547.0], [4579.5, 547.0], [4579.0, 547.0], [4578.5, 5559.0], [4578.25, 7927.0], [4578.0, 27249.0], [4577.75, 26973.0], [4577.5, 90000.0]], "asks": [[4588.0, 38082.0], [4588.25, 63274.0], [4588.5, 11331.0], [4588.75, 37769.0], [4589.5, 707.0], [4590.0, 547.0], [4590.25, 25382.0], [4590.5, 556.0], [4591.25, 14383.0], [4591.5, 30000.0], [4591.75, 556.0], [4593.25, 5003.0], [4596.25, 562.0], [4596.75, 3369.0], [4597.25, 25425.0], [4597.75, 27540.0], [4598.0, 90220.0], [4598.25, 5762.0], [4599.5, 49405.0], [4600.75, 963.0]]}}}
{"jsonrpc": "2.0", "method": "subscription", "params": {"channel": "book.ETH-19SEP25.none.20.100ms", "data": {"timestamp": 1758190944756, "change_id": 86994583098, "instrument_name": "ETH-19SEP25", "bids": [[4587.75, 1250.0], [4587.5, 4100.0], [4587.25, 9861.0], [4587.0, 13530.0], [4586.75, 24000.0], [4585.0, 538.0], [4584.75, 4100.0], [4584.5, 557.0], [4583.5, 5002.0], [4581.75, 547.0], [4581.25, 25494.0], [4581.0, 14240.0], [4580.75, 547.0], [4579.5, 547.0], [4579.0, 547.0], [4578.5, 5559.0], [4578.25, 7927.0], [4578.0, 27249.0], [4577.75, 26973.0], [4577.5, 90000.0]], "asks": [[4588.0, 42253.0], [4588.25, 59103.0], [4588.5, 11331.0], [4588.75, 51979.0], [4589.0, 160.0], [4589.5, 1797.0], [4590.0, 547.0], [4590.25, 25382.0], [4590.5, 556.0], [4591.25, 547.0], [4591.5, 30000.0], [4591.75, 556.0], [4593.25, 5003.0], [4596.25, 562.0], [4596.75, 3369.0], [4597.25, 25425.0], [4597.75, 27540.0], [4598.0, 90220.0], [4598.25, 5762.0], [4599.5, 49405.0]]}}}
{"jsonrpc": "2.0", "method": "subscription", "params": {"channel": "book.ETH-19SEP25.none.20.100ms", "data": {"timestamp": 1758190945053, "change_id": 86994583658, "instrument_name": "ETH-19SEP25", "bids": [[4587.25, 1210.0], [4587.0, 7601.0], [4586.75, 4171.0], [4586.5, 7200.0], [4586.25, 24000.0], [4585.0, 538.0], [4584.75, 4100.0], [4584.5, 557.0], [4583.5, 5002.0], [4581.75, 547.0], [4581.25, 25494.0], [4581.0, 14240.0], [4580.75, 547.0], [4579.5, 547.0], [4579.0, 547.0], [4578.5, 5559.0], [4578.25, 7927.0], [4578.0, 27249.0], [4577.75, 26973.0], [4577.5, 90000.0]], "asks": [[4587.5, 8491.0], [4587.75, 25203.0], [4588.0, 21831.0], [4588.25, 59103.0], [4588.5, 11331.0], [4588.75, 51979.0], [4589.0, 160.0], [4589.5, 1797.0], [4590.0, 547.0], [4590.25, 25382.0], [4590.5, 556.0], [4591.25, 547.0], [4591.5, 30000.0], [4591.75, 556.0], [4593.25, 5003.0], [4596.25, 562.0], [4596.75, 3369.0], [4597.25, 25425.0], [4597.75, 27540.0], [4598.0, 90220.0]]}}}
{"jsonrpc": "2.0", "method": "subscription", "params": {"channel": "book.ETH-19SEP25.none.20.100ms", "data": {"timestamp": 1758190945175, "change_id": 86994583750, "instrument_name": "ETH-19SEP25", "bids": [[4587.25, 1210.0], [4587.0, 7601.0], [4586.75, 4171.0], [4586.5, 7200.0], [4586.25, 24000.0], [4585.0, 538.0], [4584.75, 4100.0], [4584.5, 557.0], [4583.5, 5002.0], [4581.75, 547.0], [4581.25, 25494.0], [4581.0, 14240.0], [4580.75, 547.0], [4579.5, 547.0], [4579.0, 547.0], [4578.5, 5559.0], [4578.25, 7927.0], [4578.0, 27249.0], [4577.75, 26973.0], [4577.5, 90000.0]], "asks": [[4587.5, 8491.0], [4587.75, 25203.0], [4588.0, 21831.0], [4588.25, 68601.0], [4588.5, 42990.0], [4588.75, 51979.0], [4589.0, 160.0], [4589.5, 1797.0], [4590.0, 547.0], [4590.25, 25382.0], [4590.5, 556.0], [4591.25, 547.0], [4591.5, 30000.0], [4591.75, 556.0], [4593.25, 5003.0], [4596.25, 562.0], [4596.75, 3369.0], [4597.25, 25425.0], [4597.75, 27540.0], [4598.0, 90220.0]]}}}
{"jsonrpc": "2.0", "method": "subscription", "params": {"channel": "book.ETH-19SEP25.none.20.100ms", "data": {"timestamp": 1758190945744, "change_id": 86994584789, "instrument_name": "ETH-19SEP25", "bids": [[4587.25, 1210.0], [4587.0, 6421.0], [4586.5, 7200.0], [4586.25, 24000.0], [4585.0, 1768.0], [4584.75, 4100.0], [4584.5, 557.0], [4583.5, 5002.0], [4581.75, 547.0], [4581.5, 7648.0], [4581.25, 25494.0], [4581.0, 14240.0], [4579.5, 547.0], [4579.0, 547.0], [4578.75, 1668.0], [4578.5, 5559.0], [4578.25, 7927.0], [4578.0, 27249.0], [4577.75, 26973.0], [4577.5, 90000.0]], "asks": [[4587.5, 8491.0], [4587.75, 25203.0], [4588.0, 21831.0], [4588.25, 68601.0], [4588.5, 42990.0], [4588.75, 51979.0], [4589.0, 160.0], [4589.5, 1797.0], [4590.0, 8162.0], [4590.25, 25382.0], [4591.25, 547.0], [4591.5, 30000.0], [4591.75, 556.0], [4593.0, 1501.0], [4593.25, 5003.0], [4596.25, 562.0], [4596.75, 3369.0], [4597.0, 7628.0], [4597.25, 25425.0], [4597.75, 27540.0]]}}}
{"jsonrpc": "2.0", "method": "subscription", "params": {"channel": "book.ETH-19SEP25.none.20.100ms", "data": {"timestamp": 1758190946735, "change_id": 86994586321, "instrument_name": "ETH-19SEP25", "bids": [[4587.25, 9481.0], [4587.0, 26250.0], [4585.0, 1768.0], [4584.75, 4100.0], [4584.5, 557.0], [4583.75, 1501.0], [4583.5, 5002.0], [4581.75, 547.0], [4581.5, 7648.0], [4581.25, 29766.0], [4581.0, 14240.0], [4579.5, 547.0], [4579.0, 547.0], [4578.75, 1668.0], [4578.5, 5559.0], [4578.25, 7927.0], [4578.0, 27249.0], [4577.75, 26973.0], [4577.5, 90000.0], [4577.25, 550.0]], "asks": [[4587.5, 1479.0], [4587.75, 2331.0], [4588.0, 26002.0], [4588.25, 92601.0], [4588.5, 42990.0], [4588.75, 51979.0], [4589.0, 160.0], [4589.5, 547.0], [4590.0, 8162.0], [4590.25, 25382.0], [4590.5, 538.0], [4591.25, 9547.0], [4591.5, 30000.0], [4591.75, 556.0], [4593.0, 1501.0], [4593.25, 5003.0], [4596.25, 562.0], [4596.5, 1011.0], [4596.75, 3369.0], [4597.0, 7628.0]]}}}
{"jsonrpc": "2.0", "method": "subscription", "params": {"channel": "book.ETH-19SEP25.none.20.100ms", "data": {"timestamp": 1758190946849, "change_id": 86994586456, "instrument_name": "ETH-19SEP25", "bids": [[4587.25, 9481.0], [4587.0, 26250.0], [4585.0, 1768.0], [4584.75, 4100.0], [4584.5, 557.0], [4583.75, 1501.0], [4583.5, 5002.0], [4581.75, 547.0], [4581.5, 7648.0], [4581.25, 29766.0], [4581.0, 14240.0], [4579.5, 547.0], [4579.0, 547.0], [4578.75, 1668.0], [4578.5, 5559.0], [4578.25, 7927.0], [4578.0, 27249.0], [4577.75, 26973.0], [4577.5, 90000.0], [4577.25, 550.0]], "asks": [[4587.5, 1479.0], [4587.75, 2331.0], [4588.0, 26002.0], [4588.25, 92601.0], [4588.5, 42990.0], [4588.75, 51979.0], [4589.0, 160.0], [4589.5, 547.0], [4590.0, 9412.0], [4590.25, 25382.0], [4590.5, 538.0], [4591.25, 9547.0], [4591.5, 30000.0], [4591.75, 556.0], [4593.0, 1501.0], [4593.25, 5003.0], [4596.25, 562.0], [4596.5, 1011.0], [4596.75, 3369.0], [4597.0, 7628.0]]}}}
{"jsonrpc": "2.0", "method": "subscription", "params": {"channel": "book.ETH-19SEP25.none.20.100ms", "data": {"timestamp": 1758190947398, "change_id": 86994587242, "instrument_name": "ETH-19SEP25", "bids": [[4587.25, 832.0], [4587.0, 3501.0], [4586.75, 11371.0], [4586.5, 24000.0], [4585.0, 1768.0], [4584.75, 4100.0], [4584.5, 557.0], [4583.75, 1501.0], [4583.5, 5002.0], [4581.75, 547.0], [4581.5, 7648.0], [4581.25, 29766.0], [4581.0, 14240.0], [4579.5, 547.0], [4579.0, 547.0], [4578.75, 1668.0], [4578.5, 5559.0], [4578.25, 7927.0], [4578.0, 27249.0], [4577.75, 26973.0]], "asks": [[4587.5, 4921.0], [4587.75, 25203.0], [4588.0, 21831.0], [4588.25, 68601.0], [4588.5, 42990.0], [4588.75, 51979.0], [4589.0, 160.0], [4589.5, 1797.0], [4590.0, 8162.0], [4590.25, 25382.0], [4590.5, 538.0], [4591.25, 9547.0], [4591.5, 30000.0], [4591.75, 556.0], [4593.0, 1501.0], [4593.25, 5003.0], [4596.25, 562.0], [4596.5, 1011.0], [4596.75, 3369.0], [4597.0, 7628.0]]}}}
{"jsonrpc": "2.0", "method": "subscription", "params": {"channel": "book.ETH-19SEP25.none.20.100ms", "data": {"timestamp": 1758190947727, "change_id": 86994587846, "instrument_name": "ETH-19SEP25", "bids": [[4587.25, 1593.0], [4587.0, 8675.0], [4586.75, 15471.0], [4586.5, 24000.0], [4585.0, 1768.0], [4584.75, 4100.0], [4584.5, 557.0], [4583.75, 1501.0], [4583.5, 5002.0], [4581.75, 547.0], [4581.5, 7648.0], [4581.25, 29766.0], [4581.0, 14240.0], [4579.5, 547.0], [4579.0, 547.0], [4578.75, 1668.0], [4578.5, 5559.0], [4578.25, 7927.0], [4578.0, 27249.0], [4577.75, 26973.0]], "asks": [[4587.5, 9021.0], [4587.75, 29303.0], [4588.0, 21831.0], [4588.25, 68601.0], [4588.5, 43150.0], [4588.75, 51979.0], [4589.5, 1797.0], [4590.0, 8162.0], [4590.25, 25382.0], [4590.5, 538.0], [4591.25, 9547.0], [4591.5, 30000.0], [4591.75, 556.0], [4593.0, 1501.0], [4593.25, 5003.0], [4596.25, 562.0], [4596.5, 1011.0], [4596.75, 3369.0], [4597.0, 7628.0], [4597.25, 25425.0]]}}}
{"jsonrpc": "2.0", "method": "subscription", "params": {"channel": "book.ETH-19SEP25.none.20.100ms", "data": {"timestamp": 1758190948187, "change_id": 86994588327, "instrument_name": "ETH-19SEP25", "bids": [[4587.25, 1593.0], [4587.0, 11772.0], [4586.75, 11300.0], [4586.5, 24000.0], [4585.0, 1768.0], [4584.75, 4100.0], [4584.5, 557.0], [4583.75, 1501.0], [4583.5, 5002.0], [4581.75, 547.0], [4581.5, 7648.0], [4581.25, 29766.0], [4581.0, 14240.0], [4579.5, 547.0], [4579.0, 547.0], [4578.75, 1668.0], [4578.5, 5559.0], [4578.25, 7927.0], [4578.0, 27249.0], [4577.75, 26973.0]], "asks": [[4587.5, 9021.0], [4587.75, 29303.0], [4588.0, 21831.0], [4588.25, 68601.0], [4588.5, 43150.0], [4588.75, 51979.0], [4589.5, 1797.0], [4590.0, 8162.0], [4590.25, 25382.0], [4590.5, 538.0], [4591.25, 9547.0], [4591.5, 30000.0], [4591.75, 556.0], [4593.0, 1501.0], [4593.25, 5003.0], [4596.25, 562.0], [4596.5, 1011.0], [4596.75, 3369.0], [4597.0, 7628.0], [4597.25, 25425.0]]}}}
{"jsonrpc": "2.0", "method": "subscription", "params": {"channel": "book.ETH-19SEP25.none.20.100ms", "data": {"timestamp": 1758190948607, "change_id": 86994588804, "instrument_name": "ETH-19SEP25", "bids": [[4587.25, 1593.0], [4587.0, 11772.0], [4586.75, 11300.0], [4586.5, 24000.0], [4585.0, 1768.0], [4584.75, 4100.0], [4584.5, 557.0], [4583.75, 1501.0], [4583.5, 5002.0], [4581.75, 547.0], [4581.5, 7648.0], [4581.25, 29766.0], [4581.0, 14240.0], [4579.0, 547.0], [4578.75, 1668.0], [4578.5, 5559.0], [4578.25, 7927.0], [4578.0, 27249.0], [4577.75, 26973.0], [4577.5, 90000.0]], "asks": [[4587.5, 9021.0], [4587.75, 29303.0], [4588.0, 21831.0], [4588.25, 68601.0], [4588.5, 43150.0], [4588.75, 51979.0], [4589.5, 1797.0], [4590.0, 8162.0], [4590.25, 25382.0], [4590.5, 538.0], [4591.25, 9547.0], [4591.5, 30000.0], [4591.75, 556.0], [4593.0, 1501.0], [4593.25, 5003.0], [4596.25, 562.0], [4596.5, 1011.0], [4596.75, 3369.0], [4597.0, 7628.0], [4597.25, 25425.0]]}}}
{"jsonrpc": "2.0", "method": "subscription", "params": {"channel": "book.ETH-19SEP25.none.20.100ms", "data": {"timestamp": 1758190948966, "change_id": 86994589274, "instrument_name": "ETH-19SEP25", "bids": [[4587.25, 1593.0], [4587.0, 11772.0], [4586.75, 11300.0], [4586.5, 24000.0], [4585.0, 1768.0], [4584.75, 4100.0], [4584.5, 557.0], [4583.75, 1501.0], [4583.5, 5002.0], [4581.75, 547.0], [4581.5, 7648.0], [4581.25, 29766.0], [4581.0, 14240.0], [4579.0, 547.0], [4578.75, 1668.0], [4578.5, 5559.0], [4578.25, 7927.0], [4578.0, 27249.0], [4577.75, 26973.0], [4577.5, 90000.0]], "asks": [[4587.5, 9021.0], [4587.75, 29303.0], [4588.0, 21831.0], [4588.25, 68601.0], [4588.5, 43150.0], [4588.75, 37769.0], [4589.5, 1797.0], [4590.0, 8162.0], [4590.25, 39177.0], [4590.5, 538.0], [4591.25, 9547.0], [4591.5, 30000.0], [4591.75, 556.0], [4593.0, 1501.0], [4593.25, 5003.0], [4596.25, 562.0], [4596.5, 1011.0], [4596.75, 3369.0], [4597.0, 7628.0], [4597.25, 25425.0]]}}}
{"jsonrpc": "2.0", "method": "subscription", "params": {"channel": "book.ETH-19SEP25.none.20.100ms", "data": {"timestamp": 1758190949779, "change_id": 86994590565, "instrument_name": "ETH-19SEP25", "bids": [[4587.0, 3600.0], [4586.75, 5351.0], [4586.5, 5490.0], [4586.25, 11300.0], [4586.0, 24000.0], [4585.0, 1768.0], [4584.75, 4100.0], [4584.5, 557.0], [4583.75, 1501.0], [4583.5, 5002.0], [4581.75, 547.0], [4581.5, 7428.0], [4581.25, 29766.0], [4581.0, 14240.0], [4579.0, 547.0], [4578.75, 1668.0], [4578.5, 5559.0], [4578.25, 7927.0], [4578.0, 27249.0], [4577.75, 26973.0]], "asks": [[4587.25, 28100.0], [4587.5, 5236.0], [4587.75, 5303.0], [4588.0, 21831.0], [4588.25, 68601.0], [4588.5, 43150.0], [4588.75, 37769.0], [4589.5, 1797.0], [4590.0, 12300.0], [4590.25, 39177.0], [4590.5, 538.0], [4591.25, 9547.0], [4591.5, 30000.0], [4591.75, 556.0], [4593.0, 1501.0], [4593.25, 5003.0], [4596.25, 562.0], [4596.5, 1011.0], [4596.75, 3369.0], [4597.0, 7628.0]]}}}
{"jsonrpc": "2.0", "method": "subscription", "params": {"channel": "book.ETH-19SEP25.none.20.100ms", "data": {"timestamp": 1758190950048, "change_id": 86994590788, "instrument_name": "ETH-19SEP25", "bids": [[4587.0, 3600.0], [4586.75, 9522.0], [4586.5, 5490.0], [4586.25, 11300.0], [4586.0, 24000.0], [4585.0, 1768.0], [4584.75, 4100.0], [4584.5, 557.0], [4583.75, 1501.0], [4583.5, 5002.0], [4581.75, 547.0], [4581.5, 7428.0], [4581.25, 29766.0], [4581.0, 14240.0], [4579.0, 547.0], [4578.75, 1668.0], [4578.5, 5559.0], [4578.25, 7927.0], [4578.0, 27249.0], [4577.75, 26973.0]], "asks": [[4587.25, 28100.0], [4587.5, 9407.0], [4587.75, 5303.0], [4588.0, 21831.0], [4588.25, 68601.0], [4588.5, 43150.0], [4588.75, 37769.0], [4589.5, 1797.0], [4590.0, 12300.0], [4590.25, 39177.0], [4590.5, 538.0], [4591.25, 9547.0], [4591.5, 30000.0], [4591.75, 556.0], [4593.0, 1501.0], [4593.25, 5003.0], [4596.25, 562.0], [4596.5, 1011.0], [4596.75, 3369.0], [4597.0, 7628.0]]}}}
{"jsonrpc": "2.0", "method": "subscription", "params": {"channel": "book.ETH-19SEP25.none.20.100ms", "data": {"timestamp": 1758190950415, "change_id": 86994591249, "instrument_name": "ETH-19SEP25", "bids": [[4587.0, 2470.0], [4586.75, 9522.0], [4586.5, 12536.0], [4586.25, 28320.0], [4585.0, 1768.0], [4584.75, 4100.0], [4584.5, 557.0], [4583.75, 1501.0], [4583.5, 5002.0], [4581.75, 547.0], [4581.5, 7428.0], [4581.25, 29766.0], [4581.0, 14240.0], [4579.0, 547.0], [4578.75, 1668.0], [4578.5, 5559.0], [4578.25, 7927.0], [4578.0, 27249.0], [4577.75, 26973.0], [4577.5, 90000.0]], "asks": [[4587.25, 4100.0], [4587.5, 16559.0], [4587.75, 29303.0], [4588.0, 21831.0], [4588.25, 68601.0], [4588.5, 43150.0], [4588.75, 37769.0], [4589.5, 1797.0], [4590.0, 12300.0], [4590.25, 39177.0], [4590.5, 538.0], [4591.25, 9547.0], [4591.5, 30000.0], [4591.75, 556.0], [4593.0, 1501.0], [4593.25, 5003.0], [4596.25, 562.0], [4596.5, 1011.0], [4596.75, 3369.0], [4597.0, 7628.0]]}}}
{"jsonrpc": "2.0", "method": "subscription", "params": {"channel": "book.ETH-19SEP25.none.20.100ms", "data": {"timestamp": 1758190950692, "change_id": 86994591677, "instrument_name": "ETH-19SEP25", "bids": [[4587.0, 6570.0], [4586.75, 9522.0], [4586.5, 12536.0], [4586.25, 24220.0], [4585.0, 1768.0], [4584.75, 4100.0], [4584.5, 557.0], [4583.75, 1501.0], [4583.5, 5002.0], [4581.75, 547.0], [4581.5, 7428.0], [4581.25, 29766.0], [4581.0, 14240.0], [4579.0, 547.0], [4578.75, 1668.0], [4578.5, 5559.0], [4578.25, 7927.0], [4578.0, 27249.0], [4577.75, 26973.0], [4577.5, 90000.0]], "asks": [[4587.25, 4997.0], [4587.5, 16559.0], [4587.75, 29303.0], [4588.0, 21831.0], [4588.25, 68601.0], [4588.5, 43150.0], [4588.75, 37769.0], [4589.0, 1250.0], [4589.5, 547.0], [4590.0, 12300.0], [4590.25, 39177.0], [4590.5, 538.0], [4591.25, 9547.0], [4591.5, 30000.0], [4591.75, 556.0], [4593.0, 1501.0], [4593.25, 5003.0], [4596.25, 562.0], [4596.5, 1011.0], [4596.75, 3369.0]]}}}
{"jsonrpc": "2.0", "method": "subscription", "params": {"channel": "book.ETH-19SEP25.none.20.100ms", "data": {"timestamp": 1758190951082, "change_id": 86994592024, "instrument_name": "ETH-19SEP25", "bids": [[4587.0, 10741.0], [4586.75, 5351.0], [4586.5, 12536.0], [4586.25, 24220.0], [4585.0, 1768.0], [4584.75, 4100.0], [4584.5, 557.0], [4583.75, 1501.0], [4583.5, 5002.0], [4581.75, 547.0], [4581.5, 7428.0], [4581.25, 29766.0], [4581.0, 14240.0], [4579.0, 547.0], [4578.75, 1668.0], [4578.5, 5559.0], [4578.25, 7927.0], [4578.0, 27249.0], [4577.75, 26973.0], [4577.5, 90000.0]], "asks": [[4587.25, 4997.0], [4587.5, 16559.0], [4587.75, 29303.0], [4588.0, 21831.0], [4588.25, 68601.0], [4588.5, 43150.0], [4588.75, 37769.0], [4589.0, 1250.0], [4589.5, 547.0], [4590.0, 12300.0], [4590.25, 39177.0], [4590.5, 538.0], [4591.25, 9547.0], [4591.5, 30000.0], [4591.75, 556.0], [4593.0, 1501.0], [4593.25, 5003.0], [4596.25, 562.0], [4596.5, 1011.0], [4596.75, 3369.0]]}}}
{"jsonrpc": "2.0", "method": "subscription", "params": {"channel": "book.ETH-19SEP25.none.20.100ms", "data": {"timestamp": 1758190951693, "change_id": 86994592752, "instrument_name": "ETH-19SEP25", "bids": [[4587.0, 10741.0], [4586.75, 5351.0], [4586.5, 12536.0], [4586.25, 24220.0], [4585.0, 1768.0], [4584.75, 4100.0], [4584.5, 557.0], [4583.75, 1501.0], [4583.5, 5002.0], [4581.75, 547.0], [4581.5, 7428.0], [4581.25, 29766.0], [4581.0, 14240.0], [4579.0, 547.0], [4578.75, 1668.0], [4578.5, 5559.0], [4578.25, 7927.0], [4578.0, 27249.0], [4577.75, 26973.0], [4577.5, 90000.0]], "asks": [[4587.25, 4997.0], [4587.5, 16559.0], [4587.75, 29303.0], [4588.0, 21831.0], [4588.25, 68601.0], [4588.5, 43150.0], [4588.75, 37769.0], [4589.0, 1250.0], [4589.5, 547.0], [4590.0, 12300.0], [4590.25, 39177.0], [4590.5, 538.0], [4591.25, 9547.0], [4591.5, 30000.0], [4591.75, 556.0], [4593.0, 1501.0], [4593.25, 5003.0], [4596.25, 562.0], [4596.5, 1011.0], [4596.75, 3369.0]]}}}
{"jsonrpc": "2.0", "method": "subscription", "params": {"channel": "book.ETH-19SEP25.none.20.100ms", "data": {"timestamp": 1758190952899, "change_id": 86994594006, "instrument_name": "ETH-19SEP25", "bids": [[4587.0, 10741.0], [4586.75, 5351.0], [4586.5, 12536.0], [4586.25, 24220.0], [4585.0, 1768.0], [4584.75, 4100.0], [4584.5, 557.0], [4583.75, 1501.0], [4583.5, 5002.0], [4581.75, 547.0], [4581.25, 4819.0], [4581.0, 14240.0], [4580.75, 538.0], [4579.5, 7484.0], [4579.25, 24947.0], [4579.0, 547.0], [4578.75, 1668.0], [4578.5, 5559.0], [4578.25, 7927.0], [4578.0, 27249.0]], "asks": [[4587.25, 4997.0], [4587.5, 16559.0], [4587.75, 29303.0], [4588.0, 21831.0], [4588.25, 68601.0], [4588.5, 43150.0], [4588.75, 37769.0], [4589.0, 1250.0], [4589.5, 547.0], [4590.0, 12300.0], [4590.25, 39177.0], [4590.5, 538.0], [4591.25, 9547.0], [4591.5, 30000.0], [4591.75, 556.0], [4593.0, 1501.0], [4593.25, 5003.0], [4596.25, 562.0], [4596.5, 1011.0], [4596.75, 3369.0]]}}}
{"jsonrpc": "2.0", "method": "subscription", "params": {"channel": "book.ETH-19SEP25.none.20.100ms", "data": {"timestamp": 1758190953713, "change_id": 86994594928, "instrument_name": "ETH-19SEP25", "bids": [[4587.0, 10263.0], [4586.75, 5351.0], [4586.5, 12536.0], [4586.25, 24220.0], [4585.0, 1768.0], [4584.75, 4100.0], [4584.5, 557.0], [4583.75, 1501.0], [4583.5, 5002.0], [4581.75, 547.0], [4581.25, 4819.0], [4581.0, 14240.0], [4580.75, 538.0], [4579.5, 7484.0], [4579.25, 24947.0], [4579.0, 547.0], [4578.75, 1668.0], [4578.5, 5559.0], [4578.25, 7927.0], [4578.0, 27249.0]], "asks": [[4587.25, 4997.0], [4587.5, 16081.0], [4587.75, 29303.0], [4588.0, 21831.0], [4588.25, 68601.0], [4588.5, 43150.0], [4588.75, 37769.0], [4589.0, 1250.0], [4589.5, 547.0], [4590.0, 12300.0], [4590.25, 39177.0], [4590.5, 538.0], [4591.25, 9547.0], [4591.5, 30000.0], [4591.75, 556.0], [4593.0, 1501.0], [4593.25, 5003.0], [4596.25, 562.0], [4596.5, 1011.0], [4596.75, 3369.0]]}}}
{"jsonrpc": "2.0", "method": "subscription", "params": {"channel": "book.ETH-19SEP25.none.20.100ms", "data": {"timestamp": 1758190954028, "change_id": 86994595380, "instrument_name": "ETH-19SEP25", "bids": [[4587.0, 10423.0], [4586.75, 12374.0], [4586.5, 28100.0], [4585.0, 1768.0], [4584.75, 4100.0], [4584.5, 557.0], [4583.75, 1501.0], [4583.5, 5002.0], [4581.75, 547.0], [4581.25, 4819.0], [4581.0, 14240.0], [4580.75, 538.0], [4579.5, 7484.0], [4579.25, 24947.0], [4579.0, 547.0], [4578.75, 1668.0], [4578.5, 5559.0], [4578.25, 7927.0], [4578.0, 27249.0], [4577.75, 26973.0]], "asks": [[4587.25, 1723.0], [4587.5, 12388.0], [4587.75, 32996.0], [4588.0, 21831.0], [4588.25, 68601.0], [4588.5, 43150.0], [4588.75, 37769.0], [4589.5, 547.0], [4589.75, 1250.0], [4590.0, 12300.0], [4590.25, 39177.0], [4590.5, 538.0], [4591.25, 9547.0], [4591.5, 30000.0], [4591.75, 556.0], [4593.0, 1501.0], [4593.25, 5003.0], [4596.25, 562.0], [4596.5, 1011.0], [4596.75, 3369.0]]}}}
{"jsonrpc": "2.0", "method": "subscription", "params": {"channel": "book.ETH-19SEP25.none.20.100ms", "data": {"timestamp": 1758190954397, "change_id": 86994595907, "instrument_name": "ETH-19SEP25", "bids": [[4587.0, 10423.0], [4586.75, 12374.0], [4586.5, 28100.0], [4585.0, 1768.0], [4584.75, 4100.0], [4584.5, 557.0], [4583.75, 1501.0], [4583.5, 5002.0], [4581.75, 547.0], [4581.25, 4819.0], [4581.0, 14240.0], [4580.75, 538.0], [4579.5, 7484.0], [4579.25, 24947.0], [4579.0, 547.0], [4578.75, 1668.0], [4578.5, 5559.0], [4578.25, 7927.0], [4578.0, 27249.0], [4577.75, 26973.0]], "asks": [[4587.25, 1723.0], [4587.5, 8288.0], [4587.75, 32996.0], [4588.0, 21831.0], [4588.25, 68601.0], [4588.5, 42990.0], [4588.75, 37769.0], [4589.5, 707.0], [4589.75, 1250.0], [4590.0, 12300.0], [4590.25, 39177.0], [4590.5, 538.0], [4591.25, 9547.0], [4591.5, 30000.0], [4591.75, 556.0], [4593.0, 1501.0], [4593.25, 5003.0], [4596.25, 562.0], [4596.5, 1011.0], [4596.75, 3369.0]]}}}
{"jsonrpc": "2.0", "method": "subscription", "params": {"channel": "book.ETH-19SEP25.none.20.100ms", "data": {"timestamp": 1758190954644, "change_id": 86994596249, "instrument_name": "ETH-19SEP25", "bids": [[4587.0, 10423.0], [4586.75, 12374.0], [4586.5, 24000.0], [4585.0, 1768.0], [4584.75, 4100.0], [4584.5, 557.0], [4583.75, 1501.0], [4583.5, 5002.0], [4581.75, 547.0], [4581.25, 4819.0], [4581.0, 14240.0], [4580.75, 538.0], [4579.5, 7484.0], [4579.25, 24947.0], [4579.0, 547.0], [4578.75, 1668.0], [4578.5, 5559.0], [4578.25, 7927.0], [4578.0, 27249.0], [4577.75, 26973.0]], "asks": [[4587.25, 1723.0], [4587.5, 8288.0], [4587.75, 32996.0], [4588.0, 21831.0], [4588.25, 68601.0], [4588.5, 42990.0], [4588.75, 37769.0], [4589.5, 707.0], [4589.75, 1250.0], [4590.0, 12300.0], [4590.25, 39177.0], [4590.5, 538.0], [4591.25, 9547.0], [4591.5, 30000.0], [4591.75, 556.0], [4593.0, 1501.0], [4593.25, 5003.0], [4596.25, 562.0], [4596.5, 1011.0], [4596.75, 3369.0]]}}}
{"jsonrpc": "2.0", "method": "subscription", "params": {"channel": "book.ETH-19SEP25.none.20.100ms", "data": {"timestamp": 1758190955040, "change_id": 86994596699, "instrument_name": "ETH-19SEP25", "bids": [[4587.0, 10423.0], [4586.75, 12374.0], [4586.5, 24000.0], [4585.0, 1768.0], [4584.75, 4100.0], [4584.5, 557.0], [4583.75, 1501.0], [4583.5, 5002.0], [4581.75, 547.0], [4581.25, 4819.0], [4581.0, 14240.0], [4580.75, 538.0], [4579.5, 7484.0], [4579.25, 24947.0], [4579.0, 547.0], [4578.75, 1668.0], [4578.5, 5559.0], [4578.25, 7927.0], [4578.0, 27249.0], [4577.75, 26973.0]], "asks": [[4587.25, 1723.0], [4587.5, 8288.0], [4587.75, 32996.0], [4588.0, 21831.0], [4588.25, 68601.0], [4588.5, 42990.0], [4588.75, 37769.0], [4589.5, 707.0], [4589.75, 1250.0], [4590.0, 12300.0], [4590.25, 39177.0], [4590.5, 538.0], [4591.25, 9547.0], [4591.5, 30000.0], [4591.75, 556.0], [4593.0, 1501.0], [4593.25, 5003.0], [4596.25, 562.0], [4596.5, 1011.0], [4596.75, 3369.0]]}}}
{"jsonrpc": "2.0", "method": "subscription", "params": {"channel": "book.ETH-19SEP25.none.20.100ms", "data": {"timestamp": 1758190956060, "change_id": 86994598369, "instrument_name": "ETH-19SEP25", "bids": [[4587.0, 4693.0], [4586.75, 4100.0], [4586.25, 7200.0], [4586.0, 24000.0], [4585.75, 160.0], [4585.0, 1768.0], [4584.75, 4100.0], [4584.5, 557.0], [4583.75, 1501.0], [4583.5, 5002.0], [4581.75, 547.0], [4581.5, 7648.0], [4581.25, 29766.0], [4580.75, 538.0], [4580.5, 14103.0], [4579.0, 547.0], [4578.75, 1668.0], [4578.5, 5559.0], [4578.25, 7927.0], [4578.0, 27249.0]], "asks": [[4587.25, 1925.0], [4587.5, 25136.0], [4587.75, 5303.0], [4588.0, 21831.0], [4588.25, 68601.0], [4588.5, 42990.0], [4588.75, 37769.0], [4589.0, 160.0], [4589.5, 767.0], [4589.75, 1250.0], [4590.0, 12300.0], [4590.25, 39177.0], [4590.5, 538.0], [4591.25, 9547.0], [4591.5, 30000.0], [4591.75, 556.0], [4593.0, 1501.0], [4593.25, 5003.0], [4596.25, 562.0], [4596.5, 1011.0]]}}}
{"jsonrpc": "2.0", "method": "subscription", "params": {"channel": "book.ETH-19SEP25.none.20.100ms", "data": {"timestamp": 1758190956272, "change_id": 86994598627, "instrument_name": "ETH-19SEP25", "bids": [[4587.0, 4693.0], [4586.75, 4320.0], [4586.5, 1250.0], [4586.25, 7360.0], [4586.0, 24000.0], [4585.0, 1768.0], [4584.75, 4100.0], [4584.5, 557.0], [4583.75, 1501.0], [4583.5, 5002.0], [4581.75, 547.0], [4581.5, 7648.0], [4581.25, 29766.0], [4580.75, 538.0], [4580.5, 14103.0], [4579.0, 547.0], [4578.75, 1668.0], [4578.5, 5559.0], [4578.25, 7927.0], [4578.0, 27249.0]], "asks": [[4587.25, 5618.0], [4587.5, 25136.0], [4587.75, 5303.0], [4588.0, 21831.0], [4588.25, 68601.0], [4588.5, 43150.0], [4588.75, 37769.0], [4589.25, 1250.0], [4589.5, 547.0], [4590.0, 12300.0], [4590.25, 39177.0], [4590.5, 538.0], [4591.25, 9547.0], [4591.5, 30000.0], [4591.75, 556.0], [4593.0, 1501.0], [4593.25, 5003.0], [4596.25, 562.0], [4596.5, 1011.0], [4596.75, 3369.0]]}}}
{"jsonrpc": "2.0", "method": "subscription", "params": {"channel": "book.ETH-19SEP25.none.20.100ms", "data": {"timestamp": 1758190956721, "change_id": 86994599299, "instrument_name": "ETH-19SEP25", "bids": [[4587.0, 10043.0], [4586.75, 5678.0], [4586.5, 5378.0], [4586.25, 11460.0], [4586.0, 24000.0], [4585.0, 1768.0], [4584.75, 4100.0], [4584.5, 557.0], [4583.75, 1501.0], [4583.5, 5002.0], [4581.75, 547.0], [4581.5, 7648.0], [4581.25, 29766.0], [4580.75, 538.0], [4580.5, 14103.0], [4579.0, 547.0], [4578.75, 1668.0], [4578.5, 5559.0], [4578.25, 7927.0], [4578.0, 27249.0]], "asks": [[4587.25, 9718.0], [4587.5, 29236.0], [4587.75, 5303.0], [4588.0, 21831.0], [4588.25, 68601.0], [4588.5, 43150.0], [4588.75, 37769.0], [4589.25, 1250.0], [4589.5, 547.0], [4590.0, 12300.0], [4590.25, 39177.0], [4590.5, 538.0], [4591.25, 9547.0], [4591.5, 30000.0], [4591.75, 556.0], [4593.0, 1501.0], [4593.25, 5003.0], [4596.25, 562.0], [4596.5, 1011.0], [4596.75, 3369.0]]}}}
{"jsonrpc": "2.0", "method": "subscription", "params": {"channel": "book.ETH-19SEP25.none.20.100ms", "data": {"timestamp": 1758190956731, "change_id": 86994599334, "instrument_name": "ETH-19SEP25", "bids": [[4587.0, 10043.0], [4586.75, 5838.0], [4586.5, 5378.0], [4586.25, 11300.0], [4586.0, 24000.0], [4585.0, 1768.0], [4584.75, 4100.0], [4584.5, 557.0], [4583.75, 1501.0], [4583.5, 5002.0], [4581.75, 547.0], [4581.5, 7648.0], [4581.25, 29766.0], [4580.75, 538.0], [4580.5, 14103.0], [4579.0, 547.0], [4578.75, 1668.0], [4578.5, 5559.0], [4578.25, 7927.0], [4578.0, 27249.0]], "asks": [[4587.25, 9718.0], [4587.5, 29236.0], [4587.75, 5303.0], [4588.0, 21831.0], [4588.25, 68601.0], [4588.5, 43150.0], [4588.75, 37769.0], [4589.25, 1250.0], [4589.5, 547.0], [4590.0, 12300.0], [4590.25, 39177.0], [4590.5, 538.0], [4591.25, 9547.0], [4591.5, 30000.0], [4591.75, 556.0], [4593.0, 1501.0], [4593.25, 5003.0], [4596.25, 562.0], [4596.5, 1011.0], [4596.75, 3369.0]]}}}
{"jsonrpc": "2.0", "method": "subscription", "params": {"channel": "book.ETH-19SEP25.none.20.100ms", "data": {"timestamp": 1758190957289, "change_id": 86994599843, "instrument_name": "ETH-19SEP25", "bids": [[4587.0, 10043.0], [4586.75, 5838.0], [4586.5, 5378.0], [4586.25, 11300.0], [4586.0, 24000.0], [4585.0, 1768.0], [4584.75, 4100.0], [4584.5, 557.0], [4583.75, 1501.0], [4583.5, 5002.0], [4581.75, 547.0], [4581.5, 7648.0], [4581.25, 29766.0], [4580.75, 4769.0], [4580.5, 14103.0], [4579.0, 547.0], [4578.75, 1668.0], [4578.5, 5559.0], [4578.25, 7927.0], [4578.0, 27249.0]], "asks": [[4587.25, 9718.0], [4587.5, 29236.0], [4587.75, 5303.0], [4588.0, 21831.0], [4588.25, 68601.0], [4588.5, 43150.0], [4588.75, 37769.0], [4589.25, 1250.0], [4589.5, 547.0], [4590.0, 12300.0], [4590.25, 39177.0], [4590.5, 538.0], [4591.25, 9547.0], [4591.5, 30000.0], [4591.75, 556.0], [4593.0, 1501.0], [4593.25, 5003.0], [4596.25, 562.0], [4596.5, 1011.0], [4596.75, 3369.0]]}}}
{"jsonrpc": "2.0", "method": "subscription", "params": {"channel": "book.ETH-19SEP25.none.20.100ms", "data": {"timestamp": 1758190957610, "change_id": 86994600252, "instrument_name": "ETH-19SEP25", "bids": [[4587.0, 10043.0], [4586.75, 5838.0], [4586.5, 12370.0], [4586.25, 24220.0], [4585.0, 1768.0], [4584.75, 4100.0], [4584.5, 557.0], [4583.75, 1501.0], [4583.5, 5002.0], [4581.75, 547.0], [4581.5, 7648.0], [4581.25, 29766.0], [4580.75, 4769.0], [4580.5, 14103.0], [4579.0, 547.0], [4578.75, 1668.0], [4578.5, 5559.0], [4578.25, 7927.0], [4578.0, 27249.0], [4577.75, 26973.0]], "asks": [[4587.25, 9718.0], [4587.5, 29236.0], [4587.75, 5303.0], [4588.0, 21831.0], [4588.25, 68601.0], [4588.5, 43150.0], [4588.75, 37769.0], [4589.25, 1250.0], [4589.5, 547.0], [4590.0, 12300.0], [4590.25, 39177.0], [4590.5, 538.0], [4591.25, 9547.0], [4591.5, 30000.0], [4591.75, 556.0], [4593.0, 1501.0], [4593.25, 5003.0], [4596.25, 562.0], [4596.5, 1011.0], [4596.75, 3369.0]]}}}
{"jsonrpc": "2.0", "method": "subscription", "params": {"channel": "book.ETH-19SEP25.none.20.100ms", "data": {"timestamp": 1758190958239, "change_id": 86994600941, "instrument_name": "ETH-19SEP25", "bids": [[4587.0, 10043.0], [4586.75, 5838.0], [4586.5, 12370.0], [4586.25, 24220.0], [4585.0, 1768.0], [4584.75, 4100.0], [4584.5, 557.0], [4583.75, 1501.0], [4583.5, 5002.0], [4581.75, 547.0], [4581.5, 7648.0], [4581.25, 29766.0], [4580.75, 4769.0], [4580.5, 14103.0], [4579.0, 547.0], [4578.75, 1668.0], [4578.5, 5559.0], [4578.25, 7927.0], [4578.0, 27249.0], [4577.75, 26973.0]], "asks": [[4587.25, 9718.0], [4587.5, 29236.0], [4587.75, 5303.0], [4588.0, 21831.0], [4588.25, 68601.0], [4588.5, 43150.0], [4588.75, 37769.0], [4589.25, 1250.0], [4589.5, 547.0], [4590.0, 12300.0], [4590.25, 39177.0], [4590.5, 538.0], [4591.25, 9547.0], [4591.5, 30000.0], [4591.75, 556.0], [4593.0, 1501.0], [4593.25, 5003.0], [4596.25, 562.0], [4596.5, 1011.0], [4596.75, 3369.0]]}}}
{"jsonrpc": "2.0", "method": "subscription", "params": {"channel": "book.ETH-19SEP25.none.20.100ms", "data": {"timestamp": 1758190958899, "change_id": 86994601739, "instrument_name": "ETH-19SEP25", "bids": [[4587.0, 10043.0], [4586.75, 5838.0], [4586.5, 12370.0], [4586.25, 24220.0], [4585.0, 1768.0], [4584.75, 4100.0], [4584.5, 557.0], [4583.75, 1501.0], [4583.5, 5002.0], [4581.75, 547.0], [4581.25, 8031.0], [4581.0, 24947.0], [4580.75, 4769.0], [4580.5, 14103.0], [4579.0, 547.0], [4578.75, 1668.0], [4578.5, 5559.0], [4578.25, 7927.0], [4578.0, 27249.0], [4577.75, 26973.0]], "asks": [[4587.25, 9718.0], [4587.5, 29236.0], [4587.75, 5303.0], [4588.0, 21831.0], [4588.25, 68601.0], [4588.5, 43150.0], [4588.75, 37769.0], [4589.25, 1250.0], [4589.5, 547.0], [4590.0, 12300.0], [4590.25, 39177.0], [4590.5, 538.0], [4591.25, 9547.0], [4591.5, 30000.0], [4591.75, 556.0], [4593.0, 1501.0], [4593.25, 5003.0], [4596.25, 562.0], [4596.5, 1011.0], [4596.75, 3369.0]]}}}
{"jsonrpc": "2.0", "method": "subscription", "params": {"channel": "book.ETH-19SEP25.none.20.100ms", "data": {"timestamp": 1758190959346, "change_id": 86994602138, "instrument_name": "ETH-19SEP25", "bids": [[4587.0, 6350.0], [4586.75, 5838.0], [4586.5, 12370.0], [4586.25, 24220.0], [4585.0, 1768.0], [4584.75, 4100.0], [4584.5, 557.0], [4583.75, 1501.0], [4583.5, 5002.0], [4581.75, 547.0], [4581.25, 8031.0], [4581.0, 24947.0], [4580.75, 4769.0], [4580.5, 14103.0], [4579.0, 547.0], [4578.75, 1668.0], [4578.5, 5559.0], [4578.25, 7927.0], [4578.0, 27249.0], [4577.75, 26973.0]], "asks": [[4587.25, 9718.0], [4587.5, 29236.0], [4587.75, 5303.0], [4588.0, 21831.0], [4588.25, 68601.0], [4588.5, 43150.0], [4588.75, 37769.0], [4589.25, 1250.0], [4589.5, 547.0], [4590.0, 12300.0], [4590.25, 39177.0], [4590.5, 538.0], [4591.25, 9547.0], [4591.5, 30000.0], [4591.75, 556.0], [4593.0, 1501.0], [4593.25, 5003.0], [4596.25, 562.0], [4596.5, 1011.0], [4596.75, 3369.0]]}}}
{"jsonrpc": "2.0", "method": "subscription", "params": {"channel": "book.ETH-19SEP25.none.20.100ms", "data": {"timestamp": 1758190959451, "change_id": 86994602250, "instrument_name": "ETH-19SEP25", "bids": [[4587.0, 10043.0], [4586.75, 5838.0], [4586.5, 12370.0], [4586.25, 24220.0], [4585.0, 1768.0], [4584.75, 4100.0], [4584.5, 557.0], [4583.75, 1501.0], [4583.5, 5002.0], [4581.75, 547.0], [4581.25, 8031.0], [4581.0, 24947.0], [4580.75, 4769.0], [4580.5, 14103.0], [4579.0, 547.0], [4578.75, 1668.0], [4578.5, 5559.0], [4578.25, 7927.0], [4578.0, 27249.0], [4577.75, 26973.0]], "asks": [[4587.25, 9718.0], [4587.5, 29236.0], [4587.75, 5303.0], [4588.0, 21831.0], [4588.25, 68601.0], [4588.5, 43150.0], [4588.75, 37769.0], [4589.25, 1250.0], [4589.5, 547.0], [4590.0, 12300.0], [4590.25, 39177.0], [4590.5, 538.0], [4591.25, 9547.0], [4591.5, 30000.0], [4591.75, 556.0], [4593.0, 1501.0], [4593.25, 5003.0], [4596.25, 562.0], [4596.5, 1011.0], [4596.75, 3369.0]]}}}
{"jsonrpc": "2.0", "method": "subscription", "params": {"channel": "book.ETH-19SEP25.none.20.100ms", "data": {"timestamp": 1758190960675, "change_id": 86994603555, "instrument_name": "ETH-19SEP25", "bids": [[4587.0, 5943.0], [4586.75, 5838.0], [4586.5, 12370.0], [4586.25, 24220.0], [4585.0, 1768.0], [4584.75, 4100.0], [4584.5, 557.0], [4583.75, 1501.0], [4583.5, 5002.0], [4581.75, 547.0], [4581.25, 8031.0], [4581.0, 24947.0], [4580.75, 4769.0], [4580.5, 14103.0], [4579.0, 547.0], [4578.75, 1668.0], [4578.5, 5559.0], [4578.25, 7927.0], [4578.0, 27249.0], [4577.75, 26973.0]], "asks": [[4587.25, 9718.0], [4587.5, 29236.0], [4587.75, 5303.0], [4588.0, 21831.0], [4588.25, 68601.0], [4588.5, 43150.0], [4588.75, 37769.0], [4589.25, 1250.0], [4589.5, 547.0], [4590.0, 12300.0], [4590.25, 39177.0], [4590.5, 538.0], [4591.25, 9547.0], [4591.5, 30000.0], [4591.75, 556.0], [4593.0, 1501.0], [4593.25, 5003.0], [4596.25, 562.0], [4596.5, 1011.0], [4596.75, 3369.0]]}}}
{"jsonrpc": "2.0", "method": "subscription", "params": {"channel": "book.ETH-19SEP25.none.20.100ms", "data": {"timestamp": 1758190961901, "change_id": 86994604810, "instrument_name": "ETH-19SEP25", "bids": [[4587.0, 5943.0], [4586.75, 5838.0], [4586.5, 12370.0], [4586.25, 24220.0], [4585.0, 1768.0], [4584.75, 4100.0], [4584.5, 557.0], [4583.75, 1501.0], [4583.5, 5002.0], [4581.75, 547.0], [4581.5, 7648.0], [4581.25, 25494.0], [4580.75, 4769.0], [4580.5, 14103.0], [4579.0, 547.0], [4578.75, 1668.0], [4578.5, 5559.0], [4578.25, 7927.0], [4578.0, 27249.0], [4577.75, 26973.0]], "asks": [[4587.25, 9718.0], [4587.5, 29236.0], [4587.75, 5303.0], [4588.0, 21831.0], [4588.25, 68601.0], [4588.5, 43150.0], [4588.75, 37769.0], [4589.25, 1250.0], [4589.5, 547.0], [4590.0, 12300.0], [4590.25, 39177.0], [4590.5, 538.0], [4591.25, 9547.0], [4591.5, 30000.0], [4591.75, 556.0], [4593.0, 1501.0], [4593.25, 5003.0], [4596.25, 562.0], [4596.5, 1011.0], [4596.75, 3369.0]]}}}
{"jsonrpc": "2.0", "method": "subscription", "params": {"channel": "book.ETH-19SEP25.none.20.100ms", "data": {"timestamp": 1758190962282, "change_id": 86994605322, "instrument_name": "ETH-19SEP25", "bids": [[4587.0, 5943.0], [4586.75, 5838.0], [4586.5, 12370.0], [4586.25, 24220.0], [4585.0, 1768.0], [4584.75, 4100.0], [4584.5, 557.0], [4583.75, 1501.0], [4583.5, 5002.0], [4581.75, 547.0], [4581.25, 547.0], [4581.0, 24947.0], [4580.75, 4769.0], [4580.5, 14103.0], [4579.0, 547.0], [4578.75, 1668.0], [4578.5, 5559.0], [4578.25, 7927.0], [4578.0, 27249.0], [4577.75, 26973.0]], "asks": [[4587.25, 1925.0], [4587.5, 29236.0], [4587.75, 5303.0], [4588.0, 21831.0], [4588.25, 68601.0], [4588.5, 42990.0], [4588.75, 37769.0], [4589.25, 1410.0], [4589.5, 547.0], [4590.0, 767.0], [4590.25, 25382.0], [4590.5, 538.0], [4590.75, 4320.0], [4591.0, 14399.0], [4591.25, 9547.0], [4591.5, 30000.0], [4591.75, 556.0], [4593.0, 1501.0], [4593.25, 5003.0], [4596.25, 562.0]]}}}
{"jsonrpc": "2.0", "method": "subscription", "params": {"channel": "book.ETH-19SEP25.none.20.100ms", "data": {"timestamp": 1758190962564, "change_id": 86994605699, "instrument_name": "ETH-19SEP25", "bids": [[4587.0, 10043.0], [4586.75, 12493.0], [4586.5, 24000.0], [4585.0, 1768.0], [4584.75, 4100.0], [4584.5, 557.0], [4583.75, 1501.0], [4583.5, 5002.0], [4581.75, 547.0], [4581.25, 547.0], [4581.0, 24947.0], [4580.75, 4769.0], [4580.5, 14103.0], [4579.0, 547.0], [4578.75, 1668.0], [4578.5, 5559.0], [4578.25, 7927.0], [4578.0, 27249.0], [4577.75, 26973.0], [4577.5, 90000.0]], "asks": [[4587.25, 1291.0], [4587.5, 26196.0], [4587.75, 8996.0], [4588.0, 21831.0], [4588.25, 59103.0], [4588.5, 11331.0], [4588.75, 51776.0], [4589.25, 160.0], [4589.5, 547.0], [4589.75, 1250.0], [4590.0, 767.0], [4590.25, 25382.0], [4590.5, 538.0], [4591.25, 9547.0], [4591.5, 30000.0], [4591.75, 556.0], [4593.0, 1501.0], [4593.25, 5003.0], [4596.25, 562.0], [4596.5, 1011.0]]}}}
{"jsonrpc": "2.0", "method": "subscription", "params": {"channel": "book.ETH-19SEP25.none.20.100ms", "data": {"timestamp": 1758190963184, "change_id": 86994606441, "instrument_name": "ETH-19SEP25", "bids": [[4587.0, 10043.0], [4586.75, 12493.0], [4586.5, 24000.0], [4585.0, 1768.0], [4584.75, 4100.0], [4584.5, 557.0], [4583.75, 1501.0], [4583.5, 5002.0], [4581.75, 547.0], [4581.25, 8031.0], [4581.0, 24947.0], [4580.75, 4769.0], [4580.5, 14103.0], [4579.0, 547.0], [4578.75, 1668.0], [4578.5, 5559.0], [4578.25, 7927.0], [4578.0, 27249.0], [4577.75, 26973.0], [4577.5, 90000.0]], "asks": [[4587.25, 1291.0], [4587.5, 26196.0], [4587.75, 8996.0], [4588.0, 21831.0], [4588.25, 90761.0], [4588.5, 11331.0], [4588.75, 51776.0], [4589.25, 160.0], [4589.5, 547.0], [4589.75, 1250.0], [4590.0, 767.0], [4590.25, 25382.0], [4590.5, 538.0], [4591.25, 9547.0], [4591.5, 30000.0], [4591.75, 556.0], [4593.0, 1501.0], [4593.25, 5003.0], [4596.25, 562.0], [4596.5, 1011.0]]}}}
{"jsonrpc": "2.0", "method": "subscription", "params": {"channel": "book.ETH-19SEP25.none.20.100ms", "data": {"timestamp": 1758190963565, "change_id": 86994606869, "instrument_name": "ETH-19SEP25", "bids": [[4587.0, 10043.0], [4586.75, 12493.0], [4586.5, 24000.0], [4585.0, 1768.0], [4584.75, 4100.0], [4584.5, 557.0], [4583.75, 1501.0], [4583.5, 5002.0], [4581.75, 547.0], [4581.25, 8031.0], [4581.0, 24947.0], [4580.75, 4769.0], [4580.5, 14103.0], [4579.0, 547.0], [4578.75, 1668.0], [4578.5, 5559.0], [4578.25, 7927.0], [4578.0, 27249.0], [4577.75, 26973.0], [4577.5, 90000.0]], "asks": [[4587.25, 1291.0], [4587.5, 28829.0], [4587.75, 5303.0], [4588.0, 21831.0], [4588.25, 90761.0], [4588.5, 11331.0], [4588.75, 51936.0], [4589.25, 1250.0], [4589.5, 547.0], [4590.0, 767.0], [4590.25, 25382.0], [4590.5, 538.0], [4591.25, 9547.0], [4591.5, 30000.0], [4591.75, 556.0], [4593.0, 1501.0], [4593.25, 5003.0], [4596.25, 562.0], [4596.5, 1011.0], [4596.75, 3369.0]]}}}
{"jsonrpc": "2.0", "method": "subscription", "params": {"channel": "book.ETH-19SEP25.none.20.100ms", "data": {"timestamp": 1758190964538, "change_id": 86994607993, "instrument_name": "ETH-19SEP25", "bids": [[4587.0, 10043.0], [4586.75, 1390.0], [4586.5, 5330.0], [4586.25, 11300.0], [4586.0, 24000.0], [4585.0, 1768.0], [4584.75, 4100.0], [4584.5, 557.0], [4583.75, 1501.0], [4583.5, 5002.0], [4581.75, 547.0], [4581.25, 8031.0], [4581.0, 24947.0], [4580.75, 4769.0], [4580.5, 14103.0], [4579.0, 547.0], [4578.75, 1668.0], [4578.5, 5559.0], [4578.25, 7927.0], [4578.0, 27249.0]], "asks": [[4587.25, 5913.0], [4587.5, 28829.0], [4587.75, 5303.0], [4588.0, 21831.0], [4588.25, 90761.0], [4588.5, 11331.0], [4588.75, 51936.0], [4589.25, 1250.0], [4589.5, 547.0], [4590.0, 8134.0], [4590.25, 25382.0], [4590.5, 538.0], [4591.25, 9547.0], [4591.5, 30000.0], [4591.75, 556.0], [4593.0, 1501.0], [4593.25, 5003.0], [4596.25, 562.0], [4596.5, 1011.0], [4596.75, 3369.0]]}}}
{"jsonrpc": "2.0", "method": "subscription", "params": {"channel": "book.ETH-19SEP25.none.20.100ms", "data": {"timestamp": 1758190966510, "change_id": 86994610118, "instrument_name": "ETH-19SEP25", "bids": [[4587.0, 10043.0], [4586.75, 1390.0], [4586.5, 12376.0], [4586.25, 24220.0], [4585.0, 1768.0], [4584.75, 4100.0], [4584.5, 557.0], [4583.75, 1501.0], [4583.5, 5002.0], [4581.75, 547.0], [4581.25, 8031.0], [4581.0, 24947.0], [4580.75, 4769.0], [4580.5, 14103.0], [4579.0, 547.0], [4578.75, 1668.0], [4578.5, 5559.0], [4578.25, 7927.0], [4578.0, 27249.0], [4577.75, 26973.0]], "asks": [[4587.25, 5913.0], [4587.5, 28829.0], [4587.75, 5303.0], [4588.0, 21831.0], [4588.25, 90761.0], [4588.5, 11331.0], [4588.75, 51936.0], [4589.25, 1250.0], [4589.5, 547.0], [4590.0, 8134.0], [4590.25, 25382.0], [4590.5, 538.0], [4591.25, 9547.0], [4591.5, 30000.0], [4591.75, 556.0], [4593.0, 1501.0], [4593.25, 5003.0], [4596.25, 562.0], [4596.5, 1011.0], [4596.75, 3369.0]]}}}
{"jsonrpc": "2.0", "method": "subscription", "params": {"channel": "book.ETH-19SEP25.none.20.100ms", "data": {"timestamp": 1758190967527, "change_id": 86994611287, "instrument_name": "ETH-19SEP25", "bids": [[4587.0, 7040.0], [4586.75, 1390.0], [4586.5, 12376.0], [4586.25, 24220.0], [4585.0, 1768.0], [4584.75, 4100.0], [4584.5, 557.0], [4583.75, 1501.0], [4583.5, 5002.0], [4581.75, 547.0], [4581.25, 8031.0], [4581.0, 24947.0], [4580.75, 4769.0], [4580.5, 14103.0], [4579.0, 547.0], [4578.75, 1668.0], [4578.5, 5559.0], [4578.25, 7927.0], [4578.0, 27249.0], [4577.75, 26973.0]], "asks": [[4587.25, 9084.0], [4587.5, 25136.0], [4587.75, 5303.0], [4588.0, 21831.0], [4588.25, 90761.0], [4588.5, 11331.0], [4588.75, 51936.0], [4589.25, 1250.0], [4589.5, 547.0], [4590.0, 8134.0], [4590.25, 25382.0], [4590.5, 538.0], [4591.25, 9547.0], [4591.5, 30000.0], [4591.75, 556.0], [4593.0, 1501.0], [4593.25, 5003.0], [4596.25, 562.0], [4596.5, 1011.0], [4596.75, 3369.0]]}}}
{"jsonrpc": "2.0", "method": "subscription", "params": {"channel": "book.ETH-19SEP25.none.20.100ms", "data": {"timestamp": 1758190967955, "change_id": 86994612079, "instrument_name": "ETH-19SEP25", "bids": [[4587.0, 2750.0], [4586.75, 5083.0], [4586.5, 4320.0], [4586.25, 7200.0], [4586.0, 24000.0], [4585.0, 1768.0], [4584.75, 4100.0], [4584.5, 557.0], [4583.75, 1501.0], [4583.5, 5002.0], [4581.75, 547.0], [4581.25, 547.0], [4580.75, 4769.0], [4580.5, 14103.0], [4579.0, 547.0], [4578.75, 1668.0], [4578.5, 5559.0], [4578.25, 7927.0], [4578.0, 27249.0], [4577.75, 26973.0]], "asks": [[4587.25, 9084.0], [4587.5, 25136.0], [4587.75, 5303.0], [4588.0, 28250.0], [4588.25, 90761.0], [4588.5, 11331.0], [4588.75, 51936.0], [4589.0, 220.0], [4589.25, 1250.0], [4589.5, 547.0], [4590.0, 547.0], [4590.5, 538.0], [4591.25, 9547.0], [4591.5, 30000.0], [4591.75, 556.0], [4593.0, 1501.0], [4593.25, 5003.0], [4596.25, 562.0], [4596.5, 1011.0], [4596.75, 3369.0]]}}}
{"jsonrpc": "2.0", "method": "subscription", "params": {"channel": "book.ETH-19SEP25.none.20.100ms", "data": {"timestamp": 1758190968280, "change_id": 86994612407, "instrument_name": "ETH-19SEP25", "bids": [[4587.0, 6784.0], [4586.75, 1390.0], [4586.5, 4320.0], [4586.25, 7200.0], [4586.0, 24000.0], [4585.0, 1768.0], [4584.75, 4100.0], [4584.5, 557.0], [4583.75, 1501.0], [4583.5, 5002.0], [4581.75, 547.0], [4581.25, 547.0], [4580.75, 4769.0], [4580.5, 14103.0], [4579.0, 547.0], [4578.75, 1668.0], [4578.5, 5559.0], [4578.25, 7927.0], [4578.0, 27249.0], [4577.75, 26973.0]], "asks": [[4587.25, 9084.0], [4587.5, 25136.0], [4587.75, 5303.0], [4588.0, 28250.0], [4588.25, 90761.0], [4588.5, 11331.0], [4588.75, 51936.0], [4589.0, 220.0], [4589.25, 1250.0], [4589.5, 547.0], [4590.0, 547.0], [4590.5, 538.0], [4591.25, 9547.0], [4591.5, 30000.0], [4591.75, 556.0], [4593.0, 1501.0], [4593.25, 5003.0], [4596.25, 562.0], [4596.5, 1011.0], [4596.75, 3369.0]]}}}
{"jsonrpc": "2.0", "method": "subscription", "params": {"channel": "book.ETH-19SEP25.none.20.100ms", "data": {"timestamp": 1758190968490, "change_id": 86994612667, "instrument_name": "ETH-19SEP25", "bids": [[4587.0, 6784.0], [4586.75, 1390.0], [4586.5, 5303.0], [4586.25, 11300.0], [4586.0, 24000.0], [4585.0, 1768.0], [4584.75, 4100.0], [4584.5, 557.0], [4583.75, 1501.0], [4583.5, 5002.0], [4581.75, 547.0], [4581.25, 547.0], [4580.75, 4769.0], [4580.5, 14103.0], [4579.0, 547.0], [4578.75, 1668.0], [4578.5, 5559.0], [4578.25, 7927.0], [4578.0, 27249.0], [4577.75, 26973.0]], "asks": [[4587.25, 9084.0], [4587.5, 25136.0], [4587.75, 5303.0], [4588.0, 28250.0], [4588.25, 90761.0], [4588.5, 11331.0], [4588.75, 51936.0], [4589.0, 220.0], [4589.25, 1250.0], [4589.5, 547.0], [4590.0, 547.0], [4590.5, 538.0], [4591.25, 9547.0], [4591.5, 30000.0], [4591.75, 556.0], [4593.0, 1501.0], [4593.25, 5003.0], [4596.25, 562.0], [4596.5, 1011.0], [4596.75, 3369.0]]}}}
{"jsonrpc": "2.0", "method": "subscription", "params": {"channel": "book.ETH-19SEP25.none.20.100ms", "data": {"timestamp": 1758190968999, "change_id": 86994613234, "instrument_name": "ETH-19SEP25", "bids": [[4587.0, 6784.0], [4586.75, 1390.0], [4586.5, 5303.0], [4586.25, 11300.0], [4586.0, 24000.0], [4585.0, 1768.0], [4584.75, 4100.0], [4584.5, 557.0], [4583.75, 1501.0], [4583.5, 5002.0], [4581.75, 547.0], [4581.25, 547.0], [4580.75, 4769.0], [4580.5, 14103.0], [4579.0, 547.0], [4578.75, 1668.0], [4578.5, 5559.0], [4578.25, 7927.0], [4578.0, 27249.0], [4577.75, 26973.0]], "asks": [[4587.25, 9084.0], [4587.5, 25136.0], [4587.75, 5303.0], [4588.0, 28250.0], [4588.25, 90761.0], [4588.5, 11331.0], [4588.75, 51936.0], [4589.0, 220.0], [4589.25, 1250.0], [4589.5, 547.0], [4590.0, 547.0], [4590.5, 538.0], [4591.25, 9547.0], [4591.5, 30000.0], [4591.75, 556.0], [4593.0, 1501.0], [4593.25, 5003.0], [4596.25, 562.0], [4596.5, 1011.0], [4596.75, 3369.0]]}}}
{"jsonrpc": "2.0", "method": "subscription", "params": {"channel": "book.ETH-19SEP25.none.20.100ms", "data": {"timestamp": 1758190970930, "change_id": 86994615647, "instrument_name": "ETH-19SEP25", "bids": [[4587.0, 6784.0], [4586.75, 1390.0], [4586.5, 5303.0], [4586.25, 11300.0], [4586.0, 24000.0], [4585.0, 1768.0], [4584.75, 4100.0], [4584.5, 557.0], [4583.75, 1501.0], [4583.5, 5002.0], [4581.25, 547.0], [4580.75, 4769.0], [4580.5, 14103.0], [4579.0, 547.0], [4578.75, 1668.0], [4578.5, 5559.0], [4578.25, 7927.0], [4578.0, 27249.0], [4577.75, 26973.0], [4577.5, 90000.0]], "asks": [[4587.25, 9084.0], [4587.5, 25136.0], [4587.75, 5303.0], [4588.0, 28250.0], [4588.25, 90761.0], [4588.5, 11331.0], [4588.75, 51936.0], [4589.0, 220.0], [4589.25, 1250.0], [4590.0, 547.0], [4590.5, 538.0], [4591.25, 9547.0], [4591.5, 30000.0], [4591.75, 556.0], [4593.0, 1501.0], [4593.25, 5003.0], [4596.25, 562.0], [4596.5, 1011.0], [4596.75, 3369.0], [4597.25, 540.0]]}}}
{"jsonrpc": "2.0", "method": "subscription", "params": {"channel": "book.ETH-19SEP25.none.20.100ms", "data": {"timestamp": 1758190970947, "change_id": 86994615662, "instrument_name": "ETH-19SEP25", "bids": [[4587.0, 6784.0], [4586.75, 1390.0], [4586.5, 5303.0], [4586.25, 11300.0], [4586.0, 24000.0], [4585.0, 1768.0], [4584.75, 4100.0], [4584.5, 557.0], [4583.75, 1501.0], [4583.5, 5002.0], [4581.25, 547.0], [4580.75, 4769.0], [4580.5, 14103.0], [4579.0, 547.0], [4578.75, 1668.0], [4578.5, 5559.0], [4578.25, 7927.0], [4578.0, 27249.0], [4577.75, 26973.0], [4577.5, 90000.0]], "asks": [[4587.25, 9084.0], [4587.5, 25136.0], [4587.75, 5303.0], [4588.0, 28250.0], [4588.25, 90761.0], [4588.5, 11331.0], [4588.75, 51936.0], [4589.0, 220.0], [4589.25, 1250.0], [4590.0, 547.0], [4590.5, 538.0], [4591.25, 9547.0], [4591.5, 30000.0], [4591.75, 556.0], [4593.0, 1501.0], [4593.25, 5003.0], [4596.25, 562.0], [4596.5, 1011.0], [4596.75, 3369.0], [4597.25, 540.0]]}}}
{"jsonrpc": "2.0", "method": "subscription", "params": {"channel": "book.ETH-19SEP25.none.20.100ms", "data": {"timestamp": 1758190972249, "change_id": 86994616997, "instrument_name": "ETH-19SEP25", "bids": [[4587.0, 2250.0], [4586.75, 5083.0], [4586.5, 5303.0], [4586.25, 11300.0], [4586.0, 24000.0], [4585.0, 1768.0], [4584.75, 4100.0], [4584.5, 557.0], [4583.75, 1501.0], [4583.5, 5002.0], [4581.25, 547.0], [4580.75, 4769.0], [4580.5, 14103.0], [4579.0, 547.0], [4578.75, 1668.0], [4578.5, 5559.0], [4578.25, 7927.0], [4578.0, 27249.0], [4577.75, 26973.0], [4577.5, 90000.0]], "asks": [[4587.25, 9084.0], [4587.5, 25136.0], [4587.75, 5303.0], [4588.0, 28250.0], [4588.25, 90761.0], [4588.5, 11331.0], [4588.75, 51936.0], [4589.0, 220.0], [4589.25, 1250.0], [4590.0, 547.0], [4590.5, 538.0], [4591.25, 9547.0], [4591.5, 30000.0], [4591.75, 556.0], [4593.0, 1501.0], [4593.25, 5003.0], [4596.25, 562.0], [4596.5, 1011.0], [4596.75, 3369.0], [4597.25, 540.0]]}}}
{"jsonrpc": "2.0", "method": "subscription", "params": {"channel": "book.ETH-19SEP25.none.20.100ms", "data": {"timestamp": 1758190972572, "change_id": 86994618249, "instrument_name": "ETH-19SEP25", "bids": [[4586.0, 4260.0], [4585.75, 4693.0], [4585.5, 28100.0], [4585.25, 4100.0], [4585.0, 538.0], [4584.75, 4100.0], [4584.5, 557.0], [4583.5, 550.0], [4583.25, 1501.0], [4583.0, 5002.0], [4581.25, 547.0], [4580.75, 538.0], [4579.25, 4226.0], [4579.0, 14819.0], [4578.5, 557.0], [4578.0, 32251.0], [4577.5, 90000.0], [4576.75, 542.0], [4576.25, 559.0], [4575.75, 542.0]], "asks": [[4586.25, 4100.0], [4586.75, 24000.0], [4587.25, 14082.0], [4587.75, 4260.0], [4588.0, 4100.0], [4588.25, 41311.0], [4588.75, 51776.0], [4589.25, 1250.0], [4590.0, 547.0], [4590.5, 538.0], [4591.25, 547.0], [4591.5, 30000.0], [4591.75, 556.0], [4593.25, 5003.0], [4596.25, 562.0], [4596.75, 3369.0], [4597.25, 540.0], [4597.75, 540.0], [4598.0, 90000.0], [4598.25, 5762.0]]}}}
{"jsonrpc": "2.0", "method": "subscription", "params": {"channel": "book.ETH-19SEP25.none.20.100ms", "data": {"timestamp": 1758190972902, "change_id": 86994619331, "instrument_name": "ETH-19SEP25", "bids": [[4586.25, 9043.0], [4586.0, 4480.0], [4585.75, 9430.0], [4585.5, 29330.0], [4585.25, 4100.0], [4585.0, 1768.0], [4584.75, 4100.0], [4584.5, 557.0], [4583.5, 550.0], [4583.25, 1501.0], [4583.0, 5002.0], [4581.25, 547.0], [4581.0, 4330.0], [4580.75, 14432.0], [4579.0, 547.0], [4578.5, 557.0], [4578.25, 9675.0], [4578.0, 32251.0], [4577.75, 27000.0], [4577.5, 90000.0]], "asks": [[4586.5, 7793.0], [4586.75, 24000.0], [4587.25, 1230.0], [4587.5, 5378.0], [4587.75, 5490.0], [4588.0, 6968.0], [4588.25, 9653.0], [4588.5, 15908.0], [4588.75, 53026.0], [4590.0, 547.0], [4590.5, 538.0], [4591.25, 9547.0], [4591.5, 30000.0], [4591.75, 556.0], [4593.0, 1501.0], [4593.25, 5003.0], [4596.25, 562.0], [4596.75, 3369.0], [4597.25, 540.0], [4597.75, 540.0]]}}}
{"jsonrpc": "2.0", "method": "subscription", "params": {"channel": "book.ETH-19SEP25.none.20.100ms", "data": {"timestamp": 1758190973203, "change_id": 86994619685, "instrument_name": "ETH-19SEP25", "bids": [[4586.25, 9043.0], [4586.0, 4480.0], [4585.75, 9430.0], [4585.5, 29330.0], [4585.25, 4100.0], [4585.0, 1768.0], [4584.75, 4100.0], [4584.5, 557.0], [4583.5, 550.0], [4583.25, 1501.0], [4583.0, 5002.0], [4581.25, 547.0], [4581.0, 4330.0], [4580.75, 14432.0], [4579.0, 547.0], [4578.5, 557.0], [4578.25, 9675.0], [4578.0, 32251.0], [4577.75, 27000.0], [4577.5, 90000.0]], "asks": [[4586.5, 2504.0], [4586.75, 24000.0], [4587.25, 1230.0], [4587.5, 5378.0], [4587.75, 5490.0], [4588.0, 6968.0], [4588.25, 9653.0], [4588.5, 15908.0], [4588.75, 53026.0], [4590.0, 547.0], [4590.5, 538.0], [4591.25, 9547.0], [4591.5, 30000.0], [4591.75, 556.0], [4593.0, 1501.0], [4593.25, 5003.0], [4596.25, 562.0], [4596.75, 3369.0], [4597.25, 540.0], [4597.75, 540.0]]}}}
{"jsonrpc": "2.0", "method": "subscription", "params": {"channel": "book.ETH-19SEP25.none.20.100ms", "data": {"timestamp": 1758190973554, "change_id": 86994620195, "instrument_name": "ETH-19SEP25", "bids": [[4586.25, 9043.0], [4586.0, 5763.0], [4585.75, 13530.0], [4585.5, 29330.0], [4585.25, 4100.0], [4585.0, 1768.0], [4584.75, 4100.0], [4584.5, 557.0], [4583.5, 550.0], [4583.25, 1501.0], [4583.0, 5002.0], [4581.25, 547.0], [4581.0, 4330.0], [4580.75, 14432.0], [4579.0, 547.0], [4578.5, 557.0], [4578.25, 9675.0], [4578.0, 32251.0], [4576.75, 542.0], [4576.25, 559.0]], "asks": [[4586.5, 5339.0], [4586.75, 27693.0], [4587.0, 1230.0], [4587.25, 5330.0], [4587.5, 5378.0], [4587.75, 5490.0], [4588.0, 6968.0], [4588.25, 9653.0], [4588.5, 15908.0], [4588.75, 53026.0], [4590.0, 547.0], [4590.5, 538.0], [4591.25, 9547.0], [4591.5, 30000.0], [4591.75, 556.0], [4593.0, 1501.0], [4593.25, 5003.0], [4596.25, 562.0], [4596.75, 3369.0], [4597.25, 540.0]]}}}
{"jsonrpc": "2.0", "method": "subscription", "params": {"channel": "book.ETH-19SEP25.none.20.100ms", "data": {"timestamp": 1758190973879, "change_id": 86994620670, "instrument_name": "ETH-19SEP25", "bids": [[4586.25, 9043.0], [4586.0, 5763.0], [4585.75, 13530.0], [4585.5, 29330.0], [4585.25, 4100.0], [4585.0, 1768.0], [4584.75, 4100.0], [4584.5, 557.0], [4583.5, 550.0], [4583.25, 1501.0], [4583.0, 5002.0], [4581.25, 547.0], [4581.0, 4330.0], [4580.75, 14432.0], [4579.0, 547.0], [4578.5, 557.0], [4578.25, 9675.0], [4578.0, 32251.0], [4576.25, 559.0], [4575.75, 542.0]], "asks": [[4586.5, 5339.0], [4586.75, 27693.0], [4587.0, 1230.0], [4587.25, 5330.0], [4587.5, 5378.0], [4587.75, 5490.0], [4588.0, 6968.0], [4588.25, 10903.0], [4588.5, 15908.0], [4588.75, 51776.0], [4590.5, 538.0], [4591.25, 9547.0], [4591.5, 30000.0], [4591.75, 556.0], [4593.0, 1501.0], [4593.25, 5003.0], [4596.25, 562.0], [4596.75, 3369.0], [4597.25, 540.0], [4597.75, 540.0]]}}}
{"jsonrpc": "2.0", "method": "subscription", "params": {"channel": "book.ETH-19SEP25.none.20.100ms", "data": {"timestamp": 1758190974004, "change_id": 86994620741, "instrument_name": "ETH-19SEP25", "bids": [[4586.25, 9043.0], [4586.0, 5763.0], [4585.75, 13530.0], [4585.5, 29330.0], [4585.25, 4100.0], [4585.0, 1768.0], [4584.75, 4100.0], [4584.5, 557.0], [4583.5, 550.0], [4583.25, 1501.0], [4583.0, 5002.0], [4581.25, 547.0], [4581.0, 4330.0], [4580.75, 14432.0], [4579.0, 547.0], [4578.5, 557.0], [4578.25, 9675.0], [4578.0, 32251.0], [4576.25, 559.0], [4575.75, 542.0]], "asks": [[4586.5, 9032.0], [4586.75, 24000.0], [4587.0, 1230.0], [4587.25, 5330.0], [4587.5, 5378.0], [4587.75, 5490.0], [4588.0, 6968.0], [4588.25, 10903.0], [4588.5, 15908.0], [4588.75, 51776.0], [4590.5, 538.0], [4591.25, 9547.0], [4591.5, 30000.0], [4591.75, 556.0], [4593.0, 1501.0], [4593.25, 5003.0], [4596.25, 562.0], [4596.75, 3369.0], [4597.25, 540.0], [4597.75, 540.0]]}}}
{"jsonrpc": "2.0", "method": "subscription", "params": {"channel": "book.ETH-19SEP25.none.20.100ms", "data": {"timestamp": 1758190974526, "change_id": 86994621439, "instrument_name": "ETH-19SEP25", "bids": [[4586.25, 1250.0], [4586.0, 9456.0], [4585.75, 13530.0], [4585.5, 25230.0], [4585.25, 4100.0], [4585.0, 1768.0], [4584.75, 4100.0], [4584.5, 557.0], [4583.5, 550.0], [4583.25, 1501.0], [4583.0, 5002.0], [4581.25, 547.0], [4581.0, 4330.0], [4580.75, 14432.0], [4579.0, 547.0], [4578.5, 557.0], [4578.25, 9675.0], [4578.0, 32251.0], [4576.25, 559.0], [4575.75, 542.0]], "asks": [[4586.5, 9032.0], [4586.75, 24000.0], [4587.0, 1230.0], [4587.25, 5330.0], [4587.5, 5378.0], [4587.75, 5490.0], [4588.0, 6968.0], [4588.25, 10903.0], [4588.5, 15908.0], [4588.75, 51776.0], [4590.5, 538.0], [4591.25, 9547.0], [4591.5, 30000.0], [4591.75, 556.0], [4593.0, 1501.0], [4593.25, 5003.0], [4596.25, 562.0], [4596.75, 3369.0], [4597.25, 540.0], [4597.75, 540.0]]}}}
{"jsonrpc": "2.0", "method": "subscription", "params": {"channel": "book.ETH-19SEP25.none.20.100ms", "data": {"timestamp": 1758190974680, "change_id": 86994621761, "instrument_name": "ETH-19SEP25", "bids": [[4586.25, 6132.0], [4586.0, 5763.0], [4585.75, 13530.0], [4585.5, 25230.0], [4585.25, 4100.0], [4585.0, 1768.0], [4584.75, 4100.0], [4584.5, 557.0], [4583.5, 550.0], [4583.25, 1501.0], [4583.0, 5002.0], [4581.25, 547.0], [4581.0, 4330.0], [4580.75, 14432.0], [4579.0, 547.0], [4578.5, 557.0], [4578.25, 9675.0], [4578.0, 32251.0], [4576.25, 559.0], [4575.75, 542.0]], "asks": [[4586.5, 8326.0], [4586.75, 24000.0], [4587.0, 1230.0], [4587.25, 5330.0], [4587.5, 5378.0], [4587.75, 5490.0], [4588.0, 6968.0], [4588.25, 10903.0], [4588.5, 15908.0], [4588.75, 51776.0], [4590.5, 538.0], [4591.25, 9547.0], [4591.5, 30000.0], [4591.75, 556.0], [4593.0, 1501.0], [4593.25, 5003.0], [4596.25, 562.0], [4596.75, 3369.0], [4597.25, 540.0], [4597.75, 540.0]]}}}
{"jsonrpc": "2.0", "method": "subscription", "params": {"channel": "book.ETH-19SEP25.none.20.100ms", "data": {"timestamp": 1758190975410, "change_id": 86994622578, "instrument_name": "ETH-19SEP25", "bids": [[4586.25, 10232.0], [4586.0, 5763.0], [4585.75, 13530.0], [4585.5, 25230.0], [4585.25, 4100.0], [4585.0, 1768.0], [4584.75, 4100.0], [4584.5, 557.0], [4583.5, 550.0], [4583.25, 1501.0], [4583.0, 5002.0], [4581.25, 547.0], [4581.0, 4330.0], [4580.75, 14432.0], [4579.0, 547.0], [4578.5, 557.0], [4578.25, 9675.0], [4578.0, 32251.0], [4576.25, 559.0], [4575.75, 542.0]], "asks": [[4586.5, 8326.0], [4586.75, 24000.0], [4587.0, 1230.0], [4587.25, 5330.0], [4587.5, 5378.0], [4587.75, 5490.0], [4588.0, 6968.0], [4588.25, 10903.0], [4588.5, 15908.0], [4588.75, 51776.0], [4590.5, 538.0], [4591.25, 9547.0], [4591.5, 30000.0], [4591.75, 556.0], [4593.0, 1501.0], [4593.25, 5003.0], [4596.25, 562.0], [4596.75, 3369.0], [4597.25, 540.0], [4597.75, 540.0]]}}}
{"jsonrpc": "2.0", "method": "subscription", "params": {"channel": "book.ETH-19SEP25.none.20.100ms", "data": {"timestamp": 1758190976787, "change_id": 86994624284, "instrument_name": "ETH-19SEP25", "bids": [[4586.25, 10232.0], [4586.0, 5763.0], [4585.75, 13530.0], [4585.5, 25230.0], [4585.25, 4100.0], [4585.0, 1768.0], [4584.75, 4100.0], [4584.5, 557.0], [4583.5, 550.0], [4583.25, 1501.0], [4583.0, 5002.0], [4581.25, 547.0], [4581.0, 4330.0], [4580.75, 14432.0], [4579.0, 547.0], [4578.5, 557.0], [4578.25, 9675.0], [4578.0, 32251.0], [4575.75, 542.0], [4575.5, 10.0]], "asks": [[4586.5, 8326.0], [4586.75, 24000.0], [4587.0, 1230.0], [4587.25, 5330.0], [4587.5, 5378.0], [4587.75, 5490.0], [4588.0, 6968.0], [4588.25, 10903.0], [4588.5, 15908.0], [4588.75, 51776.0], [4590.5, 538.0], [4591.25, 9547.0], [4591.5, 30000.0], [4591.75, 556.0], [4593.0, 1501.0], [4593.25, 5003.0], [4596.25, 562.0], [4596.75, 3369.0], [4597.75, 540.0], [4598.0, 90000.0]]}}}
{"jsonrpc": "2.0", "method": "subscription", "params": {"channel": "book.ETH-19SEP25.none.20.100ms", "data": {"timestamp": 1758190977691, "change_id": 86994625240, "instrument_name": "ETH-19SEP25", "bids": [[4586.25, 6132.0], [4586.0, 5763.0], [4585.75, 13530.0], [4585.5, 25230.0], [4585.25, 4100.0], [4585.0, 1768.0], [4584.75, 4100.0], [4584.5, 557.0], [4583.5, 550.0], [4583.25, 1501.0], [4583.0, 5002.0], [4581.25, 547.0], [4581.0, 4330.0], [4580.75, 14432.0], [4579.0, 547.0], [4578.5, 557.0], [4578.25, 9675.0], [4578.0, 32251.0], [4575.75, 542.0], [4575.5, 10.0]], "asks": [[4586.5, 8326.0], [4586.75, 24000.0], [4587.0, 1230.0], [4587.25, 5330.0], [4587.5, 5378.0], [4587.75, 5490.0], [4588.0, 6968.0], [4588.25, 10903.0], [4588.5, 15908.0], [4588.75, 51776.0], [4590.5, 538.0], [4591.25, 9547.0], [4591.5, 30000.0], [4591.75, 556.0], [4593.0, 1501.0], [4593.25, 5003.0], [4596.25, 562.0], [4596.75, 3369.0], [4597.75, 540.0], [4598.0, 90000.0]]}}}
{"jsonrpc": "2.0", "method": "subscription", "params": {"channel": "book.ETH-19SEP25.none.20.100ms", "data": {"timestamp": 1758190978377, "change_id": 86994625946, "instrument_name": "ETH-19SEP25", "bids": [[4586.25, 10232.0], [4586.0, 5763.0], [4585.75, 13530.0], [4585.5, 25230.0], [4585.25, 4100.0], [4585.0, 1768.0], [4584.75, 4100.0], [4584.5, 557.0], [4583.5, 550.0], [4583.25, 1501.0], [4583.0, 5002.0], [4581.25, 547.0], [4581.0, 4330.0], [4580.75, 14432.0], [4579.0, 547.0], [4578.5, 557.0], [4578.25, 9675.0], [4578.0, 32251.0], [4575.75, 542.0], [4575.5, 10.0]], "asks": [[4586.5, 8326.0], [4586.75, 24000.0], [4587.0, 1230.0], [4587.25, 5330.0], [4587.5, 5378.0], [4587.75, 5490.0], [4588.0, 6968.0], [4588.25, 10903.0], [4588.5, 15908.0], [4588.75, 51776.0], [4590.5, 538.0], [4591.25, 9547.0], [4591.5, 30000.0], [4591.75, 556.0], [4593.0, 1501.0], [4593.25, 5003.0], [4596.25, 562.0], [4596.75, 3369.0], [4597.75, 540.0], [4598.0, 90000.0]]}}}
{"jsonrpc": "2.0", "method": "subscription", "params": {"channel": "book.ETH-19SEP25.none.20.100ms", "data": {"timestamp": 1758190978849, "change_id": 86994626689, "instrument_name": "ETH-19SEP25", "bids": [[4586.25, 10232.0], [4586.0, 5763.0], [4585.75, 13530.0], [4585.5, 25230.0], [4585.25, 4100.0], [4585.0, 1768.0], [4584.75, 4100.0], [4584.5, 557.0], [4583.5, 550.0], [4583.25, 1501.0], [4583.0, 5002.0], [4581.25, 547.0], [4581.0, 4330.0], [4580.75, 14432.0], [4579.0, 547.0], [4578.5, 557.0], [4578.25, 9675.0], [4578.0, 32251.0], [4575.75, 542.0], [4575.5, 10.0]], "asks": [[4586.5, 4552.0], [4586.75, 24000.0], [4587.0, 1230.0], [4587.25, 5330.0], [4587.5, 5378.0], [4587.75, 5490.0], [4588.0, 6968.0], [4588.25, 10903.0], [4588.5, 15908.0], [4588.75, 51776.0], [4590.5, 538.0], [4591.25, 9547.0], [4591.5, 30000.0], [4591.75, 556.0], [4593.0, 1501.0], [4593.25, 5003.0], [4596.25, 562.0], [4596.75, 3369.0], [4597.75, 540.0], [4598.0, 90000.0]]}}}
{"jsonrpc": "2.0", "method": "subscription", "params": {"channel": "book.ETH-19SEP25.none.20.100ms", "data": {"timestamp": 1758190979132, "change_id": 86994626923, "instrument_name": "ETH-19SEP25", "bids": [[4586.25, 10232.0], [4586.0, 12802.0], [4585.75, 29100.0], [4585.5, 1230.0], [4585.25, 4100.0], [4585.0, 1768.0], [4584.75, 4100.0], [4584.5, 557.0], [4583.5, 550.0], [4583.25, 1501.0], [4583.0, 5002.0], [4581.25, 547.0], [4581.0, 4330.0], [4580.75, 14432.0], [4579.0, 547.0], [4578.5, 557.0], [4578.25, 9675.0], [4578.0, 32251.0], [4575.75, 542.0], [4575.5, 10.0]], "asks": [[4586.5, 5619.0], [4586.75, 24000.0], [4587.0, 1230.0], [4587.25, 5330.0], [4587.5, 5378.0], [4587.75, 5490.0], [4588.0, 6968.0], [4588.25, 10903.0], [4588.5, 15908.0], [4588.75, 51776.0], [4590.5, 538.0], [4591.25, 9547.0], [4591.5, 30000.0], [4591.75, 556.0], [4593.0, 1501.0], [4593.25, 5003.0], [4596.25, 562.0], [4596.75, 3369.0], [4597.75, 540.0], [4598.0, 90000.0]]}}}
{"jsonrpc": "2.0", "method": "subscription", "params": {"channel": "book.ETH-19SEP25.none.20.100ms", "data": {"timestamp": 1758190979811, "change_id": 86994627862, "instrument_name": "ETH-19SEP25", "bids": [[4586.25, 10232.0], [4586.0, 12802.0], [4585.75, 29100.0], [4585.5, 1230.0], [4585.25, 4100.0], [4585.0, 1768.0], [4584.75, 4100.0], [4584.5, 557.0], [4583.5, 550.0], [4583.25, 1501.0], [4583.0, 5002.0], [4581.25, 547.0], [4581.0, 4330.0], [4580.75, 14432.0], [4579.0, 547.0], [4578.5, 557.0], [4578.25, 9675.0], [4578.0, 32251.0], [4575.75, 542.0], [4575.5, 10.0]], "asks": [[4586.5, 5619.0], [4586.75, 24000.0], [4587.0, 1230.0], [4587.25, 5330.0], [4587.5, 5378.0], [4587.75, 5490.0], [4588.0, 6968.0], [4588.25, 10903.0], [4588.5, 15908.0], [4588.75, 51776.0], [4590.5, 538.0], [4591.25, 9547.0], [4591.5, 30000.0], [4591.75, 556.0], [4593.0, 1501.0], [4593.25, 5003.0], [4596.25, 562.0], [4596.75, 3369.0], [4597.75, 540.0], [4598.0, 90000.0]]}}}
{"jsonrpc": "2.0", "method": "subscription", "params": {"channel": "book.ETH-19SEP25.none.20.100ms", "data": {"timestamp": 1758190979908, "change_id": 86994627963, "instrument_name": "ETH-19SEP25", "bids": [[4586.25, 10232.0], [4586.0, 12802.0], [4585.75, 29100.0], [4585.5, 1230.0], [4585.25, 4100.0], [4585.0, 1768.0], [4584.75, 4100.0], [4584.5, 557.0], [4583.5, 550.0], [4583.25, 1501.0], [4583.0, 5002.0], [4581.25, 547.0], [4581.0, 4330.0], [4580.75, 14432.0], [4579.0, 547.0], [4578.5, 557.0], [4578.25, 9675.0], [4578.0, 32251.0], [4575.75, 542.0], [4575.5, 10.0]], "asks": [[4586.5, 5619.0], [4586.75, 24000.0], [4587.0, 1230.0], [4587.25, 5330.0], [4587.5, 5378.0], [4587.75, 5490.0], [4588.0, 6968.0], [4588.25, 10903.0], [4588.5, 15908.0], [4588.75, 51776.0], [4590.5, 538.0], [4591.25, 9547.0], [4591.5, 30000.0], [4591.75, 556.0], [4593.0, 1501.0], [4593.25, 5003.0], [4596.25, 562.0], [4596.75, 3369.0], [4597.75, 540.0], [4598.0, 90000.0]]}}}
{"jsonrpc": "2.0", "method": "subscription", "params": {"channel": "book.ETH-19SEP25.none.20.100ms", "data": {"timestamp": 1758190980845, "change_id": 86994629073, "instrument_name": "ETH-19SEP25", "bids": [[4586.25, 10232.0], [4586.0, 12802.0], [4585.75, 29100.0], [4585.5, 1230.0], [4585.25, 4100.0], [4585.0, 1768.0], [4584.75, 4100.0], [4584.5, 557.0], [4583.5, 550.0], [4583.25, 1501.0], [4583.0, 5002.0], [4581.25, 547.0], [4581.0, 4330.0], [4580.75, 14432.0], [4579.0, 547.0], [4578.5, 557.0], [4578.25, 9675.0], [4578.0, 32218.0], [4575.75, 542.0], [4575.5, 10.0]], "asks": [[4586.5, 5619.0], [4586.75, 24000.0], [4587.0, 1230.0], [4587.25, 5330.0], [4587.5, 5378.0], [4587.75, 5490.0], [4588.0, 6968.0], [4588.25, 10903.0], [4588.5, 15908.0], [4588.75, 51776.0], [4590.5, 538.0], [4591.25, 9547.0], [4591.5, 30000.0], [4591.75, 556.0], [4593.0, 1501.0], [4593.25, 5003.0], [4596.25, 562.0], [4596.75, 3369.0], [4597.75, 540.0], [4598.0, 90000.0]]}}}
{"jsonrpc": "2.0", "method": "subscription", "params": {"channel": "book.ETH-19SEP25.none.20.100ms", "data": {"timestamp": 1758190981391, "change_id": 86994629632, "instrument_name": "ETH-19SEP25", "bids": [[4586.25, 2439.0], [4586.0, 9456.0], [4585.75, 6330.0], [4585.5, 12376.0], [4585.25, 28100.0], [4585.0, 1768.0], [4584.75, 4100.0], [4584.5, 557.0], [4583.5, 550.0], [4583.25, 1501.0], [4583.0, 5002.0], [4581.25, 547.0], [4581.0, 4330.0], [4580.75, 14432.0], [4579.0, 547.0], [4578.5, 557.0], [4578.25, 9675.0], [4578.0, 32218.0], [4575.75, 542.0], [4575.5, 10.0]], "asks": [[4586.5, 9719.0], [4586.75, 24000.0], [4587.0, 1230.0], [4587.25, 5330.0], [4587.5, 5378.0], [4587.75, 5490.0], [4588.0, 6968.0], [4588.25, 10903.0], [4588.5, 15908.0], [4588.75, 51776.0], [4590.5, 538.0], [4591.25, 9547.0], [4591.5, 30000.0], [4591.75, 556.0], [4593.0, 1501.0], [4593.25, 5003.0], [4596.25, 562.0], [4596.75, 3369.0], [4597.75, 540.0], [4598.0, 90000.0]]}}}
{"jsonrpc": "2.0", "method": "subscription", "params": {"channel": "book.ETH-19SEP25.none.20.100ms", "data": {"timestamp": 1758190981832, "change_id": 86994631327, "instrument_name": "ETH-19SEP25", "bids": [[4585.75, 1815.0], [4585.5, 9023.0], [4585.25, 4480.0], [4585.0, 9526.0], [4584.75, 28100.0], [4584.5, 557.0], [4583.5, 550.0], [4582.25, 5003.0], [4581.25, 547.0], [4580.75, 538.0], [4580.25, 4651.0], [4580.0, 13629.0], [4579.0, 547.0], [4578.5, 557.0], [4578.25, 9675.0], [4578.0, 27216.0], [4577.25, 5003.0], [4575.75, 542.0], [4575.5, 10.0], [4575.25, 547.0]], "asks": [[4586.0, 8013.0], [4586.25, 24000.0], [4586.75, 1230.0], [4587.0, 5330.0], [4587.25, 15000.0], [4587.5, 37592.0], [4587.75, 6580.0], [4588.0, 6113.0], [4588.25, 5553.0], [4588.5, 15908.0], [4588.75, 51776.0], [4590.5, 538.0], [4591.25, 9547.0], [4591.5, 30000.0], [4591.75, 556.0], [4593.0, 1501.0], [4593.25, 5003.0], [4596.25, 562.0], [4596.75, 3369.0], [4597.75, 540.0]]}}}
{"jsonrpc": "2.0", "method": "subscription", "params": {"channel": "book.ETH-19SEP25.none.20.100ms", "data": {"timestamp": 1758190981891, "change_id": 86994631407, "instrument_name": "ETH-19SEP25", "bids": [[4585.75, 1815.0], [4585.5, 10273.0], [4585.25, 4260.0], [4585.0, 8276.0], [4584.75, 28100.0], [4584.5, 557.0], [4583.5, 550.0], [4582.25, 5003.0], [4581.25, 547.0], [4580.75, 538.0], [4580.25, 4651.0], [4580.0, 13629.0], [4579.0, 547.0], [4578.5, 557.0], [4578.25, 9675.0], [4578.0, 27216.0], [4577.25, 5003.0], [4575.75, 542.0], [4575.5, 10.0], [4575.25, 547.0]], "asks": [[4586.0, 8013.0], [4586.25, 24000.0], [4586.75, 1230.0], [4587.0, 5330.0], [4587.25, 15000.0], [4587.5, 37592.0], [4587.75, 6580.0], [4588.0, 6113.0], [4588.25, 5553.0], [4588.5, 15908.0], [4588.75, 51776.0], [4590.5, 538.0], [4591.25, 9547.0], [4591.5, 30000.0], [4591.75, 556.0], [4593.0, 1501.0], [4593.25, 5003.0], [4596.25, 562.0], [4596.75, 3369.0], [4597.75, 540.0]]}}}
{"jsonrpc": "2.0", "method": "subscription", "params": {"channel": "book.ETH-19SEP25.none.20.100ms", "data": {"timestamp": 1758190982335, "change_id": 86994631984, "instrument_name": "ETH-19SEP25", "bids": [[4585.75, 5915.0], [4585.5, 10273.0], [4585.25, 5490.0], [4585.0, 12376.0], [4584.75, 28100.0], [4584.5, 557.0], [4583.5, 550.0], [4582.25, 5003.0], [4581.25, 547.0], [4580.75, 538.0], [4580.25, 4651.0], [4580.0, 13629.0], [4579.0, 547.0], [4578.5, 557.0], [4578.25, 9675.0], [4578.0, 27216.0], [4577.25, 5003.0], [4575.75, 542.0], [4575.5, 10.0], [4575.25, 547.0]], "asks": [[4586.0, 8013.0], [4586.25, 24000.0], [4586.5, 1230.0], [4586.75, 5330.0], [4587.0, 5330.0], [4587.25, 15000.0], [4587.5, 37592.0], [4587.75, 6580.0], [4588.0, 6113.0], [4588.25, 5553.0], [4588.5, 15908.0], [4588.75, 51776.0], [4590.5, 538.0], [4591.25, 9547.0], [4591.5, 30000.0], [4591.75, 556.0], [4593.0, 1501.0], [4593.25, 5003.0], [4596.25, 562.0], [4596.75, 3369.0]]}}}
{"jsonrpc": "2.0", "method": "subscription", "params": {"channel": "book.ETH-19SEP25.none.20.100ms", "data": {"timestamp": 1758190982797, "change_id": 86994632828, "instrument_name": "ETH-19SEP25", "bids": [[4585.75, 1815.0], [4585.5, 10273.0], [4585.25, 5490.0], [4585.0, 12376.0], [4584.75, 28100.0], [4584.5, 557.0], [4583.5, 550.0], [4582.25, 5003.0], [4580.75, 538.0], [4580.25, 4651.0], [4580.0, 13629.0], [4579.0, 547.0], [4578.5, 557.0], [4578.25, 220.0], [4578.0, 6891.0], [4577.25, 5003.0], [4575.75, 542.0], [4575.5, 10.0], [4575.25, 547.0], [4575.0, 6108.0]], "asks": [[4586.0, 8013.0], [4586.25, 24000.0], [4586.5, 1230.0], [4586.75, 5330.0], [4587.0, 5330.0], [4587.25, 15000.0], [4587.5, 37592.0], [4587.75, 6580.0], [4588.0, 6113.0], [4588.25, 5553.0], [4588.5, 15908.0], [4588.75, 51776.0], [4590.5, 538.0], [4591.25, 9547.0], [4591.5, 30000.0], [4591.75, 556.0], [4593.0, 1501.0], [4593.25, 5003.0], [4596.25, 562.0], [4596.75, 3369.0]]}}}
{"jsonrpc": "2.0", "method": "subscription", "params": {"channel": "book.ETH-19SEP25.none.20.100ms", "data": {"timestamp": 1758190983040, "change_id": 86994633600, "instrument_name": "ETH-19SEP25", "bids": [[4585.75, 1000.0], [4585.5, 3434.0], [4585.25, 9023.0], [4585.0, 12536.0], [4584.75, 28320.0], [4584.5, 557.0], [4583.5, 550.0], [4582.0, 562.0], [4581.75, 5003.0], [4580.75, 538.0], [4580.25, 562.0], [4579.0, 547.0], [4578.5, 557.0], [4578.25, 220.0], [4578.0, 11204.0], [4577.75, 14377.0], [4577.5, 562.0], [4576.75, 5003.0], [4575.75, 542.0], [4575.5, 10.0]], "asks": [[4586.0, 8013.0], [4586.25, 24000.0], [4586.5, 1230.0], [4586.75, 5330.0], [4587.0, 9812.0], [4587.25, 20782.0], [4587.5, 5940.0], [4587.75, 6580.0], [4588.0, 6113.0], [4588.25, 5553.0], [4588.5, 10918.0], [4588.75, 36484.0], [4590.5, 538.0], [4591.25, 547.0], [4591.75, 556.0], [4593.0, 1501.0], [4593.25, 5003.0], [4596.25, 562.0], [4596.75, 3369.0], [4597.75, 540.0]]}}}
{"jsonrpc": "2.0", "method": "subscription", "params": {"channel": "book.ETH-19SEP25.none.20.100ms", "data": {"timestamp": 1758190983339, "change_id": 86994634058, "instrument_name": "ETH-19SEP25", "bids": [[4585.75, 1896.0], [4585.5, 3434.0], [4585.25, 9023.0], [4585.0, 12536.0], [4584.75, 28320.0], [4584.5, 557.0], [4583.5, 550.0], [4582.0, 562.0], [4581.75, 5003.0], [4580.75, 538.0], [4580.5, 4508.0], [4580.25, 15026.0], [4579.0, 547.0], [4578.5, 557.0], [4578.25, 220.0], [4578.0, 6891.0], [4577.5, 562.0], [4576.75, 5003.0], [4575.75, 542.0], [4575.5, 10.0]], "asks": [[4586.0, 8013.0], [4586.25, 25230.0], [4586.5, 5330.0], [4586.75, 14671.0], [4587.0, 41461.0], [4587.25, 20782.0], [4587.5, 5940.0], [4587.75, 6580.0], [4588.0, 6113.0], [4588.25, 5553.0], [4588.5, 10918.0], [4588.75, 36484.0], [4590.5, 538.0], [4591.25, 547.0], [4591.75, 556.0], [4593.0, 1501.0], [4593.25, 5003.0], [4596.25, 562.0], [4596.75, 3369.0], [4597.75, 540.0]]}}}
{"jsonrpc": "2.0", "method": "subscription", "params": {"channel": "book.ETH-19SEP25.none.20.100ms", "data": {"timestamp": 1758190983802, "change_id": 86994634837, "instrument_name": "ETH-19SEP25", "bids": [[4585.75, 1896.0], [4585.5, 3434.0], [4585.25, 9023.0], [4585.0, 12536.0], [4584.75, 28320.0], [4584.5, 557.0], [4583.5, 550.0], [4582.0, 562.0], [4581.75, 5003.0], [4580.75, 538.0], [4580.5, 4508.0], [4580.25, 15026.0], [4579.0, 547.0], [4578.5, 547.0], [4578.0, 540.0], [4577.5, 562.0], [4576.75, 5003.0], [4575.75, 542.0], [4575.5, 10.0], [4575.25, 547.0]], "asks": [[4586.0, 8013.0], [4586.25, 25230.0], [4586.5, 5330.0], [4586.75, 14671.0], [4587.0, 41461.0], [4587.25, 20782.0], [4587.5, 5940.0], [4587.75, 6580.0], [4588.0, 6113.0], [4588.25, 5553.0], [4588.5, 10918.0], [4588.75, 36484.0], [4590.5, 538.0], [4591.25, 547.0], [4591.75, 556.0], [4593.0, 1501.0], [4593.25, 5003.0], [4596.25, 562.0], [4596.75, 3369.0], [4597.75, 540.0]]}}}
{"jsonrpc": "2.0", "method": "subscription", "params": {"channel": "book.ETH-19SEP25.none.20.100ms", "data": {"timestamp": 1758190984068, "change_id": 86994635071, "instrument_name": "ETH-19SEP25", "bids": [[4585.75, 1000.0], [4585.5, 3434.0], [4585.25, 9023.0], [4585.0, 12536.0], [4584.75, 28320.0], [4584.5, 557.0], [4583.5, 550.0], [4582.0, 2063.0], [4581.75, 5003.0], [4580.75, 538.0], [4580.5, 4508.0], [4580.25, 15026.0], [4579.0, 547.0], [4578.5, 547.0], [4578.0, 540.0], [4577.5, 562.0], [4577.0, 1501.0], [4576.75, 5003.0], [4575.75, 542.0], [4575.5, 10.0]], "asks": [[4586.0, 8013.0], [4586.25, 25230.0], [4586.5, 5330.0], [4586.75, 14671.0], [4587.0, 41461.0], [4587.25, 20782.0], [4587.5, 5940.0], [4587.75, 6580.0], [4588.0, 6113.0], [4588.25, 5553.0], [4588.5, 10918.0], [4588.75, 36484.0], [4590.5, 538.0], [4591.25, 547.0], [4591.75, 556.0], [4593.0, 1501.0], [4593.25, 5003.0], [4596.25, 562.0], [4596.75, 3369.0], [4597.75, 540.0]]}}}
{"jsonrpc": "2.0", "method": "subscription", "params": {"channel": "book.ETH-19SEP25.none.20.100ms", "data": {"timestamp": 1758190984311, "change_id": 86994635435, "instrument_name": "ETH-19SEP25", "bids": [[4585.75, 1000.0], [4585.5, 3434.0], [4585.25, 9023.0], [4585.0, 12536.0], [4584.75, 28320.0], [4584.5, 557.0], [4583.5, 550.0], [4582.0, 2063.0], [4581.75, 5003.0], [4580.75, 538.0], [4580.5, 4508.0], [4580.25, 15026.0], [4579.0, 547.0], [4578.5, 547.0], [4578.0, 540.0], [4577.5, 562.0], [4577.0, 1501.0], [4576.75, 5003.0], [4575.75, 542.0], [4575.5, 10.0]], "asks": [[4586.0, 8013.0], [4586.25, 29330.0], [4586.5, 5330.0], [4586.75, 14671.0], [4587.0, 41461.0], [4587.25, 20782.0], [4587.5, 782.0], [4587.75, 1250.0], [4588.0, 2013.0], [4588.25, 5553.0], [4588.5, 10918.0], [4588.75, 36484.0], [4590.5, 538.0], [4591.25, 547.0], [4591.75, 556.0], [4593.0, 1501.0], [4593.25, 5003.0], [4596.25, 562.0], [4596.75, 3369.0], [4597.75, 540.0]]}}}
{"jsonrpc": "2.0", "method": "subscription", "params": {"channel": "book.ETH-19SEP25.none.20.100ms", "data": {"timestamp": 1758190984804, "change_id": 86994636293, "instrument_name": "ETH-19SEP25", "bids": [[4585.75, 1000.0], [4585.5, 2480.0], [4585.25, 6332.0], [4585.0, 16229.0], [4584.75, 28320.0], [4584.5, 10.0], [4583.5, 550.0], [4582.0, 2063.0], [4581.75, 5003.0], [4580.75, 538.0], [4580.5, 220.0], [4580.25, 14548.0], [4579.0, 547.0], [4578.5, 547.0], [4578.0, 540.0], [4577.5, 562.0], [4577.0, 1501.0], [4576.75, 5003.0], [4575.75, 542.0], [4575.5, 10.0]], "asks": [[4586.0, 8013.0], [4586.25, 29330.0], [4586.5, 5330.0], [4586.75, 14671.0], [4587.0, 42023.0], [4587.25, 20782.0], [4587.5, 782.0], [4587.75, 1250.0], [4588.0, 2013.0], [4588.25, 5553.0], [4588.5, 10918.0], [4588.75, 36484.0], [4590.5, 538.0], [4591.25, 547.0], [4591.75, 556.0], [4593.0, 1501.0], [4593.25, 5003.0], [4596.25, 562.0], [4596.75, 3369.0], [4597.75, 540.0]]}}}
{"jsonrpc": "2.0", "method": "subscription", "params": {"channel": "book.ETH-19SEP25.none.20.100ms", "data": {"timestamp": 1758190985048, "change_id": 86994636600, "instrument_name": "ETH-19SEP25", "bids": [[4585.75, 1000.0], [4585.5, 2480.0], [4585.25, 6332.0], [4585.0, 16229.0], [4584.75, 28320.0], [4584.5, 10.0], [4583.5, 550.0], [4582.0, 2063.0], [4581.75, 5003.0], [4580.75, 538.0], [4580.5, 220.0], [4580.25, 14548.0], [4579.0, 547.0], [4578.5, 547.0], [4578.0, 540.0], [4577.5, 562.0], [4577.0, 1501.0], [4576.75, 5003.0], [4575.75, 542.0], [4575.5, 10.0]], "asks": [[4586.0, 8013.0], [4586.25, 29330.0], [4586.5, 5330.0], [4586.75, 14831.0], [4587.0, 42023.0], [4587.25, 21872.0], [4587.5, 562.0], [4588.0, 2013.0], [4588.25, 5553.0], [4588.5, 10918.0], [4588.75, 36484.0], [4590.5, 538.0], [4591.25, 547.0], [4591.75, 556.0], [4593.0, 1501.0], [4593.25, 5003.0], [4596.25, 562.0], [4596.75, 3369.0], [4597.75, 540.0], [4598.0, 90000.0]]}}}
{"jsonrpc": "2.0", "method": "subscription", "params": {"channel": "book.ETH-19SEP25.none.20.100ms", "data": {"timestamp": 1758190985461, "change_id": 86994637014, "instrument_name": "ETH-19SEP25", "bids": [[4585.75, 1000.0], [4585.5, 2480.0], [4585.25, 9023.0], [4585.0, 12536.0], [4584.75, 28320.0], [4584.5, 10.0], [4583.5, 550.0], [4582.0, 2063.0], [4581.75, 5003.0], [4580.75, 538.0], [4580.5, 4337.0], [4580.25, 14548.0], [4579.0, 547.0], [4578.5, 547.0], [4578.0, 540.0], [4577.5, 562.0], [4577.0, 1501.0], [4576.75, 5003.0], [4575.75, 542.0], [4575.5, 10.0]], "asks": [[4586.0, 8013.0], [4586.25, 29330.0], [4586.5, 5330.0], [4586.75, 14831.0], [4587.0, 42023.0], [4587.25, 21872.0], [4587.5, 562.0], [4588.0, 2013.0], [4588.25, 5553.0], [4588.5, 10918.0], [4588.75, 36484.0], [4590.5, 538.0], [4591.25, 547.0], [4591.75, 556.0], [4593.0, 1501.0], [4593.25, 5003.0], [4596.25, 562.0], [4596.75, 3369.0], [4597.75, 540.0], [4598.0, 90000.0]]}}}
{"jsonrpc": "2.0", "method": "subscription", "params": {"channel": "book.ETH-19SEP25.none.20.100ms", "data": {"timestamp": 1758190985566, "change_id": 86994637172, "instrument_name": "ETH-19SEP25", "bids": [[4585.75, 1000.0], [4585.5, 2480.0], [4585.25, 9023.0], [4585.0, 12536.0], [4584.75, 28320.0], [4584.5, 10.0], [4583.5, 550.0], [4582.0, 2063.0], [4581.75, 5003.0], [4580.75, 538.0], [4580.5, 4337.0], [4580.25, 14548.0], [4578.5, 547.0], [4578.0, 540.0], [4577.5, 562.0], [4577.0, 1501.0], [4576.75, 5003.0], [4575.75, 542.0], [4575.5, 10.0], [4575.25, 547.0]], "asks": [[4586.0, 8013.0], [4586.25, 29330.0], [4586.5, 5330.0], [4586.75, 14831.0], [4587.0, 42023.0], [4587.25, 21872.0], [4587.5, 562.0], [4588.0, 2013.0], [4588.25, 5553.0], [4588.5, 10918.0], [4588.75, 36484.0], [4591.25, 547.0], [4591.75, 556.0], [4593.0, 1501.0], [4593.25, 5003.0], [4596.25, 562.0], [4596.75, 3369.0], [4597.75, 540.0], [4598.0, 90000.0], [4598.25, 5762.0]]}}}
{"jsonrpc": "2.0", "method": "subscription", "params": {"channel": "book.ETH-19SEP25.none.20.100ms", "data": {"timestamp": 1758190986116, "change_id": 86994640071, "instrument_name": "ETH-19SEP25", "bids": [[4584.5, 10.0], [4584.25, 1000.0], [4583.75, 24000.0], [4583.25, 160.0], [4582.0, 562.0], [4580.75, 538.0], [4580.25, 562.0], [4578.5, 547.0], [4578.0, 540.0], [4577.5, 562.0], [4577.0, 13691.0], [4575.75, 542.0], [4575.5, 10.0], [4575.25, 547.0], [4575.0, 1.0], [4574.75, 27246.0], [4574.5, 90000.0], [4574.25, 545.0], [4574.0, 12352.0], [4573.75, 543.0]], "asks": [[4584.75, 7793.0], [4585.0, 28100.0], [4586.0, 9093.0], [4586.25, 18534.0], [4586.5, 4641.0], [4586.75, 4260.0], [4587.0, 36311.0], [4587.25, 16542.0], [4587.5, 562.0], [4588.25, 5553.0], [4588.75, 23018.0], [4590.25, 30000.0], [4591.25, 547.0], [4591.75, 556.0], [4593.25, 5003.0], [4596.25, 562.0], [4596.75, 3369.0], [4597.75, 540.0], [4598.0, 90000.0], [4598.25, 5762.0]]}}}
{"jsonrpc": "2.0", "method": "subscription", "params": {"channel": "book.ETH-19SEP25.none.20.100ms", "data": {"timestamp": 1758190986434, "change_id": 86994642020, "instrument_name": "ETH-19SEP25", "bids": [[4584.5, 4110.0], [4584.25, 4693.0], [4583.75, 24160.0], [4582.0, 562.0], [4581.25, 5003.0], [4580.75, 538.0], [4580.25, 562.0], [4579.25, 13638.0], [4578.5, 547.0], [4578.0, 540.0], [4577.5, 562.0], [4577.0, 541.0], [4576.25, 5003.0], [4575.75, 542.0], [4575.5, 10.0], [4575.25, 547.0], [4575.0, 1.0], [4574.75, 27246.0], [4574.5, 90000.0], [4574.25, 545.0]], "asks": [[4584.75, 7793.0], [4585.0, 24000.0], [4586.0, 4100.0], [4586.25, 18694.0], [4586.5, 1791.0], [4586.75, 4100.0], [4587.0, 4662.0], [4587.25, 15292.0], [4587.5, 562.0], [4588.25, 5553.0], [4588.75, 23018.0], [4590.25, 30000.0], [4591.25, 547.0], [4591.75, 556.0], [4593.25, 5003.0], [4596.25, 562.0], [4596.75, 3369.0], [4597.75, 540.0], [4598.0, 90000.0], [4598.25, 5762.0]]}}}
{"jsonrpc": "2.0", "method": "subscription", "params": {"channel": "book.ETH-19SEP25.none.20.100ms", "data": {"timestamp": 1758190986705, "change_id": 86994642769, "instrument_name": "ETH-19SEP25", "bids": [[4584.5, 4110.0], [4584.25, 6103.0], [4584.0, 7248.0], [4583.75, 24000.0], [4582.0, 562.0], [4581.5, 1501.0], [4581.25, 5003.0], [4580.75, 538.0], [4580.25, 562.0], [4578.5, 547.0], [4578.0, 4646.0], [4577.75, 13687.0], [4577.5, 562.0], [4577.0, 541.0], [4576.5, 1501.0], [4576.25, 5003.0], [4575.75, 542.0], [4575.5, 10.0], [4575.25, 547.0], [4575.0, 254.0]], "asks": [[4584.75, 7793.0], [4585.0, 24000.0], [4585.75, 1230.0], [4586.0, 9708.0], [4586.25, 19231.0], [4586.5, 3021.0], [4586.75, 5499.0], [4587.0, 9250.0], [4587.25, 15292.0], [4587.5, 562.0], [4588.0, 1666.0], [4588.25, 5553.0], [4588.5, 6905.0], [4588.75, 23018.0], [4590.0, 9000.0], [4590.25, 30000.0], [4591.25, 547.0], [4591.75, 556.0], [4593.25, 5003.0], [4596.25, 562.0]]}}}
{"jsonrpc": "2.0", "method": "subscription", "params": {"channel": "book.ETH-19SEP25.none.20.100ms", "data": {"timestamp": 1758190987118, "change_id": 86994644126, "instrument_name": "ETH-19SEP25", "bids": [[4584.5, 9203.0], [4584.25, 2410.0], [4583.75, 7200.0], [4583.5, 24000.0], [4582.0, 562.0], [4581.5, 1501.0], [4581.25, 5003.0], [4580.75, 538.0], [4580.25, 562.0], [4578.5, 547.0], [4578.0, 4646.0], [4577.75, 13687.0], [4577.5, 562.0], [4577.0, 541.0], [4576.5, 1501.0], [4576.25, 5003.0], [4575.75, 542.0], [4575.5, 10.0], [4575.25, 2072.0], [4575.0, 5302.0]], "asks": [[4584.75, 29580.0], [4585.75, 1230.0], [4586.0, 9708.0], [4586.25, 18694.0], [4586.5, 1771.0], [4586.75, 5499.0], [4587.0, 9250.0], [4587.25, 15292.0], [4587.5, 562.0], [4588.0, 1666.0], [4588.25, 5553.0], [4588.5, 6905.0], [4588.75, 23018.0], [4590.0, 9000.0], [4590.25, 30000.0], [4591.25, 547.0], [4591.75, 556.0], [4593.25, 5003.0], [4596.25, 562.0], [4596.75, 3369.0]]}}}
{"jsonrpc": "2.0", "method": "subscription", "params": {"channel": "book.ETH-19SEP25.none.20.100ms", "data": {"timestamp": 1758190987428, "change_id": 86994645198, "instrument_name": "ETH-19SEP25", "bids": [[4584.5, 2885.0], [4584.25, 7333.0], [4584.0, 5330.0], [4583.75, 11300.0], [4583.5, 24000.0], [4582.0, 562.0], [4581.5, 1501.0], [4581.25, 5003.0], [4580.75, 538.0], [4580.25, 562.0], [4578.5, 547.0], [4578.0, 4646.0], [4577.75, 13687.0], [4577.5, 562.0], [4577.0, 541.0], [4576.5, 1501.0], [4576.25, 5003.0], [4575.75, 542.0], [4575.5, 10.0], [4575.25, 2072.0]], "asks": [[4584.75, 33680.0], [4585.5, 1230.0], [4585.75, 5330.0], [4586.0, 9708.0], [4586.25, 18694.0], [4586.5, 1771.0], [4586.75, 6749.0], [4587.0, 9250.0], [4587.25, 15292.0], [4587.5, 562.0], [4588.0, 1666.0], [4588.25, 5553.0], [4588.5, 6905.0], [4588.75, 23018.0], [4590.0, 9000.0], [4590.25, 30000.0], [4591.25, 547.0], [4591.75, 556.0], [4593.25, 5003.0], [4596.25, 562.0]]}}}
{"jsonrpc": "2.0", "method": "subscription", "params": {"channel": "book.ETH-19SEP25.none.20.100ms", "data": {"timestamp": 1758190987667, "change_id": 86994645660, "instrument_name": "ETH-19SEP25", "bids": [[4584.5, 2885.0], [4584.25, 7333.0], [4584.0, 5330.0], [4583.75, 11300.0], [4583.5, 24000.0], [4582.0, 562.0], [4581.5, 1501.0], [4581.25, 5003.0], [4580.75, 538.0], [4580.25, 562.0], [4578.5, 547.0], [4578.0, 4646.0], [4577.75, 13687.0], [4577.5, 562.0], [4577.0, 541.0], [4576.5, 1501.0], [4576.25, 5003.0], [4575.75, 542.0], [4575.5, 10.0], [4575.25, 2072.0]], "asks": [[4584.75, 33680.0], [4585.5, 1230.0], [4585.75, 5330.0], [4586.0, 9708.0], [4586.25, 18694.0], [4586.5, 1771.0], [4586.75, 6749.0], [4587.0, 9250.0], [4587.25, 15292.0], [4587.5, 562.0], [4588.0, 1666.0], [4588.25, 5553.0], [4588.5, 6905.0], [4588.75, 23018.0], [4590.0, 9000.0], [4590.25, 30000.0], [4591.25, 547.0], [4591.75, 556.0], [4593.25, 5003.0], [4596.25, 562.0]]}}}
