{"jsonrpc": "2.0", "method": "subscription", "params": {"channel": "book.ETH-15AUG25.none.20.100ms", "data": {"timestamp": 1754926204560, "change_id": 80814353631, "instrument_name": "ETH-15AUG25", "bids": [[4293.5, 1660.0], [4293.25, 8048.0], [4293.0, 1500.0], [4292.75, 26500.0], [4292.5, 1500.0], [4292.25, 30000.0], [4291.75, 1156.0], [4291.5, 7500.0], [4291.25, 1500.0], [4291.0, 1156.0], [4290.5, 1500.0], [4290.25, 3157.0], [4290.0, 2234.0], [4289.5, 1156.0], [4289.25, 10083.0], [4289.0, 1165.0], [4288.25, 4000.0], [4287.25, 1152.0], [4285.75, 20.0], [4284.5, 1152.0]], "asks": [[4294.25, 1500.0], [4294.5, 1500.0], [4294.75, 1500.0], [4295.0, 5144.0], [4295.25, 11870.0], [4295.5, 13900.0], [4295.75, 12593.0], [4296.0, 1123.0], [4296.25, 337.0], [4296.5, 1123.0], [4296.75, 337.0], [4297.0, 2323.0], [4297.25, 4337.0], [4297.5, 1123.0], [4297.75, 343.0], [4298.0, 1142.0], [4299.75, 340.0], [4300.0, 1132.0], [4300.5, 11387.0], [4301.0, 1128.0]]}}}
{"jsonrpc": "2.0", "method": "subscription", "params": {"channel": "book.ETH-22AUG25.none.20.100ms", "data": {"timestamp": 1754926204552, "change_id": 80814353558, "instrument_name": "ETH-22AUG25", "bids": [[4303.25, 1485.0], [4303.0, 8030.0], [4302.5, 160.0], [4302.25, 7300.0], [4301.5, 8500.0], [4301.25, 10000.0], [4301.0, 2300.0], [4300.75, 3643.0], [4300.25, 1343.0], [4299.75, 2300.0], [4299.5, 1343.0], [4298.25, 21343.0], [4298.0, 10082.0], [4296.75, 1352.0], [4296.25, 7522.0], [4295.75, 1352.0], [4294.75, 1351.0], [4292.25, 1380.0], [4292.0, 5.0], [4291.75, 19809.0]], "asks": [[4304.25, 3687.0], [4304.5, 17449.0], [4305.0, 4358.0], [4305.25, 20602.0], [4305.5, 18578.0], [4305.75, 1332.0], [4306.0, 30.0], [4306.25, 403.0], [4306.5, 7344.0], [4306.75, 20400.0], [4307.0, 1332.0], [4307.25, 403.0], [4307.5, 1343.0], [4308.5, 410.0], [4308.75, 1365.0], [4309.0, 3397.0], [4309.25, 11324.0], [4311.75, 1365.0], [4312.25, 1331.0], [4313.75, 1331.0]]}}}
{"jsonrpc": "2.0", "method": "subscription", "params": {"channel": "book.ETH-15AUG25.none.20.100ms", "data": {"timestamp": 1754926204892, "change_id": 80814354363, "instrument_name": "ETH-15AUG25", "bids": [[4293.5, 160.0], [4293.25, 8048.0], [4293.0, 1500.0], [4292.75, 25000.0], [4292.5, 1500.0], [4292.25, 32000.0], [4291.75, 1156.0], [4291.25, 1500.0], [4291.0, 1156.0], [4290.25, 3157.0], [4290.0, 2234.0], [4289.5, 5156.0], [4289.25, 10083.0], [4289.0, 1165.0], [4287.25, 1152.0], [4286.5, 20.0], [4284.5, 1152.0], [4284.25, 1238.0], [4284.0, 1157.0], [4283.5, 1162.0]], "asks": [[4294.25, 541.0], [4294.5, 1500.0], [4294.75, 2250.0], [4295.0, 5248.0], [4295.25, 11870.0], [4295.5, 15400.0], [4295.75, 12593.0], [4296.0, 1123.0], [4296.25, 337.0], [4296.5, 1123.0], [4296.75, 337.0], [4297.0, 2323.0], [4297.25, 4337.0], [4297.5, 1123.0], [4297.75, 343.0], [4298.0, 1142.0], [4299.75, 340.0], [4300.0, 1132.0], [4300.5, 11387.0], [4301.0, 1128.0]]}}}
{"jsonrpc": "2.0", "method": "subscription", "params": {"channel": "book.ETH-22AUG25.none.20.100ms", "data": {"timestamp": 1754926204885, "change_id": 80814354356, "instrument_name": "ETH-22AUG25", "bids": [[4303.25, 1485.0], [4303.0, 8030.0], [4302.5, 160.0], [4302.25, 5000.0], [4301.5, 1000.0], [4301.25, 10000.0], [4301.0, 2300.0], [4300.75, 8843.0], [4300.25, 1343.0], [4299.75, 2300.0], [4299.5, 1343.0], [4298.25, 21343.0], [4298.0, 10082.0], [4296.75, 1352.0], [4296.25, 7522.0], [4295.75, 1352.0], [4295.5, 20.0], [4294.75, 1331.0], [4292.25, 1380.0], [4292.0, 5.0]], "asks": [[4304.25, 4991.0], [4304.5, 19699.0], [4304.75, 7500.0], [4305.0, 2409.0], [4305.25, 13102.0], [4305.5, 18578.0], [4305.75, 1332.0], [4306.0, 30.0], [4306.25, 403.0], [4306.5, 7344.0], [4306.75, 20400.0], [4307.0, 1332.0], [4307.25, 403.0], [4307.5, 1343.0], [4308.5, 410.0], [4308.75, 1365.0], [4309.0, 3397.0], [4309.25, 11324.0], [4311.75, 1365.0], [4312.25, 1331.0]]}}}
{"jsonrpc": "2.0", "method": "subscription", "params": {"channel": "book.ETH-22AUG25.none.20.100ms", "data": {"timestamp": 1754926205070, "change_id": 80814354649, "instrument_name": "ETH-22AUG25", "bids": [[4303.0, 690.0], [4302.75, 3093.0], [4302.5, 8190.0], [4302.25, 5000.0], [4301.75, 2300.0], [4301.5, 3300.0], [4301.25, 10000.0], [4301.0, 2300.0], [4300.75, 8843.0], [4300.25, 1343.0], [4299.75, 2300.0], [4299.5, 1343.0], [4298.25, 21343.0], [4298.0, 10082.0], [4296.75, 1352.0], [4296.25, 2569.0], [4295.75, 1352.0], [4295.5, 20.0], [4294.75, 1331.0], [4292.25, 1380.0]], "asks": [[4304.25, 4991.0], [4304.5, 19699.0], [4304.75, 7500.0], [4305.0, 2409.0], [4305.25, 13102.0], [4305.5, 18578.0], [4305.75, 1332.0], [4306.0, 30.0], [4306.25, 403.0], [4306.5, 7344.0], [4306.75, 20400.0], [4307.0, 1332.0], [4307.25, 403.0], [4307.5, 1343.0], [4308.5, 410.0], [4308.75, 1365.0], [4309.0, 3397.0], [4309.25, 11324.0], [4311.75, 1365.0], [4312.25, 1331.0]]}}}
{"jsonrpc": "2.0", "method": "subscription", "params": {"channel": "book.ETH-15AUG25.none.20.100ms", "data": {"timestamp": 1754926205177, "change_id": 80814354709, "instrument_name": "ETH-15AUG25", "bids": [[4293.5, 160.0], [4293.25, 8048.0], [4293.0, 2500.0], [4292.75, 25000.0], [4292.5, 1500.0], [4292.25, 32000.0], [4291.75, 1156.0], [4291.25, 1500.0], [4291.0, 1156.0], [4290.75, 7500.0], [4290.25, 3157.0], [4290.0, 2234.0], [4289.5, 5156.0], [4289.25, 10083.0], [4289.0, 1165.0], [4287.25, 1152.0], [4286.5, 20.0], [4284.5, 1152.0], [4284.25, 1238.0], [4284.0, 1157.0]], "asks": [[4294.0, 2500.0], [4294.5, 9000.0], [4294.75, 1500.0], [4295.0, 2998.0], [4295.25, 4370.0], [4295.5, 15400.0], [4295.75, 12593.0], [4296.0, 1123.0], [4296.25, 337.0], [4296.5, 1123.0], [4296.75, 337.0], [4297.0, 2323.0], [4297.25, 4337.0], [4297.5, 1123.0], [4297.75, 343.0], [4298.0, 1142.0], [4299.75, 340.0], [4300.0, 1132.0], [4300.5, 11387.0], [4301.0, 1128.0]]}}}
{"jsonrpc": "2.0", "method": "subscription", "params": {"channel": "book.ETH-15AUG25.none.20.100ms", "data": {"timestamp": 1754926205342, "change_id": 80814355075, "instrument_name": "ETH-15AUG25", "bids": [[4293.5, 160.0], [4293.25, 8048.0], [4293.0, 2500.0], [4292.75, 25000.0], [4292.5, 1500.0], [4292.25, 32000.0], [4291.75, 1156.0], [4291.25, 1500.0], [4291.0, 1156.0], [4290.75, 7500.0], [4290.25, 3157.0], [4290.0, 2234.0], [4289.5, 5156.0], [4289.25, 10083.0], [4289.0, 1165.0], [4287.25, 1152.0], [4286.5, 20.0], [4284.5, 1152.0], [4284.25, 1238.0], [4284.0, 1157.0]], "asks": [[4294.0, 3148.0], [4294.5, 9000.0], [4294.75, 1500.0], [4295.0, 2998.0], [4295.25, 4370.0], [4295.5, 15400.0], [4295.75, 12593.0], [4296.0, 1123.0], [4296.25, 337.0], [4296.5, 1123.0], [4296.75, 337.0], [4297.0, 2323.0], [4297.25, 4337.0], [4297.5, 1123.0], [4297.75, 343.0], [4298.0, 1142.0], [4299.75, 340.0], [4300.0, 1132.0], [4300.5, 11387.0], [4301.0, 1128.0]]}}}
{"jsonrpc": "2.0", "method": "subscription", "params": {"channel": "book.ETH-15AUG25.none.20.100ms", "data": {"timestamp": 1754926205702, "change_id": 80814355693, "instrument_name": "ETH-15AUG25", "bids": [[4293.5, 1660.0], [4293.25, 8048.0], [4293.0, 2500.0], [4292.75, 25000.0], [4292.5, 1500.0], [4292.25, 32000.0], [4291.75, 1156.0], [4291.25, 1500.0], [4291.0, 1156.0], [4290.75, 7500.0], [4290.25, 3157.0], [4290.0, 2234.0], [4289.5, 5156.0], [4289.25, 10083.0], [4289.0, 1165.0], [4287.25, 1172.0], [4284.5, 1152.0], [4284.25, 1238.0], [4284.0, 1157.0], [4283.5, 1162.0]], "asks": [[4294.0, 3148.0], [4294.25, 1500.0], [4294.5, 7500.0], [4294.75, 2250.0], [4295.0, 2998.0], [4295.25, 4370.0], [4295.5, 15400.0], [4295.75, 12593.0], [4296.0, 1123.0], [4296.25, 337.0], [4296.5, 1123.0], [4296.75, 337.0], [4297.0, 2323.0], [4297.25, 4337.0], [4297.5, 1123.0], [4297.75, 343.0], [4298.0, 1142.0], [4299.75, 340.0], [4300.0, 1132.0], [4300.5, 11387.0]]}}}
{"jsonrpc": "2.0", "method": "subscription", "params": {"channel": "book.ETH-22AUG25.none.20.100ms", "data": {"timestamp": 1754926205735, "change_id": 80814355891, "instrument_name": "ETH-22AUG25", "bids": [[4303.0, 690.0], [4302.75, 3093.0], [4302.5, 8190.0], [4302.25, 5000.0], [4301.75, 2300.0], [4301.5, 3300.0], [4301.25, 10000.0], [4301.0, 2300.0], [4300.75, 8843.0], [4300.25, 1343.0], [4299.5, 1343.0], [4298.25, 21343.0], [4298.0, 10082.0], [4296.75, 1352.0], [4296.25, 2589.0], [4295.75, 1352.0], [4294.75, 1331.0], [4292.25, 1380.0], [4292.0, 4958.0], [4291.75, 19809.0]], "asks": [[4304.0, 160.0], [4304.25, 4991.0], [4304.5, 19539.0], [4304.75, 7500.0], [4305.0, 2409.0], [4305.25, 13102.0], [4305.5, 18578.0], [4305.75, 1332.0], [4306.0, 30.0], [4306.25, 403.0], [4306.5, 7344.0], [4306.75, 20400.0], [4307.0, 1332.0], [4307.25, 403.0], [4307.5, 1343.0], [4308.5, 410.0], [4308.75, 1365.0], [4309.0, 3397.0], [4309.25, 11324.0], [4311.75, 1365.0]]}}}
{"jsonrpc": "2.0", "method": "subscription", "params": {"channel": "book.ETH-22AUG25.none.20.100ms", "data": {"timestamp": 1754926206091, "change_id": 80814356366, "instrument_name": "ETH-22AUG25", "bids": [[4302.75, 1483.0], [4302.5, 8190.0], [4302.25, 5000.0], [4301.75, 2300.0], [4301.5, 3300.0], [4301.25, 10000.0], [4301.0, 2300.0], [4300.75, 8843.0], [4300.25, 1343.0], [4299.5, 1343.0], [4298.25, 21343.0], [4298.0, 10082.0], [4296.75, 1352.0], [4296.25, 2589.0], [4295.75, 1352.0], [4294.75, 1331.0], [4292.25, 1380.0], [4292.0, 4958.0], [4291.75, 19809.0], [4290.25, 41319.0]], "asks": [[4304.0, 160.0], [4304.25, 12491.0], [4304.5, 17289.0], [4305.0, 2409.0], [4305.25, 13102.0], [4305.5, 18578.0], [4305.75, 1332.0], [4306.0, 30.0], [4306.25, 403.0], [4306.5, 7344.0], [4306.75, 20400.0], [4307.0, 1332.0], [4307.25, 403.0], [4307.5, 1343.0], [4308.5, 410.0], [4308.75, 1365.0], [4309.0, 3397.0], [4309.25, 11324.0], [4311.75, 1365.0], [4312.25, 1331.0]]}}}
{"jsonrpc": "2.0", "method": "subscription", "params": {"channel": "book.ETH-15AUG25.none.20.100ms", "data": {"timestamp": 1754926205901, "change_id": 80814355998, "instrument_name": "ETH-15AUG25", "bids": [[4293.5, 160.0], [4293.25, 8048.0], [4293.0, 2500.0], [4292.75, 25000.0], [4292.5, 1500.0], [4292.25, 32000.0], [4291.75, 1156.0], [4291.25, 1500.0], [4291.0, 1156.0], [4290.75, 7500.0], [4290.25, 3157.0], [4290.0, 2234.0], [4289.5, 5156.0], [4289.25, 10083.0], [4289.0, 1165.0], [4287.25, 1172.0], [4284.5, 1152.0], [4284.25, 1238.0], [4284.0, 1157.0], [4283.5, 1162.0]], "asks": [[4294.0, 3148.0], [4294.25, 1500.0], [4294.5, 7500.0], [4294.75, 2250.0], [4295.0, 2998.0], [4295.25, 4370.0], [4295.5, 15400.0], [4295.75, 12593.0], [4296.0, 1123.0], [4296.25, 337.0], [4296.5, 1123.0], [4296.75, 337.0], [4297.0, 2323.0], [4297.25, 4337.0], [4297.5, 1123.0], [4297.75, 343.0], [4298.0, 1142.0], [4299.75, 340.0], [4300.0, 1132.0], [4300.5, 11387.0]]}}}
{"jsonrpc": "2.0", "method": "subscription", "params": {"channel": "book.ETH-15AUG25.none.20.100ms", "data": {"timestamp": 1754926206418, "change_id": 80814357055, "instrument_name": "ETH-15AUG25", "bids": [[4293.5, 160.0], [4293.25, 8048.0], [4293.0, 2500.0], [4292.75, 25000.0], [4292.5, 1500.0], [4292.25, 32000.0], [4291.75, 1156.0], [4291.25, 1500.0], [4291.0, 1156.0], [4290.75, 7500.0], [4290.25, 3157.0], [4290.0, 2234.0], [4289.5, 5156.0], [4289.25, 10083.0], [4289.0, 1165.0], [4287.25, 1172.0], [4284.5, 1152.0], [4284.25, 1238.0], [4284.0, 1157.0], [4283.5, 1162.0]], "asks": [[4294.0, 3148.0], [4294.25, 1500.0], [4294.5, 7500.0], [4294.75, 2250.0], [4295.0, 2998.0], [4295.25, 4370.0], [4295.5, 15400.0], [4295.75, 12593.0], [4296.0, 1123.0], [4296.25, 337.0], [4296.5, 1123.0], [4296.75, 337.0], [4297.0, 2323.0], [4297.25, 4337.0], [4297.5, 1123.0], [4297.75, 343.0], [4298.0, 1142.0], [4299.75, 340.0], [4300.0, 1132.0], [4300.5, 11387.0]]}}}
{"jsonrpc": "2.0", "method": "subscription", "params": {"channel": "book.ETH-15AUG25.none.20.100ms", "data": {"timestamp": 1754926206809, "change_id": 80814357737, "instrument_name": "ETH-15AUG25", "bids": [[4293.5, 160.0], [4293.25, 8048.0], [4293.0, 1500.0], [4292.75, 25000.0], [4292.5, 2500.0], [4292.25, 32000.0], [4291.75, 1156.0], [4291.25, 1500.0], [4291.0, 1156.0], [4290.75, 7500.0], [4290.25, 3157.0], [4290.0, 2234.0], [4289.5, 5156.0], [4289.25, 10083.0], [4289.0, 1165.0], [4287.25, 1172.0], [4284.5, 1152.0], [4284.25, 1238.0], [4284.0, 1157.0], [4283.5, 1162.0]], "asks": [[4294.0, 3148.0], [4294.25, 1500.0], [4294.5, 9000.0], [4294.75, 2250.0], [4295.0, 4129.0], [4295.25, 4370.0], [4295.5, 15400.0], [4295.75, 12593.0], [4296.0, 1123.0], [4296.25, 337.0], [4296.5, 1123.0], [4296.75, 337.0], [4297.0, 2323.0], [4297.25, 4337.0], [4297.5, 1123.0], [4297.75, 343.0], [4298.0, 1142.0], [4299.75, 340.0], [4300.0, 1132.0], [4300.5, 11387.0]]}}}
{"jsonrpc": "2.0", "method": "subscription", "params": {"channel": "book.ETH-22AUG25.none.20.100ms", "data": {"timestamp": 1754926207161, "change_id": 80814358064, "instrument_name": "ETH-22AUG25", "bids": [[4302.75, 1483.0], [4302.5, 8190.0], [4302.25, 5000.0], [4301.75, 2300.0], [4301.5, 3300.0], [4301.25, 10000.0], [4301.0, 2300.0], [4300.75, 8843.0], [4299.5, 1343.0], [4298.25, 21343.0], [4298.0, 10082.0], [4296.75, 1352.0], [4296.25, 2589.0], [4295.75, 1352.0], [4294.75, 1331.0], [4292.25, 1380.0], [4292.0, 4958.0], [4291.75, 19809.0], [4290.25, 41319.0], [4290.0, 90.0]], "asks": [[4304.0, 2410.0], [4304.25, 9000.0], [4304.5, 5000.0], [4305.0, 5796.0], [4305.25, 25397.0], [4305.5, 18578.0], [4305.75, 1332.0], [4306.0, 30.0], [4306.25, 403.0], [4306.5, 7344.0], [4306.75, 20400.0], [4307.0, 1332.0], [4307.25, 403.0], [4307.5, 1343.0], [4308.5, 410.0], [4308.75, 1365.0], [4309.0, 3397.0], [4309.25, 11324.0], [4312.25, 1331.0], [4313.75, 1331.0]]}}}
{"jsonrpc": "2.0", "method": "subscription", "params": {"channel": "book.ETH-15AUG25.none.20.100ms", "data": {"timestamp": 1754926207141, "change_id": 80814358028, "instrument_name": "ETH-15AUG25", "bids": [[4293.5, 160.0], [4293.25, 8048.0], [4293.0, 1500.0], [4292.75, 26000.0], [4292.5, 1500.0], [4292.25, 32000.0], [4291.75, 1156.0], [4291.25, 1500.0], [4291.0, 1156.0], [4290.75, 7500.0], [4290.25, 3157.0], [4290.0, 2234.0], [4289.5, 5156.0], [4289.25, 10083.0], [4289.0, 1165.0], [4287.25, 1172.0], [4284.5, 1152.0], [4284.25, 1238.0], [4284.0, 1157.0], [4283.5, 1162.0]], "asks": [[4294.0, 3148.0], [4294.25, 1500.0], [4294.5, 9000.0], [4294.75, 2250.0], [4295.0, 4129.0], [4295.25, 4370.0], [4295.5, 10673.0], [4295.75, 337.0], [4296.0, 1123.0], [4296.25, 3974.0], [4296.5, 13386.0], [4296.75, 337.0], [4297.0, 2323.0], [4297.25, 4337.0], [4297.5, 1123.0], [4297.75, 343.0], [4298.0, 1142.0], [4299.75, 340.0], [4300.0, 1132.0], [4300.5, 11387.0]]}}}
{"jsonrpc": "2.0", "method": "subscription", "params": {"channel": "book.ETH-22AUG25.none.20.100ms", "data": {"timestamp": 1754926207408, "change_id": 80814358546, "instrument_name": "ETH-22AUG25", "bids": [[4302.75, 1483.0], [4302.5, 8190.0], [4302.25, 5000.0], [4301.75, 2300.0], [4301.5, 3300.0], [4301.25, 10000.0], [4301.0, 2300.0], [4300.75, 8843.0], [4299.5, 1343.0], [4298.25, 21343.0], [4298.0, 10082.0], [4296.75, 1352.0], [4296.25, 2589.0], [4295.75, 1352.0], [4294.75, 1331.0], [4292.25, 1380.0], [4292.0, 4958.0], [4291.75, 19809.0], [4290.25, 41319.0], [4290.0, 90.0]], "asks": [[4304.0, 160.0], [4304.25, 1500.0], [4304.5, 5000.0], [4304.75, 2250.0], [4305.0, 13296.0], [4305.25, 25397.0], [4305.5, 18578.0], [4305.75, 1332.0], [4306.0, 30.0], [4306.25, 403.0], [4306.5, 7344.0], [4306.75, 20400.0], [4307.0, 1332.0], [4307.25, 403.0], [4307.5, 1343.0], [4308.5, 410.0], [4308.75, 1365.0], [4309.0, 3397.0], [4309.25, 11324.0], [4312.25, 1331.0]]}}}
{"jsonrpc": "2.0", "method": "subscription", "params": {"channel": "book.ETH-15AUG25.none.20.100ms", "data": {"timestamp": 1754926207590, "change_id": 80814358854, "instrument_name": "ETH-15AUG25", "bids": [[4293.5, 160.0], [4293.25, 8048.0], [4293.0, 1500.0], [4292.75, 26000.0], [4292.5, 1500.0], [4292.25, 32000.0], [4291.75, 1156.0], [4291.25, 1500.0], [4291.0, 1156.0], [4290.75, 7500.0], [4290.25, 3157.0], [4290.0, 2234.0], [4289.5, 5156.0], [4289.25, 10083.0], [4289.0, 1165.0], [4287.25, 1172.0], [4284.5, 1152.0], [4284.25, 1238.0], [4284.0, 1157.0], [4283.5, 1162.0]], "asks": [[4294.0, 1648.0], [4294.25, 1500.0], [4294.5, 9000.0], [4294.75, 2250.0], [4295.0, 4129.0], [4295.25, 4370.0], [4295.5, 10673.0], [4295.75, 337.0], [4296.0, 2623.0], [4296.25, 3974.0], [4296.5, 13386.0], [4296.75, 337.0], [4297.0, 2323.0], [4297.25, 4337.0], [4297.5, 1123.0], [4297.75, 343.0], [4298.0, 1142.0], [4299.75, 340.0], [4300.0, 1132.0], [4300.5, 11387.0]]}}}
{"jsonrpc": "2.0", "method": "subscription", "params": {"channel": "book.ETH-22AUG25.none.20.100ms", "data": {"timestamp": 1754926207741, "change_id": 80814359109, "instrument_name": "ETH-22AUG25", "bids": [[4302.75, 1483.0], [4302.5, 8190.0], [4302.25, 5000.0], [4301.75, 2300.0], [4301.5, 3300.0], [4301.25, 10000.0], [4301.0, 2300.0], [4300.75, 8843.0], [4299.5, 1343.0], [4298.75, 1238.0], [4298.25, 21343.0], [4298.0, 10082.0], [4296.75, 1352.0], [4296.25, 1351.0], [4295.75, 1352.0], [4294.75, 1331.0], [4292.25, 1380.0], [4292.0, 4958.0], [4291.75, 19809.0], [4290.5, 19814.0]], "asks": [[4304.0, 160.0], [4304.25, 3563.0], [4304.5, 12500.0], [4305.0, 5796.0], [4305.25, 25397.0], [4305.5, 18578.0], [4305.75, 1332.0], [4306.0, 30.0], [4306.25, 403.0], [4306.5, 7344.0], [4306.75, 20400.0], [4307.0, 1332.0], [4307.25, 403.0], [4307.5, 1343.0], [4308.5, 410.0], [4308.75, 1365.0], [4309.0, 3397.0], [4309.25, 11324.0], [4312.25, 1331.0], [4313.75, 1331.0]]}}}
{"jsonrpc": "2.0", "method": "subscription", "params": {"channel": "book.ETH-15AUG25.none.20.100ms", "data": {"timestamp": 1754926208396, "change_id": 80814360356, "instrument_name": "ETH-15AUG25", "bids": [[4293.5, 160.0], [4293.25, 8048.0], [4293.0, 1500.0], [4292.75, 26000.0], [4292.5, 1500.0], [4292.25, 32000.0], [4291.75, 1156.0], [4291.25, 1500.0], [4291.0, 1156.0], [4290.75, 7500.0], [4290.25, 3157.0], [4290.0, 2234.0], [4289.5, 5156.0], [4289.25, 10083.0], [4289.0, 1165.0], [4287.25, 1172.0], [4284.5, 1152.0], [4284.25, 1238.0], [4284.0, 1157.0], [4283.5, 1162.0]], "asks": [[4294.0, 1648.0], [4294.25, 1500.0], [4294.5, 9000.0], [4294.75, 2589.0], [4295.0, 4129.0], [4295.25, 4370.0], [4295.5, 10673.0], [4295.75, 745.0], [4296.0, 2623.0], [4296.25, 3974.0], [4296.5, 13386.0], [4296.75, 337.0], [4297.0, 2323.0], [4297.25, 4337.0], [4297.5, 1123.0], [4297.75, 343.0], [4298.0, 1142.0], [4299.75, 340.0], [4300.0, 1132.0], [4300.5, 11387.0]]}}}
{"jsonrpc": "2.0", "method": "subscription", "params": {"channel": "book.ETH-15AUG25.none.20.100ms", "data": {"timestamp": 1754926208751, "change_id": 80814360880, "instrument_name": "ETH-15AUG25", "bids": [[4293.5, 160.0], [4293.25, 8048.0], [4293.0, 1500.0], [4292.75, 26000.0], [4292.5, 1500.0], [4292.25, 32000.0], [4291.75, 1156.0], [4291.25, 1500.0], [4291.0, 1156.0], [4290.75, 7500.0], [4290.25, 3157.0], [4290.0, 2234.0], [4289.5, 5156.0], [4289.25, 10083.0], [4289.0, 1165.0], [4287.25, 1172.0], [4284.5, 1152.0], [4284.25, 1238.0], [4284.0, 1157.0], [4283.5, 1162.0]], "asks": [[4294.0, 3148.0], [4294.25, 1500.0], [4294.5, 11000.0], [4294.75, 2589.0], [4295.0, 4129.0], [4295.25, 4370.0], [4295.5, 11123.0], [4295.75, 2245.0], [4296.0, 2623.0], [4296.25, 3974.0], [4296.5, 13386.0], [4296.75, 337.0], [4297.0, 2323.0], [4297.25, 4337.0], [4297.5, 1123.0], [4297.75, 343.0], [4298.0, 1142.0], [4299.75, 340.0], [4300.0, 1132.0], [4300.5, 11387.0]]}}}
{"jsonrpc": "2.0", "method": "subscription", "params": {"channel": "book.ETH-15AUG25.none.20.100ms", "data": {"timestamp": 1754926208918, "change_id": 80814360942, "instrument_name": "ETH-15AUG25", "bids": [[4293.5, 160.0], [4293.25, 8048.0], [4293.0, 1500.0], [4292.75, 26000.0], [4292.5, 1500.0], [4292.25, 32000.0], [4291.75, 1156.0], [4291.25, 9000.0], [4291.0, 1156.0], [4290.25, 3157.0], [4290.0, 2234.0], [4289.5, 5156.0], [4289.25, 10083.0], [4289.0, 1165.0], [4287.25, 1172.0], [4284.5, 1152.0], [4284.25, 1238.0], [4284.0, 1157.0], [4283.5, 1162.0], [4283.0, 1152.0]], "asks": [[4294.0, 3148.0], [4294.25, 1500.0], [4294.5, 11000.0], [4294.75, 2589.0], [4295.0, 4129.0], [4295.25, 4370.0], [4295.5, 11123.0], [4295.75, 2245.0], [4296.0, 2623.0], [4296.25, 3974.0], [4296.5, 13386.0], [4296.75, 337.0], [4297.0, 2323.0], [4297.25, 4337.0], [4297.5, 1123.0], [4297.75, 343.0], [4298.0, 1142.0], [4299.75, 340.0], [4300.0, 1132.0], [4300.5, 11387.0]]}}}
{"jsonrpc": "2.0", "method": "subscription", "params": {"channel": "book.ETH-15AUG25.none.20.100ms", "data": {"timestamp": 1754926209763, "change_id": 80814362657, "instrument_name": "ETH-15AUG25", "bids": [[4293.25, 8048.0], [4293.0, 1500.0], [4292.75, 26160.0], [4292.5, 1500.0], [4292.25, 32000.0], [4291.75, 1156.0], [4291.25, 1500.0], [4291.0, 1156.0], [4290.5, 7500.0], [4290.25, 3157.0], [4290.0, 2234.0], [4289.5, 5156.0], [4289.25, 10083.0], [4289.0, 1165.0], [4287.25, 1172.0], [4284.5, 1152.0], [4284.25, 1238.0], [4284.0, 1157.0], [4283.5, 1162.0], [4283.0, 1152.0]], "asks": [[4293.75, 2500.0], [4294.0, 648.0], [4294.25, 1500.0], [4294.5, 11000.0], [4294.75, 2589.0], [4295.0, 4129.0], [4295.25, 4370.0], [4295.5, 11123.0], [4295.75, 2245.0], [4296.0, 2623.0], [4296.25, 3974.0], [4296.5, 13386.0], [4296.75, 337.0], [4297.0, 2323.0], [4297.25, 4337.0], [4297.5, 1123.0], [4297.75, 343.0], [4298.0, 1142.0], [4299.75, 340.0], [4300.0, 1132.0]]}}}
{"jsonrpc": "2.0", "method": "subscription", "params": {"channel": "book.ETH-22AUG25.none.20.100ms", "data": {"timestamp": 1754926209670, "change_id": 80814362448, "instrument_name": "ETH-22AUG25", "bids": [[4302.75, 1481.0], [4302.5, 8030.0], [4302.25, 5000.0], [4301.75, 2460.0], [4301.5, 3300.0], [4301.25, 10000.0], [4301.0, 2300.0], [4300.75, 8843.0], [4299.5, 1343.0], [4298.75, 1238.0], [4298.25, 21343.0], [4298.0, 10082.0], [4296.75, 1352.0], [4296.25, 1351.0], [4295.75, 1352.0], [4294.75, 1331.0], [4292.25, 1380.0], [4292.0, 4958.0], [4291.75, 19809.0], [4290.5, 19814.0]], "asks": [[4304.0, 5160.0], [4304.25, 1500.0], [4304.5, 7500.0], [4305.0, 5796.0], [4305.25, 25397.0], [4305.5, 18578.0], [4305.75, 1332.0], [4306.0, 30.0], [4306.25, 403.0], [4306.5, 7344.0], [4306.75, 20400.0], [4307.0, 1332.0], [4307.25, 403.0], [4307.5, 1343.0], [4308.5, 410.0], [4308.75, 1365.0], [4309.0, 3397.0], [4309.25, 11324.0], [4312.25, 1331.0], [4313.75, 1331.0]]}}}
{"jsonrpc": "2.0", "method": "subscription", "params": {"channel": "book.ETH-15AUG25.none.20.100ms", "data": {"timestamp": 1754926210130, "change_id": 80814362853, "instrument_name": "ETH-15AUG25", "bids": [[4293.25, 8048.0], [4293.0, 1500.0], [4292.75, 26160.0], [4292.5, 1500.0], [4292.25, 32000.0], [4291.75, 1156.0], [4291.25, 1500.0], [4291.0, 1156.0], [4290.5, 7500.0], [4290.25, 3157.0], [4290.0, 2234.0], [4289.5, 5156.0], [4289.25, 10083.0], [4289.0, 1165.0], [4287.25, 1172.0], [4284.5, 1152.0], [4284.25, 1238.0], [4284.0, 1157.0], [4283.5, 1162.0], [4283.0, 1152.0]], "asks": [[4293.75, 3116.0], [4294.25, 1500.0], [4294.5, 11000.0], [4294.75, 2589.0], [4295.0, 4129.0], [4295.25, 4370.0], [4295.5, 11123.0], [4295.75, 2245.0], [4296.0, 2623.0], [4296.25, 3974.0], [4296.5, 13386.0], [4296.75, 337.0], [4297.0, 2323.0], [4297.25, 4337.0], [4297.5, 1123.0], [4297.75, 343.0], [4298.0, 1142.0], [4299.75, 340.0], [4300.0, 1132.0], [4300.5, 11387.0]]}}}
{"jsonrpc": "2.0", "method": "subscription", "params": {"channel": "book.ETH-22AUG25.none.20.100ms", "data": {"timestamp": 1754926210072, "change_id": 80814362829, "instrument_name": "ETH-22AUG25", "bids": [[4302.75, 1481.0], [4302.5, 8030.0], [4302.25, 5160.0], [4301.75, 2300.0], [4301.5, 3300.0], [4301.25, 10000.0], [4301.0, 2300.0], [4300.75, 8843.0], [4299.5, 1343.0], [4298.75, 1238.0], [4298.25, 21343.0], [4298.0, 10082.0], [4296.75, 1352.0], [4296.25, 1351.0], [4294.75, 1331.0], [4292.25, 1380.0], [4292.0, 4958.0], [4291.75, 19809.0], [4290.5, 19814.0], [4290.25, 41319.0]], "asks": [[4304.0, 5160.0], [4304.25, 1500.0], [4304.5, 7500.0], [4305.0, 5796.0], [4305.25, 25397.0], [4305.5, 18578.0], [4305.75, 1332.0], [4306.0, 30.0], [4306.25, 403.0], [4306.5, 7344.0], [4306.75, 20400.0], [4307.0, 1332.0], [4307.25, 403.0], [4307.5, 1343.0], [4308.5, 410.0], [4308.75, 1365.0], [4309.0, 3397.0], [4309.25, 11324.0], [4313.75, 1331.0], [4315.25, 38753.0]]}}}
{"jsonrpc": "2.0", "method": "subscription", "params": {"channel": "book.ETH-15AUG25.none.20.100ms", "data": {"timestamp": 1754926210483, "change_id": 80814364009, "instrument_name": "ETH-15AUG25", "bids": [[4292.5, 1500.0], [4292.25, 39048.0], [4292.0, 160.0], [4291.75, 3156.0], [4291.25, 1500.0], [4291.0, 1156.0], [4290.25, 3157.0], [4290.0, 2234.0], [4289.5, 5156.0], [4289.25, 10083.0], [4289.0, 1165.0], [4287.25, 1172.0], [4284.5, 1152.0], [4284.25, 1238.0], [4284.0, 1157.0], [4283.5, 1162.0], [4283.0, 1152.0], [4282.5, 26169.0], [4281.75, 4953.0], [4281.0, 1145.0]], "asks": [[4293.25, 2500.0], [4293.75, 616.0], [4294.0, 7500.0], [4294.25, 6200.0], [4294.5, 9998.0], [4294.75, 2749.0], [4295.0, 4129.0], [4295.25, 2245.0], [4295.5, 3075.0], [4295.75, 2245.0], [4296.0, 2623.0], [4296.25, 3974.0], [4296.5, 13386.0], [4296.75, 337.0], [4297.0, 2323.0], [4297.25, 4337.0], [4297.5, 1123.0], [4297.75, 343.0], [4298.0, 1142.0], [4299.75, 340.0]]}}}
{"jsonrpc": "2.0", "method": "subscription", "params": {"channel": "book.ETH-22AUG25.none.20.100ms", "data": {"timestamp": 1754926210446, "change_id": 80814363954, "instrument_name": "ETH-22AUG25", "bids": [[4302.5, 1480.0], [4302.25, 5000.0], [4302.0, 8030.0], [4301.75, 2300.0], [4301.5, 3300.0], [4301.25, 10000.0], [4301.0, 2300.0], [4300.75, 160.0], [4299.5, 1343.0], [4298.75, 1238.0], [4298.25, 21343.0], [4298.0, 10082.0], [4296.75, 1352.0], [4296.25, 1351.0], [4294.75, 1331.0], [4292.25, 1380.0], [4292.0, 4958.0], [4291.75, 19809.0], [4290.5, 19814.0], [4290.25, 41319.0]], "asks": [[4303.5, 5160.0], [4303.75, 2298.0], [4304.0, 9909.0], [4304.25, 8030.0], [4305.0, 3387.0], [4305.25, 17367.0], [4305.5, 18578.0], [4305.75, 1332.0], [4306.0, 30.0], [4306.25, 403.0], [4306.5, 7344.0], [4306.75, 20400.0], [4307.0, 1332.0], [4307.25, 403.0], [4307.5, 1343.0], [4308.5, 410.0], [4308.75, 1365.0], [4309.0, 3397.0], [4309.25, 11324.0], [4313.75, 1331.0]]}}}
{"jsonrpc": "2.0", "method": "subscription", "params": {"channel": "book.ETH-15AUG25.none.20.100ms", "data": {"timestamp": 1754926210760, "change_id": 80814364592, "instrument_name": "ETH-15AUG25", "bids": [[4292.5, 1660.0], [4292.25, 39048.0], [4292.0, 1500.0], [4291.75, 3156.0], [4291.25, 1500.0], [4291.0, 1156.0], [4290.5, 7500.0], [4290.25, 3157.0], [4290.0, 2234.0], [4289.5, 5156.0], [4289.25, 10083.0], [4289.0, 1165.0], [4287.25, 1172.0], [4284.5, 1152.0], [4284.25, 1238.0], [4284.0, 1157.0], [4283.5, 1162.0], [4283.0, 1152.0], [4282.5, 26169.0], [4281.75, 4953.0]], "asks": [[4293.25, 3306.0], [4293.75, 1500.0], [4294.0, 9000.0], [4294.25, 6200.0], [4294.5, 9998.0], [4294.75, 2749.0], [4295.0, 4129.0], [4295.25, 2245.0], [4295.5, 3075.0], [4295.75, 2245.0], [4296.0, 2623.0], [4296.25, 3974.0], [4296.5, 13386.0], [4296.75, 337.0], [4297.0, 2323.0], [4297.25, 4337.0], [4297.5, 1123.0], [4297.75, 343.0], [4298.0, 1142.0], [4299.75, 340.0]]}}}
{"jsonrpc": "2.0", "method": "subscription", "params": {"channel": "book.ETH-22AUG25.none.20.100ms", "data": {"timestamp": 1754926210758, "change_id": 80814364590, "instrument_name": "ETH-22AUG25", "bids": [[4302.5, 1480.0], [4302.25, 5000.0], [4302.0, 8030.0], [4301.75, 2300.0], [4301.5, 3300.0], [4301.25, 10160.0], [4300.25, 7500.0], [4299.5, 1343.0], [4298.75, 1238.0], [4298.25, 21343.0], [4298.0, 10082.0], [4296.75, 1352.0], [4296.25, 1351.0], [4294.75, 1331.0], [4292.25, 1380.0], [4292.0, 4958.0], [4291.75, 19809.0], [4290.5, 19814.0], [4290.25, 41319.0], [4290.0, 90.0]], "asks": [[4303.5, 5160.0], [4303.75, 2298.0], [4304.0, 9909.0], [4304.25, 8030.0], [4305.0, 3387.0], [4305.25, 17367.0], [4305.5, 18578.0], [4305.75, 1332.0], [4306.0, 30.0], [4306.25, 403.0], [4306.5, 7344.0], [4306.75, 20400.0], [4307.0, 1332.0], [4307.25, 403.0], [4307.5, 1343.0], [4308.5, 410.0], [4308.75, 1365.0], [4309.0, 3397.0], [4309.25, 11324.0], [4313.75, 1331.0]]}}}
{"jsonrpc": "2.0", "method": "subscription", "params": {"channel": "book.ETH-22AUG25.none.20.100ms", "data": {"timestamp": 1754926210845, "change_id": 80814364622, "instrument_name": "ETH-22AUG25", "bids": [[4302.5, 1480.0], [4302.25, 5000.0], [4302.0, 8030.0], [4301.75, 2460.0], [4301.5, 3300.0], [4301.25, 10000.0], [4300.25, 7500.0], [4299.5, 1343.0], [4298.75, 1238.0], [4298.25, 21343.0], [4298.0, 10082.0], [4296.75, 1352.0], [4296.25, 1351.0], [4294.75, 1331.0], [4292.25, 1380.0], [4292.0, 4958.0], [4291.75, 19809.0], [4290.5, 19814.0], [4290.25, 41319.0], [4290.0, 90.0]], "asks": [[4303.5, 5160.0], [4303.75, 2298.0], [4304.0, 9909.0], [4304.25, 8030.0], [4305.0, 3387.0], [4305.25, 17367.0], [4305.5, 18578.0], [4305.75, 1332.0], [4306.0, 30.0], [4306.25, 403.0], [4306.5, 7344.0], [4306.75, 20400.0], [4307.0, 1332.0], [4307.25, 403.0], [4307.5, 1343.0], [4308.5, 410.0], [4308.75, 1365.0], [4309.0, 3397.0], [4309.25, 11324.0], [4313.75, 1331.0]]}}}
{"jsonrpc": "2.0", "method": "subscription", "params": {"channel": "book.ETH-15AUG25.none.20.100ms", "data": {"timestamp": 1754926210880, "change_id": 80814364637, "instrument_name": "ETH-15AUG25", "bids": [[4292.5, 51024.0], [4292.25, 39048.0], [4292.0, 1500.0], [4291.75, 3156.0], [4291.25, 1500.0], [4291.0, 1156.0], [4290.5, 7500.0], [4290.25, 3157.0], [4290.0, 2234.0], [4289.5, 5156.0], [4289.25, 10083.0], [4289.0, 1165.0], [4287.25, 1172.0], [4284.5, 1152.0], [4284.25, 1238.0], [4284.0, 1157.0], [4283.5, 1162.0], [4283.0, 1152.0], [4282.5, 26169.0], [4281.75, 4953.0]], "asks": [[4293.25, 3306.0], [4293.75, 1500.0], [4294.0, 9000.0], [4294.25, 6200.0], [4294.5, 9998.0], [4294.75, 2749.0], [4295.0, 4129.0], [4295.25, 2245.0], [4295.5, 3075.0], [4295.75, 2245.0], [4296.0, 2623.0], [4296.25, 3974.0], [4296.5, 13386.0], [4296.75, 337.0], [4297.0, 2323.0], [4297.25, 4337.0], [4297.5, 1123.0], [4297.75, 343.0], [4298.0, 1142.0], [4299.75, 340.0]]}}}
{"jsonrpc": "2.0", "method": "subscription", "params": {"channel": "book.ETH-22AUG25.none.20.100ms", "data": {"timestamp": 1754926211471, "change_id": 80814365448, "instrument_name": "ETH-22AUG25", "bids": [[4302.5, 1480.0], [4302.25, 5000.0], [4302.0, 8030.0], [4301.75, 2460.0], [4301.5, 3300.0], [4301.25, 10000.0], [4300.75, 7500.0], [4299.5, 1343.0], [4298.75, 1238.0], [4298.25, 21343.0], [4298.0, 10082.0], [4296.75, 1352.0], [4296.25, 1351.0], [4294.75, 1331.0], [4292.25, 1380.0], [4292.0, 4958.0], [4291.75, 19809.0], [4290.5, 19814.0], [4290.25, 41319.0], [4290.0, 90.0]], "asks": [[4303.5, 5160.0], [4304.0, 9909.0], [4304.25, 8030.0], [4305.0, 3387.0], [4305.25, 17367.0], [4305.5, 18578.0], [4305.75, 1332.0], [4306.0, 30.0], [4306.25, 403.0], [4306.5, 7344.0], [4306.75, 20400.0], [4307.0, 1332.0], [4307.25, 403.0], [4307.5, 1343.0], [4308.5, 410.0], [4308.75, 1365.0], [4309.0, 3397.0], [4309.25, 11324.0], [4313.75, 1331.0], [4315.25, 38753.0]]}}}
{"jsonrpc": "2.0", "method": "subscription", "params": {"channel": "book.ETH-15AUG25.none.20.100ms", "data": {"timestamp": 1754926211474, "change_id": 80814365453, "instrument_name": "ETH-15AUG25", "bids": [[4292.5, 52024.0], [4292.25, 38048.0], [4292.0, 1500.0], [4291.75, 3156.0], [4291.25, 1500.0], [4291.0, 1156.0], [4290.5, 7500.0], [4290.25, 3157.0], [4290.0, 2234.0], [4289.5, 5156.0], [4289.25, 10083.0], [4289.0, 1165.0], [4287.25, 1172.0], [4284.5, 1152.0], [4284.25, 1238.0], [4284.0, 1157.0], [4283.5, 1162.0], [4283.0, 1152.0], [4282.5, 26169.0], [4281.75, 4953.0]], "asks": [[4293.25, 806.0], [4293.75, 1500.0], [4294.0, 9000.0], [4294.25, 3500.0], [4294.5, 9998.0], [4294.75, 2749.0], [4295.0, 4129.0], [4295.25, 2245.0], [4295.5, 3075.0], [4295.75, 2245.0], [4296.0, 2623.0], [4296.25, 3974.0], [4296.5, 13386.0], [4296.75, 337.0], [4297.0, 2323.0], [4297.25, 4337.0], [4297.5, 1123.0], [4297.75, 343.0], [4298.0, 1142.0], [4299.75, 340.0]]}}}
{"jsonrpc": "2.0", "method": "subscription", "params": {"channel": "book.ETH-22AUG25.none.20.100ms", "data": {"timestamp": 1754926211606, "change_id": 80814365804, "instrument_name": "ETH-22AUG25", "bids": [[4302.25, 1441.0], [4302.0, 8030.0], [4301.75, 2460.0], [4301.5, 6000.0], [4300.25, 10000.0], [4300.0, 7500.0], [4299.5, 1343.0], [4298.75, 1238.0], [4298.25, 21343.0], [4298.0, 10082.0], [4296.75, 1352.0], [4296.25, 1351.0], [4294.75, 1331.0], [4292.25, 1380.0], [4292.0, 4958.0], [4291.75, 19809.0], [4290.5, 19814.0], [4290.25, 41319.0], [4290.0, 90.0], [4289.75, 38413.0]], "asks": [[4303.5, 5160.0], [4303.75, 2250.0], [4304.0, 9909.0], [4304.25, 8030.0], [4304.75, 10000.0], [4305.0, 3387.0], [4305.25, 15343.0], [4305.5, 8578.0], [4305.75, 1332.0], [4306.0, 30.0], [4306.25, 403.0], [4306.5, 7344.0], [4306.75, 20400.0], [4307.0, 1332.0], [4307.25, 403.0], [4307.5, 1343.0], [4308.5, 410.0], [4308.75, 1365.0], [4309.0, 3397.0], [4309.25, 11324.0]]}}}
{"jsonrpc": "2.0", "method": "subscription", "params": {"channel": "book.ETH-15AUG25.none.20.100ms", "data": {"timestamp": 1754926211724, "change_id": 80814366000, "instrument_name": "ETH-15AUG25", "bids": [[4292.5, 1660.0], [4292.25, 38048.0], [4292.0, 30766.0], [4291.75, 1156.0], [4291.25, 3500.0], [4291.0, 1156.0], [4290.25, 3157.0], [4290.0, 2234.0], [4289.75, 7500.0], [4289.5, 5156.0], [4289.25, 10083.0], [4289.0, 1165.0], [4287.25, 1172.0], [4284.5, 1152.0], [4284.25, 1238.0], [4284.0, 1157.0], [4283.5, 1162.0], [4283.0, 1152.0], [4282.5, 26169.0], [4281.75, 4953.0]], "asks": [[4293.25, 1500.0], [4293.75, 1500.0], [4294.0, 12000.0], [4294.25, 4364.0], [4294.5, 9998.0], [4294.75, 2449.0], [4295.0, 3129.0], [4295.25, 2245.0], [4295.5, 3075.0], [4295.75, 1837.0], [4296.0, 1123.0], [4296.25, 3974.0], [4296.5, 13386.0], [4296.75, 337.0], [4297.0, 2323.0], [4297.25, 4337.0], [4297.5, 1123.0], [4297.75, 343.0], [4298.0, 1142.0], [4299.75, 340.0]]}}}
{"jsonrpc": "2.0", "method": "subscription", "params": {"channel": "book.ETH-15AUG25.none.20.100ms", "data": {"timestamp": 1754926212079, "change_id": 80814366291, "instrument_name": "ETH-15AUG25", "bids": [[4292.5, 1660.0], [4292.25, 39048.0], [4292.0, 30766.0], [4291.75, 1156.0], [4291.25, 3500.0], [4291.0, 1156.0], [4290.25, 3157.0], [4290.0, 2234.0], [4289.75, 7500.0], [4289.5, 5156.0], [4289.25, 10083.0], [4289.0, 1165.0], [4287.25, 1172.0], [4284.5, 1152.0], [4284.25, 1238.0], [4284.0, 1157.0], [4283.5, 1162.0], [4283.0, 1152.0], [4282.5, 26169.0], [4281.75, 4953.0]], "asks": [[4293.25, 3270.0], [4293.75, 1500.0], [4294.0, 12000.0], [4294.25, 4364.0], [4294.5, 9998.0], [4294.75, 2449.0], [4295.0, 3129.0], [4295.25, 2245.0], [4295.5, 3075.0], [4295.75, 1837.0], [4296.0, 1123.0], [4296.25, 3974.0], [4296.5, 13386.0], [4296.75, 337.0], [4297.0, 2323.0], [4297.25, 4337.0], [4297.5, 1123.0], [4297.75, 343.0], [4298.0, 1142.0], [4299.75, 340.0]]}}}
{"jsonrpc": "2.0", "method": "subscription", "params": {"channel": "book.ETH-15AUG25.none.20.100ms", "data": {"timestamp": 1754926212376, "change_id": 80814366691, "instrument_name": "ETH-15AUG25", "bids": [[4292.75, 7159.0], [4292.5, 1660.0], [4292.25, 39048.0], [4292.0, 1500.0], [4291.75, 1156.0], [4291.25, 3500.0], [4291.0, 1156.0], [4290.25, 10657.0], [4290.0, 2234.0], [4289.5, 5156.0], [4289.25, 10083.0], [4289.0, 1165.0], [4287.25, 1172.0], [4284.5, 1152.0], [4284.25, 1238.0], [4284.0, 1157.0], [4283.5, 1162.0], [4283.0, 1152.0], [4282.5, 26169.0], [4281.75, 4953.0]], "asks": [[4293.25, 3270.0], [4293.75, 1500.0], [4294.0, 12000.0], [4294.25, 4364.0], [4294.5, 9998.0], [4294.75, 2449.0], [4295.0, 3129.0], [4295.25, 2245.0], [4295.5, 3075.0], [4295.75, 1837.0], [4296.0, 1123.0], [4296.25, 3974.0], [4296.5, 13386.0], [4296.75, 337.0], [4297.0, 2323.0], [4297.25, 4337.0], [4297.5, 1123.0], [4297.75, 343.0], [4298.0, 1142.0], [4299.75, 340.0]]}}}
{"jsonrpc": "2.0", "method": "subscription", "params": {"channel": "book.ETH-22AUG25.none.20.100ms", "data": {"timestamp": 1754926212369, "change_id": 80814366687, "instrument_name": "ETH-22AUG25", "bids": [[4302.25, 1441.0], [4302.0, 8030.0], [4301.75, 2460.0], [4301.5, 6000.0], [4300.25, 10000.0], [4300.0, 7500.0], [4299.5, 1343.0], [4298.75, 1238.0], [4298.25, 21343.0], [4298.0, 10082.0], [4296.75, 1352.0], [4296.25, 1351.0], [4294.75, 1331.0], [4292.25, 1380.0], [4292.0, 4958.0], [4291.75, 19809.0], [4290.5, 19814.0], [4290.25, 41319.0], [4290.0, 90.0], [4289.75, 38413.0]], "asks": [[4303.5, 12660.0], [4304.0, 2409.0], [4304.25, 8030.0], [4304.5, 3000.0], [4304.75, 10000.0], [4305.0, 3387.0], [4305.25, 15343.0], [4305.5, 8578.0], [4305.75, 1332.0], [4306.0, 30.0], [4306.25, 403.0], [4306.5, 7344.0], [4306.75, 20400.0], [4307.0, 1332.0], [4307.25, 403.0], [4307.5, 1343.0], [4308.5, 410.0], [4308.75, 1365.0], [4309.0, 3397.0], [4309.25, 11324.0]]}}}
{"jsonrpc": "2.0", "method": "subscription", "params": {"channel": "book.ETH-15AUG25.none.20.100ms", "data": {"timestamp": 1754926212704, "change_id": 80814367130, "instrument_name": "ETH-15AUG25", "bids": [[4292.75, 7159.0], [4292.5, 44116.0], [4292.25, 39048.0], [4292.0, 1500.0], [4291.75, 1156.0], [4291.25, 3500.0], [4291.0, 1156.0], [4290.25, 10657.0], [4290.0, 2234.0], [4289.5, 5156.0], [4289.25, 10083.0], [4289.0, 1165.0], [4287.25, 1172.0], [4284.5, 1152.0], [4284.25, 1238.0], [4284.0, 1157.0], [4283.5, 1162.0], [4283.0, 1152.0], [4282.5, 26169.0], [4281.75, 4953.0]], "asks": [[4293.25, 3270.0], [4293.75, 1500.0], [4294.0, 12000.0], [4294.25, 4364.0], [4294.5, 9998.0], [4294.75, 2449.0], [4295.0, 3129.0], [4295.25, 2245.0], [4295.5, 3075.0], [4295.75, 1837.0], [4296.0, 1123.0], [4296.25, 3974.0], [4296.5, 13386.0], [4296.75, 337.0], [4297.0, 2323.0], [4297.25, 4337.0], [4297.5, 1123.0], [4297.75, 343.0], [4298.0, 1142.0], [4299.75, 340.0]]}}}
{"jsonrpc": "2.0", "method": "subscription", "params": {"channel": "book.ETH-22AUG25.none.20.100ms", "data": {"timestamp": 1754926212659, "change_id": 80814367102, "instrument_name": "ETH-22AUG25", "bids": [[4302.25, 1441.0], [4302.0, 8030.0], [4301.75, 2460.0], [4301.5, 6000.0], [4300.25, 10000.0], [4300.0, 7500.0], [4299.5, 1343.0], [4298.75, 1238.0], [4298.25, 21343.0], [4298.0, 10082.0], [4296.75, 1352.0], [4296.25, 1351.0], [4292.25, 1380.0], [4292.0, 4958.0], [4291.75, 19809.0], [4290.5, 19814.0], [4290.25, 41319.0], [4290.0, 90.0], [4289.75, 38413.0], [4289.25, 1719.0]], "asks": [[4303.5, 12660.0], [4304.0, 2409.0], [4304.25, 8030.0], [4304.5, 3000.0], [4304.75, 10000.0], [4305.0, 3387.0], [4305.25, 15343.0], [4305.5, 8578.0], [4305.75, 1332.0], [4306.0, 30.0], [4306.25, 403.0], [4306.5, 7344.0], [4306.75, 20400.0], [4307.0, 1332.0], [4307.25, 403.0], [4307.5, 1343.0], [4308.5, 410.0], [4308.75, 1365.0], [4309.0, 3397.0], [4309.25, 11324.0]]}}}
{"jsonrpc": "2.0", "method": "subscription", "params": {"channel": "book.ETH-22AUG25.none.20.100ms", "data": {"timestamp": 1754926213037, "change_id": 80814367435, "instrument_name": "ETH-22AUG25", "bids": [[4302.25, 1441.0], [4302.0, 8030.0], [4301.75, 2460.0], [4301.5, 6000.0], [4300.5, 7500.0], [4300.25, 10000.0], [4299.5, 1343.0], [4298.75, 1238.0], [4298.25, 21343.0], [4298.0, 10082.0], [4296.75, 1352.0], [4296.25, 1351.0], [4292.25, 1380.0], [4292.0, 4958.0], [4291.75, 19809.0], [4290.5, 19814.0], [4290.25, 41319.0], [4290.0, 90.0], [4289.75, 38413.0], [4289.25, 1719.0]], "asks": [[4303.5, 12660.0], [4304.0, 2409.0], [4304.25, 8030.0], [4304.5, 3000.0], [4304.75, 10000.0], [4305.0, 3387.0], [4305.25, 15343.0], [4305.5, 8578.0], [4305.75, 1332.0], [4306.0, 30.0], [4306.25, 403.0], [4306.5, 7344.0], [4306.75, 20400.0], [4307.0, 1332.0], [4307.25, 403.0], [4307.5, 1343.0], [4308.5, 410.0], [4308.75, 1365.0], [4309.0, 3397.0], [4309.25, 11324.0]]}}}
{"jsonrpc": "2.0", "method": "subscription", "params": {"channel": "book.ETH-15AUG25.none.20.100ms", "data": {"timestamp": 1754926213481, "change_id": 80814368218, "instrument_name": "ETH-15AUG25", "bids": [[4292.75, 5659.0], [4292.5, 44116.0], [4292.25, 38048.0], [4292.0, 1500.0], [4291.75, 2156.0], [4291.25, 3500.0], [4291.0, 1156.0], [4290.25, 10657.0], [4290.0, 2234.0], [4289.5, 1156.0], [4289.25, 10083.0], [4289.0, 1165.0], [4288.0, 4000.0], [4287.25, 1172.0], [4284.5, 1152.0], [4284.25, 1238.0], [4284.0, 1157.0], [4283.5, 1162.0], [4283.0, 1152.0], [4282.5, 26169.0]], "asks": [[4293.0, 2500.0], [4293.25, 2270.0], [4293.75, 1500.0], [4294.0, 12450.0], [4294.25, 4524.0], [4294.5, 9998.0], [4294.75, 2289.0], [4295.0, 3129.0], [4295.25, 2245.0], [4295.5, 2625.0], [4295.75, 337.0], [4296.0, 1123.0], [4296.25, 3974.0], [4296.5, 13386.0], [4296.75, 337.0], [4297.0, 2323.0], [4297.25, 4337.0], [4297.5, 1123.0], [4297.75, 343.0], [4298.0, 1142.0]]}}}
{"jsonrpc": "2.0", "method": "subscription", "params": {"channel": "book.ETH-22AUG25.none.20.100ms", "data": {"timestamp": 1754926213375, "change_id": 80814367958, "instrument_name": "ETH-22AUG25", "bids": [[4302.25, 1441.0], [4302.0, 8030.0], [4301.75, 2460.0], [4301.5, 6000.0], [4300.25, 10000.0], [4299.75, 7500.0], [4299.5, 1343.0], [4298.75, 1238.0], [4298.25, 21343.0], [4298.0, 10082.0], [4296.75, 1352.0], [4296.25, 1351.0], [4292.25, 1380.0], [4292.0, 4958.0], [4291.75, 19809.0], [4290.5, 19814.0], [4290.25, 41319.0], [4290.0, 90.0], [4289.75, 38413.0], [4289.25, 1719.0]], "asks": [[4303.5, 12660.0], [4304.0, 2409.0], [4304.25, 8030.0], [4304.5, 3000.0], [4304.75, 10000.0], [4305.0, 3387.0], [4305.25, 15343.0], [4305.5, 8578.0], [4305.75, 1332.0], [4306.0, 30.0], [4306.25, 403.0], [4306.5, 7344.0], [4306.75, 20400.0], [4307.0, 1332.0], [4307.25, 403.0], [4307.5, 1343.0], [4308.5, 410.0], [4308.75, 1365.0], [4309.0, 3397.0], [4309.25, 11324.0]]}}}
{"jsonrpc": "2.0", "method": "subscription", "params": {"channel": "book.ETH-15AUG25.none.20.100ms", "data": {"timestamp": 1754926213807, "change_id": 80814369147, "instrument_name": "ETH-15AUG25", "bids": [[4292.25, 30000.0], [4292.0, 9548.0], [4291.75, 1000.0], [4291.5, 160.0], [4291.25, 3500.0], [4291.0, 1156.0], [4290.25, 1156.0], [4290.0, 2234.0], [4289.5, 8656.0], [4289.25, 10083.0], [4289.0, 1165.0], [4288.0, 4000.0], [4287.25, 1172.0], [4284.5, 1152.0], [4284.25, 1238.0], [4284.0, 1157.0], [4283.5, 1162.0], [4283.0, 1152.0], [4282.5, 26169.0], [4281.75, 4953.0]], "asks": [[4293.0, 2500.0], [4293.5, 9000.0], [4293.75, 2850.0], [4294.0, 4950.0], [4294.25, 4524.0], [4294.5, 11129.0], [4294.75, 2289.0], [4295.0, 3129.0], [4295.25, 2245.0], [4295.5, 2625.0], [4295.75, 337.0], [4296.0, 1123.0], [4296.25, 3974.0], [4296.5, 13386.0], [4296.75, 337.0], [4297.0, 2323.0], [4297.25, 4337.0], [4297.5, 1123.0], [4297.75, 343.0], [4298.0, 1142.0]]}}}
{"jsonrpc": "2.0", "method": "subscription", "params": {"channel": "book.ETH-22AUG25.none.20.100ms", "data": {"timestamp": 1754926213809, "change_id": 80814369149, "instrument_name": "ETH-22AUG25", "bids": [[4302.0, 738.0], [4301.75, 3002.0], [4301.5, 14030.0], [4300.75, 2300.0], [4300.5, 2460.0], [4300.25, 10000.0], [4299.75, 7500.0], [4299.5, 1343.0], [4298.75, 1238.0], [4298.25, 21343.0], [4296.75, 1352.0], [4296.25, 1351.0], [4292.25, 1380.0], [4292.0, 4958.0], [4291.75, 19809.0], [4290.5, 19814.0], [4290.25, 41319.0], [4290.0, 90.0], [4289.75, 38413.0], [4289.25, 1719.0]], "asks": [[4303.0, 5000.0], [4303.25, 2298.0], [4303.5, 7660.0], [4304.0, 2409.0], [4304.25, 8030.0], [4304.5, 3000.0], [4304.75, 10396.0], [4305.0, 4706.0], [4305.25, 15343.0], [4305.5, 8578.0], [4305.75, 1332.0], [4306.0, 30.0], [4306.25, 403.0], [4306.5, 7344.0], [4306.75, 20400.0], [4307.0, 1332.0], [4307.25, 403.0], [4307.5, 1343.0], [4308.5, 410.0], [4308.75, 1365.0]]}}}
{"jsonrpc": "2.0", "method": "subscription", "params": {"channel": "book.ETH-22AUG25.none.20.100ms", "data": {"timestamp": 1754926213929, "change_id": 80814369248, "instrument_name": "ETH-22AUG25", "bids": [[4302.0, 738.0], [4301.75, 3002.0], [4301.5, 14030.0], [4301.0, 160.0], [4300.75, 2300.0], [4300.5, 2300.0], [4300.25, 10000.0], [4300.0, 1319.0], [4299.75, 7500.0], [4299.5, 1343.0], [4298.75, 1238.0], [4298.25, 21343.0], [4298.0, 10240.0], [4296.75, 1352.0], [4296.25, 1351.0], [4292.25, 1380.0], [4292.0, 4958.0], [4291.75, 19809.0], [4290.5, 19814.0], [4290.25, 41319.0]], "asks": [[4303.0, 5000.0], [4303.25, 2298.0], [4303.5, 7660.0], [4304.0, 2409.0], [4304.25, 8030.0], [4304.5, 3000.0], [4304.75, 10396.0], [4305.0, 4706.0], [4305.25, 15343.0], [4305.5, 8578.0], [4305.75, 1332.0], [4306.0, 30.0], [4306.25, 403.0], [4306.5, 7344.0], [4306.75, 20400.0], [4307.0, 1332.0], [4307.25, 403.0], [4307.5, 1343.0], [4308.5, 410.0], [4308.75, 1365.0]]}}}
{"jsonrpc": "2.0", "method": "subscription", "params": {"channel": "book.ETH-15AUG25.none.20.100ms", "data": {"timestamp": 1754926214080, "change_id": 80814369421, "instrument_name": "ETH-15AUG25", "bids": [[4292.25, 32001.0], [4292.0, 10708.0], [4291.25, 27499.0], [4291.0, 1156.0], [4290.25, 1156.0], [4290.0, 9734.0], [4289.5, 1156.0], [4289.25, 10083.0], [4289.0, 1165.0], [4288.0, 4000.0], [4287.25, 1172.0], [4284.5, 1152.0], [4284.25, 1238.0], [4284.0, 1157.0], [4283.5, 1162.0], [4283.0, 1152.0], [4282.5, 26169.0], [4282.25, 2001.0], [4282.0, 1131.0], [4281.75, 4953.0]], "asks": [[4293.0, 3277.0], [4293.5, 9000.0], [4293.75, 1500.0], [4294.0, 4950.0], [4294.25, 4524.0], [4294.5, 11129.0], [4294.75, 2289.0], [4295.0, 3129.0], [4295.25, 2245.0], [4295.5, 2625.0], [4295.75, 337.0], [4296.0, 1123.0], [4296.25, 3974.0], [4296.5, 13386.0], [4296.75, 337.0], [4297.0, 2323.0], [4297.25, 4337.0], [4297.5, 1123.0], [4297.75, 343.0], [4298.0, 1142.0]]}}}
{"jsonrpc": "2.0", "method": "subscription", "params": {"channel": "book.ETH-22AUG25.none.20.100ms", "data": {"timestamp": 1754926214192, "change_id": 80814369474, "instrument_name": "ETH-22AUG25", "bids": [[4302.0, 738.0], [4301.75, 3002.0], [4301.5, 14190.0], [4300.75, 2300.0], [4300.5, 2300.0], [4300.25, 17500.0], [4300.0, 1319.0], [4299.5, 1343.0], [4298.75, 1238.0], [4298.25, 21343.0], [4298.0, 10240.0], [4296.75, 1352.0], [4296.25, 1351.0], [4292.25, 1380.0], [4292.0, 4958.0], [4291.75, 19809.0], [4290.5, 19814.0], [4290.25, 41319.0], [4290.0, 90.0], [4289.75, 38413.0]], "asks": [[4303.0, 5000.0], [4303.25, 2298.0], [4303.5, 7660.0], [4304.0, 2409.0], [4304.25, 8030.0], [4304.5, 3000.0], [4304.75, 10396.0], [4305.0, 4706.0], [4305.25, 15343.0], [4305.5, 8578.0], [4305.75, 1332.0], [4306.0, 30.0], [4306.25, 403.0], [4306.5, 7344.0], [4306.75, 20400.0], [4307.0, 1332.0], [4307.25, 403.0], [4307.5, 1343.0], [4308.5, 410.0], [4308.75, 1365.0]]}}}
{"jsonrpc": "2.0", "method": "subscription", "params": {"channel": "book.ETH-15AUG25.none.20.100ms", "data": {"timestamp": 1754926214361, "change_id": 80814369795, "instrument_name": "ETH-15AUG25", "bids": [[4292.5, 1660.0], [4292.25, 33501.0], [4292.0, 10548.0], [4291.25, 3500.0], [4291.0, 1156.0], [4290.25, 1156.0], [4290.0, 9734.0], [4289.5, 1156.0], [4289.25, 10083.0], [4289.0, 1165.0], [4288.0, 4000.0], [4287.25, 1172.0], [4284.5, 1152.0], [4284.25, 1238.0], [4284.0, 1157.0], [4283.5, 1162.0], [4283.0, 1152.0], [4282.5, 26169.0], [4282.25, 2001.0], [4282.0, 1131.0]], "asks": [[4293.0, 3277.0], [4293.5, 9000.0], [4293.75, 1500.0], [4294.0, 4950.0], [4294.25, 4524.0], [4294.5, 11129.0], [4294.75, 2289.0], [4295.0, 3129.0], [4295.25, 2245.0], [4295.5, 2625.0], [4295.75, 337.0], [4296.0, 1123.0], [4296.25, 3974.0], [4296.5, 13386.0], [4296.75, 337.0], [4297.0, 2323.0], [4297.25, 4337.0], [4297.5, 1123.0], [4297.75, 343.0], [4298.0, 1142.0]]}}}
{"jsonrpc": "2.0", "method": "subscription", "params": {"channel": "book.ETH-22AUG25.none.20.100ms", "data": {"timestamp": 1754926214549, "change_id": 80814370037, "instrument_name": "ETH-22AUG25", "bids": [[4302.0, 738.0], [4301.75, 3001.0], [4301.5, 14190.0], [4300.5, 2300.0], [4300.25, 19800.0], [4300.0, 1319.0], [4299.75, 2300.0], [4299.5, 1343.0], [4298.75, 1238.0], [4298.25, 21343.0], [4298.0, 10240.0], [4296.75, 1352.0], [4296.25, 1351.0], [4292.25, 1380.0], [4292.0, 4958.0], [4291.75, 19809.0], [4290.5, 19814.0], [4290.25, 41319.0], [4290.0, 90.0], [4289.75, 38413.0]], "asks": [[4303.0, 5000.0], [4303.25, 2298.0], [4303.5, 7660.0], [4304.0, 2409.0], [4304.25, 8030.0], [4304.5, 3000.0], [4304.75, 10396.0], [4305.0, 4706.0], [4305.25, 15343.0], [4305.5, 8578.0], [4305.75, 1332.0], [4306.0, 30.0], [4306.25, 403.0], [4306.5, 7344.0], [4306.75, 20400.0], [4307.0, 1332.0], [4307.25, 403.0], [4307.5, 1343.0], [4308.5, 410.0], [4308.75, 1365.0]]}}}
{"jsonrpc": "2.0", "method": "subscription", "params": {"channel": "book.ETH-15AUG25.none.20.100ms", "data": {"timestamp": 1754926214713, "change_id": 80814370262, "instrument_name": "ETH-15AUG25", "bids": [[4292.5, 1660.0], [4292.25, 60413.0], [4292.0, 9048.0], [4291.25, 3500.0], [4291.0, 1156.0], [4290.5, 7500.0], [4290.25, 1156.0], [4290.0, 2234.0], [4289.5, 1156.0], [4289.25, 10083.0], [4289.0, 1165.0], [4288.0, 4000.0], [4287.25, 1172.0], [4284.5, 1152.0], [4284.25, 1238.0], [4284.0, 1157.0], [4283.5, 1162.0], [4283.0, 1152.0], [4282.5, 26169.0], [4282.25, 2001.0]], "asks": [[4293.0, 3277.0], [4293.25, 1500.0], [4293.5, 7500.0], [4293.75, 1500.0], [4294.0, 4950.0], [4294.25, 4524.0], [4294.5, 11129.0], [4294.75, 2289.0], [4295.0, 3129.0], [4295.25, 2245.0], [4295.5, 2625.0], [4295.75, 337.0], [4296.0, 1123.0], [4296.25, 3974.0], [4296.5, 13386.0], [4296.75, 337.0], [4297.0, 2323.0], [4297.25, 4337.0], [4297.5, 1123.0], [4297.75, 343.0]]}}}
{"jsonrpc": "2.0", "method": "subscription", "params": {"channel": "book.ETH-22AUG25.none.20.100ms", "data": {"timestamp": 1754926215078, "change_id": 80814370834, "instrument_name": "ETH-22AUG25", "bids": [[4302.0, 738.0], [4301.75, 3001.0], [4301.5, 14030.0], [4300.75, 160.0], [4300.5, 2300.0], [4300.25, 12300.0], [4300.0, 1319.0], [4299.75, 2300.0], [4299.5, 8843.0], [4298.75, 1238.0], [4298.25, 21343.0], [4298.0, 10240.0], [4296.75, 1352.0], [4296.25, 1351.0], [4292.25, 1380.0], [4292.0, 4958.0], [4291.75, 19809.0], [4290.5, 19814.0], [4290.25, 41319.0], [4290.0, 90.0]], "asks": [[4303.0, 5000.0], [4303.25, 2298.0], [4303.5, 7660.0], [4304.0, 2409.0], [4304.25, 8030.0], [4304.5, 3000.0], [4304.75, 10396.0], [4305.0, 4706.0], [4305.25, 15343.0], [4305.5, 8578.0], [4305.75, 1332.0], [4306.0, 30.0], [4306.25, 403.0], [4306.5, 7344.0], [4306.75, 20400.0], [4307.0, 1332.0], [4307.25, 403.0], [4307.5, 1343.0], [4308.5, 410.0], [4308.75, 1365.0]]}}}
{"jsonrpc": "2.0", "method": "subscription", "params": {"channel": "book.ETH-15AUG25.none.20.100ms", "data": {"timestamp": 1754926215027, "change_id": 80814370721, "instrument_name": "ETH-15AUG25", "bids": [[4292.25, 60413.0], [4292.0, 9048.0], [4291.75, 160.0], [4291.5, 1131.0], [4291.25, 3500.0], [4291.0, 1156.0], [4290.25, 1156.0], [4290.0, 2234.0], [4289.75, 7500.0], [4289.5, 1156.0], [4289.25, 10083.0], [4289.0, 1165.0], [4288.0, 4000.0], [4287.25, 1172.0], [4284.5, 1152.0], [4284.25, 1238.0], [4284.0, 1157.0], [4283.5, 1162.0], [4283.0, 1152.0], [4282.75, 4953.0]], "asks": [[4293.0, 1777.0], [4293.25, 1500.0], [4293.5, 7500.0], [4293.75, 2850.0], [4294.0, 4950.0], [4294.25, 4524.0], [4294.5, 11129.0], [4294.75, 2289.0], [4295.0, 3129.0], [4295.25, 2245.0], [4295.5, 2625.0], [4295.75, 337.0], [4296.0, 1123.0], [4296.25, 3974.0], [4296.5, 13386.0], [4296.75, 337.0], [4297.0, 2323.0], [4297.25, 4337.0], [4297.5, 1123.0], [4297.75, 343.0]]}}}
{"jsonrpc": "2.0", "method": "subscription", "params": {"channel": "book.ETH-15AUG25.none.20.100ms", "data": {"timestamp": 1754926215362, "change_id": 80814371260, "instrument_name": "ETH-15AUG25", "bids": [[4292.25, 60573.0], [4292.0, 9048.0], [4291.5, 1131.0], [4291.25, 3500.0], [4291.0, 1156.0], [4290.25, 8656.0], [4290.0, 2234.0], [4289.5, 1156.0], [4289.25, 10083.0], [4289.0, 1165.0], [4288.0, 4000.0], [4287.25, 1172.0], [4284.5, 1152.0], [4284.25, 1238.0], [4284.0, 1157.0], [4283.5, 1162.0], [4283.0, 1152.0], [4282.75, 4953.0], [4282.5, 26169.0], [4282.25, 2001.0]], "asks": [[4293.0, 1777.0], [4293.25, 1500.0], [4293.5, 7500.0], [4293.75, 1500.0], [4294.0, 4950.0], [4294.25, 4524.0], [4294.5, 11129.0], [4294.75, 2289.0], [4295.0, 3129.0], [4295.25, 2245.0], [4295.5, 2625.0], [4295.75, 337.0], [4296.0, 1123.0], [4296.25, 3974.0], [4296.5, 13386.0], [4296.75, 337.0], [4297.0, 2323.0], [4297.25, 4337.0], [4297.5, 1123.0], [4297.75, 343.0]]}}}
{"jsonrpc": "2.0", "method": "subscription", "params": {"channel": "book.ETH-22AUG25.none.20.100ms", "data": {"timestamp": 1754926215311, "change_id": 80814371079, "instrument_name": "ETH-22AUG25", "bids": [[4302.0, 738.0], [4301.75, 3001.0], [4301.5, 14030.0], [4301.25, 160.0], [4300.5, 2300.0], [4300.25, 12300.0], [4300.0, 8819.0], [4299.75, 2300.0], [4299.5, 1343.0], [4298.75, 1238.0], [4298.25, 21343.0], [4298.0, 10240.0], [4296.75, 1352.0], [4296.25, 1351.0], [4292.25, 1380.0], [4292.0, 4958.0], [4291.75, 19809.0], [4290.5, 19814.0], [4290.25, 41319.0], [4290.0, 90.0]], "asks": [[4303.0, 5000.0], [4303.25, 2298.0], [4303.5, 7660.0], [4304.0, 2409.0], [4304.25, 8030.0], [4304.5, 3000.0], [4304.75, 10396.0], [4305.0, 4706.0], [4305.25, 15343.0], [4305.5, 8578.0], [4305.75, 1332.0], [4306.0, 30.0], [4306.25, 403.0], [4306.5, 7344.0], [4306.75, 20400.0], [4307.0, 1332.0], [4307.25, 403.0], [4307.5, 1343.0], [4308.5, 410.0], [4308.75, 1365.0]]}}}
{"jsonrpc": "2.0", "method": "subscription", "params": {"channel": "book.ETH-15AUG25.none.20.100ms", "data": {"timestamp": 1754926215642, "change_id": 80814371841, "instrument_name": "ETH-15AUG25", "bids": [[4292.5, 1500.0], [4292.25, 33661.0], [4292.0, 9048.0], [4291.5, 1131.0], [4291.25, 3500.0], [4291.0, 1156.0], [4290.25, 1156.0], [4290.0, 2234.0], [4289.5, 8656.0], [4289.25, 10083.0], [4289.0, 1165.0], [4288.0, 4000.0], [4287.25, 1172.0], [4284.5, 1152.0], [4284.25, 1238.0], [4284.0, 1157.0], [4283.5, 1162.0], [4283.0, 1152.0], [4282.75, 4953.0], [4282.5, 26169.0]], "asks": [[4293.0, 1777.0], [4293.25, 1500.0], [4293.5, 7500.0], [4293.75, 2850.0], [4294.0, 4950.0], [4294.25, 4524.0], [4294.5, 11129.0], [4294.75, 2289.0], [4295.0, 3129.0], [4295.25, 1838.0], [4295.5, 1125.0], [4295.75, 337.0], [4296.0, 1123.0], [4296.25, 3974.0], [4296.5, 13386.0], [4296.75, 337.0], [4297.0, 2323.0], [4297.25, 4337.0], [4297.5, 1123.0], [4297.75, 343.0]]}}}
{"jsonrpc": "2.0", "method": "subscription", "params": {"channel": "book.ETH-22AUG25.none.20.100ms", "data": {"timestamp": 1754926215538, "change_id": 80814371567, "instrument_name": "ETH-22AUG25", "bids": [[4302.0, 738.0], [4301.75, 3001.0], [4301.5, 14030.0], [4301.25, 160.0], [4300.5, 2300.0], [4300.25, 12300.0], [4300.0, 8819.0], [4299.75, 2300.0], [4299.5, 1343.0], [4298.75, 1238.0], [4298.25, 21343.0], [4298.0, 10240.0], [4296.75, 1352.0], [4296.25, 1351.0], [4292.25, 1380.0], [4292.0, 4958.0], [4291.75, 19809.0], [4290.5, 19814.0], [4290.25, 41319.0], [4290.0, 90.0]], "asks": [[4303.0, 5000.0], [4303.25, 2298.0], [4303.5, 7660.0], [4304.0, 2409.0], [4304.25, 8030.0], [4304.5, 3000.0], [4304.75, 10396.0], [4305.0, 4706.0], [4305.25, 15343.0], [4305.5, 8578.0], [4305.75, 1332.0], [4306.0, 30.0], [4306.25, 403.0], [4306.5, 7344.0], [4306.75, 20400.0], [4307.0, 1332.0], [4307.25, 403.0], [4307.5, 1343.0], [4308.5, 410.0], [4308.75, 1365.0]]}}}
{"jsonrpc": "2.0", "method": "subscription", "params": {"channel": "book.ETH-22AUG25.none.20.100ms", "data": {"timestamp": 1754926216120, "change_id": 80814372497, "instrument_name": "ETH-22AUG25", "bids": [[4302.0, 738.0], [4301.75, 3001.0], [4301.5, 14030.0], [4301.25, 160.0], [4300.5, 2300.0], [4300.25, 12300.0], [4300.0, 8819.0], [4299.75, 2300.0], [4299.5, 1343.0], [4298.75, 1238.0], [4298.25, 21343.0], [4298.0, 10240.0], [4296.75, 1352.0], [4296.25, 1351.0], [4292.25, 1380.0], [4292.0, 4958.0], [4291.75, 19809.0], [4290.5, 19814.0], [4290.25, 41319.0], [4290.0, 90.0]], "asks": [[4303.0, 5000.0], [4303.5, 7660.0], [4304.0, 2409.0], [4304.25, 8030.0], [4304.5, 3000.0], [4304.75, 10396.0], [4305.0, 4706.0], [4305.25, 15343.0], [4305.5, 8578.0], [4305.75, 1332.0], [4306.0, 30.0], [4306.25, 403.0], [4306.5, 7344.0], [4306.75, 20400.0], [4307.0, 1332.0], [4307.25, 403.0], [4307.5, 1343.0], [4308.5, 410.0], [4308.75, 1365.0], [4309.0, 3397.0]]}}}
{"jsonrpc": "2.0", "method": "subscription", "params": {"channel": "book.ETH-15AUG25.none.20.100ms", "data": {"timestamp": 1754926216116, "change_id": 80814372434, "instrument_name": "ETH-15AUG25", "bids": [[4292.5, 1500.0], [4292.25, 67262.0], [4292.0, 9048.0], [4291.5, 1131.0], [4291.25, 3500.0], [4291.0, 1156.0], [4290.25, 1156.0], [4290.0, 2234.0], [4289.5, 8656.0], [4289.25, 10083.0], [4289.0, 1165.0], [4288.0, 4000.0], [4287.25, 1172.0], [4284.5, 1152.0], [4284.25, 1238.0], [4284.0, 1157.0], [4283.5, 1162.0], [4283.0, 1152.0], [4282.75, 4953.0], [4282.5, 26169.0]], "asks": [[4293.0, 1777.0], [4293.25, 1500.0], [4293.5, 7500.0], [4293.75, 1500.0], [4294.0, 4950.0], [4294.25, 4524.0], [4294.5, 11129.0], [4294.75, 2289.0], [4295.0, 3129.0], [4295.25, 1838.0], [4295.5, 1125.0], [4295.75, 337.0], [4296.0, 1123.0], [4296.25, 3974.0], [4296.5, 13386.0], [4296.75, 337.0], [4297.0, 2323.0], [4297.25, 4337.0], [4297.5, 1123.0], [4297.75, 343.0]]}}}
{"jsonrpc": "2.0", "method": "subscription", "params": {"channel": "book.ETH-22AUG25.none.20.100ms", "data": {"timestamp": 1754926216459, "change_id": 80814374080, "instrument_name": "ETH-22AUG25", "bids": [[4302.0, 738.0], [4301.75, 3001.0], [4301.5, 14030.0], [4301.0, 160.0], [4300.5, 2300.0], [4300.25, 12300.0], [4300.0, 1319.0], [4299.75, 2300.0], [4299.5, 1343.0], [4299.0, 8865.0], [4298.75, 1238.0], [4298.25, 21343.0], [4298.0, 10240.0], [4296.75, 1352.0], [4296.25, 1351.0], [4292.25, 1380.0], [4292.0, 4958.0], [4291.75, 19809.0], [4290.5, 19814.0], [4290.25, 1319.0]], "asks": [[4303.0, 5000.0], [4303.25, 2298.0], [4303.5, 7660.0], [4304.0, 2409.0], [4304.25, 8030.0], [4304.5, 3000.0], [4304.75, 10396.0], [4305.0, 4706.0], [4305.25, 15343.0], [4305.5, 8578.0], [4305.75, 1332.0], [4306.0, 30.0], [4306.25, 403.0], [4306.5, 7344.0], [4306.75, 20400.0], [4307.0, 1332.0], [4307.25, 403.0], [4307.5, 1343.0], [4308.5, 410.0], [4308.75, 1365.0]]}}}
{"jsonrpc": "2.0", "method": "subscription", "params": {"channel": "book.ETH-15AUG25.none.20.100ms", "data": {"timestamp": 1754926216456, "change_id": 80814374077, "instrument_name": "ETH-15AUG25", "bids": [[4292.5, 1500.0], [4292.25, 67102.0], [4292.0, 9208.0], [4291.5, 1131.0], [4291.25, 3500.0], [4291.0, 1156.0], [4290.25, 1156.0], [4290.0, 2234.0], [4289.5, 8656.0], [4289.25, 10083.0], [4289.0, 1165.0], [4288.0, 4000.0], [4287.25, 1152.0], [4286.5, 20.0], [4284.5, 1152.0], [4284.25, 1238.0], [4284.0, 1157.0], [4283.5, 1162.0], [4283.0, 1152.0], [4282.75, 4953.0]], "asks": [[4293.0, 1777.0], [4293.25, 1500.0], [4293.5, 7500.0], [4293.75, 1500.0], [4294.0, 4950.0], [4294.25, 4524.0], [4294.5, 11129.0], [4294.75, 2289.0], [4295.0, 3129.0], [4295.25, 1838.0], [4295.5, 1125.0], [4295.75, 337.0], [4296.0, 1123.0], [4296.25, 3974.0], [4296.5, 13386.0], [4296.75, 337.0], [4297.0, 2323.0], [4297.25, 4337.0], [4297.5, 1123.0], [4297.75, 343.0]]}}}
{"jsonrpc": "2.0", "method": "subscription", "params": {"channel": "book.ETH-15AUG25.none.20.100ms", "data": {"timestamp": 1754926216743, "change_id": 80814374656, "instrument_name": "ETH-15AUG25", "bids": [[4292.5, 1660.0], [4292.25, 67102.0], [4292.0, 9048.0], [4291.5, 1131.0], [4291.25, 3500.0], [4291.0, 1156.0], [4290.25, 1156.0], [4290.0, 9734.0], [4289.5, 1156.0], [4289.25, 10083.0], [4289.0, 1165.0], [4288.0, 4000.0], [4287.25, 1152.0], [4286.5, 20.0], [4284.5, 1152.0], [4284.25, 1238.0], [4284.0, 1157.0], [4283.5, 1162.0], [4283.0, 1152.0], [4282.75, 4953.0]], "asks": [[4293.0, 3277.0], [4293.25, 1500.0], [4293.5, 7500.0], [4293.75, 1500.0], [4294.0, 4950.0], [4294.25, 4524.0], [4294.5, 11129.0], [4294.75, 2289.0], [4295.0, 3129.0], [4295.25, 1838.0], [4295.5, 1125.0], [4295.75, 337.0], [4296.0, 1123.0], [4296.25, 3974.0], [4296.5, 13386.0], [4296.75, 337.0], [4297.0, 2323.0], [4297.25, 4337.0], [4297.5, 1123.0], [4297.75, 343.0]]}}}
{"jsonrpc": "2.0", "method": "subscription", "params": {"channel": "book.ETH-22AUG25.none.20.100ms", "data": {"timestamp": 1754926216766, "change_id": 80814374672, "instrument_name": "ETH-22AUG25", "bids": [[4302.0, 738.0], [4301.75, 3001.0], [4301.5, 14190.0], [4300.5, 2300.0], [4300.25, 12300.0], [4300.0, 8819.0], [4299.75, 2300.0], [4299.5, 1343.0], [4299.0, 1365.0], [4298.75, 1238.0], [4298.25, 21343.0], [4298.0, 10240.0], [4296.75, 1352.0], [4296.25, 1351.0], [4292.25, 1380.0], [4292.0, 4958.0], [4291.75, 19809.0], [4290.5, 19814.0], [4290.25, 1319.0], [4290.0, 90.0]], "asks": [[4303.0, 5000.0], [4303.5, 7660.0], [4304.0, 2409.0], [4304.25, 8030.0], [4304.5, 3000.0], [4304.75, 10396.0], [4305.0, 4706.0], [4305.25, 15343.0], [4305.5, 8578.0], [4305.75, 1332.0], [4306.0, 30.0], [4306.25, 403.0], [4306.5, 7344.0], [4306.75, 20400.0], [4307.0, 1332.0], [4307.25, 403.0], [4307.5, 1343.0], [4308.5, 410.0], [4308.75, 1365.0], [4309.0, 3397.0]]}}}
{"jsonrpc": "2.0", "method": "subscription", "params": {"channel": "book.ETH-15AUG25.none.20.100ms", "data": {"timestamp": 1754926216869, "change_id": 80814374716, "instrument_name": "ETH-15AUG25", "bids": [[4292.5, 9708.0], [4292.25, 67102.0], [4292.0, 1000.0], [4291.5, 1131.0], [4291.25, 3500.0], [4291.0, 1156.0], [4290.25, 1156.0], [4290.0, 9734.0], [4289.5, 1156.0], [4289.25, 10083.0], [4289.0, 1165.0], [4288.0, 4000.0], [4287.25, 1152.0], [4286.5, 20.0], [4284.5, 1152.0], [4284.25, 1238.0], [4284.0, 1157.0], [4283.5, 1162.0], [4283.0, 1152.0], [4282.75, 4953.0]], "asks": [[4293.0, 3277.0], [4293.25, 1500.0], [4293.5, 7500.0], [4293.75, 1500.0], [4294.0, 4950.0], [4294.25, 4524.0], [4294.5, 11129.0], [4294.75, 2289.0], [4295.0, 3129.0], [4295.25, 1838.0], [4295.5, 1125.0], [4295.75, 337.0], [4296.0, 1123.0], [4296.25, 3974.0], [4296.5, 13386.0], [4296.75, 337.0], [4297.0, 2323.0], [4297.25, 4337.0], [4297.5, 1123.0], [4297.75, 343.0]]}}}
{"jsonrpc": "2.0", "method": "subscription", "params": {"channel": "book.ETH-22AUG25.none.20.100ms", "data": {"timestamp": 1754926217022, "change_id": 80814374816, "instrument_name": "ETH-22AUG25", "bids": [[4302.0, 738.0], [4301.75, 3001.0], [4301.5, 14190.0], [4300.5, 2300.0], [4300.25, 12300.0], [4300.0, 8819.0], [4299.75, 2300.0], [4299.5, 1343.0], [4299.0, 1365.0], [4298.75, 1238.0], [4298.25, 21343.0], [4298.0, 10240.0], [4296.75, 1352.0], [4296.25, 1331.0], [4295.5, 20.0], [4292.25, 1380.0], [4292.0, 4958.0], [4291.75, 19809.0], [4290.5, 19814.0], [4290.25, 1319.0]], "asks": [[4303.0, 5000.0], [4303.5, 7660.0], [4304.0, 2409.0], [4304.25, 8030.0], [4304.5, 3000.0], [4304.75, 10396.0], [4305.0, 4706.0], [4305.25, 15343.0], [4305.5, 8578.0], [4305.75, 1332.0], [4306.0, 30.0], [4306.25, 403.0], [4306.5, 7344.0], [4306.75, 20400.0], [4307.0, 1332.0], [4307.25, 403.0], [4307.5, 1343.0], [4308.5, 410.0], [4308.75, 1365.0], [4309.0, 3397.0]]}}}
{"jsonrpc": "2.0", "method": "subscription", "params": {"channel": "book.ETH-22AUG25.none.20.100ms", "data": {"timestamp": 1754926217274, "change_id": 80814375118, "instrument_name": "ETH-22AUG25", "bids": [[4302.0, 738.0], [4301.75, 3001.0], [4301.5, 14190.0], [4300.5, 2300.0], [4300.25, 12300.0], [4300.0, 1319.0], [4299.75, 2300.0], [4299.5, 1343.0], [4299.25, 7500.0], [4299.0, 1365.0], [4298.75, 1238.0], [4298.25, 21343.0], [4298.0, 10240.0], [4296.75, 1352.0], [4296.25, 1331.0], [4295.5, 20.0], [4292.25, 1380.0], [4292.0, 4958.0], [4291.75, 19809.0], [4290.5, 19814.0]], "asks": [[4303.0, 5000.0], [4303.25, 2298.0], [4303.5, 7660.0], [4304.0, 2409.0], [4304.25, 8030.0], [4304.5, 3000.0], [4304.75, 10396.0], [4305.0, 4706.0], [4305.25, 15343.0], [4305.5, 8578.0], [4305.75, 1332.0], [4306.0, 30.0], [4306.25, 403.0], [4306.5, 7344.0], [4306.75, 20400.0], [4307.0, 1332.0], [4307.25, 403.0], [4307.5, 1343.0], [4308.5, 410.0], [4308.75, 1365.0]]}}}
{"jsonrpc": "2.0", "method": "subscription", "params": {"channel": "book.ETH-15AUG25.none.20.100ms", "data": {"timestamp": 1754926217273, "change_id": 80814375116, "instrument_name": "ETH-15AUG25", "bids": [[4292.5, 9708.0], [4292.25, 67102.0], [4292.0, 1000.0], [4291.5, 1131.0], [4291.25, 3500.0], [4291.0, 1156.0], [4290.25, 1156.0], [4290.0, 2234.0], [4289.5, 1156.0], [4289.25, 17583.0], [4289.0, 1165.0], [4288.0, 4000.0], [4287.25, 1152.0], [4286.5, 20.0], [4284.5, 1152.0], [4284.25, 1238.0], [4284.0, 1157.0], [4283.5, 1162.0], [4283.0, 1152.0], [4282.75, 4953.0]], "asks": [[4293.0, 3277.0], [4293.25, 1500.0], [4293.5, 7500.0], [4293.75, 1500.0], [4294.0, 4950.0], [4294.25, 4524.0], [4294.5, 11129.0], [4294.75, 2289.0], [4295.0, 3129.0], [4295.25, 1838.0], [4295.5, 1125.0], [4295.75, 337.0], [4296.0, 1123.0], [4296.25, 3974.0], [4296.5, 13386.0], [4296.75, 337.0], [4297.0, 2323.0], [4297.25, 4337.0], [4297.5, 1123.0], [4297.75, 343.0]]}}}
{"jsonrpc": "2.0", "method": "subscription", "params": {"channel": "book.ETH-15AUG25.none.20.100ms", "data": {"timestamp": 1754926217701, "change_id": 80814376081, "instrument_name": "ETH-15AUG25", "bids": [[4292.25, 32001.0], [4291.75, 8048.0], [4291.5, 1160.0], [4291.25, 1500.0], [4291.0, 1156.0], [4290.75, 2000.0], [4290.25, 1156.0], [4290.0, 2234.0], [4289.5, 1156.0], [4289.25, 17583.0], [4289.0, 1165.0], [4288.0, 4000.0], [4287.25, 1152.0], [4286.5, 20.0], [4284.5, 1152.0], [4284.25, 1238.0], [4284.0, 1157.0], [4283.5, 1162.0], [4283.0, 1152.0], [4282.75, 4953.0]], "asks": [[4292.75, 1500.0], [4293.0, 777.0], [4293.25, 1500.0], [4293.5, 9450.0], [4293.75, 4571.0], [4294.0, 10998.0], [4294.25, 2449.0], [4294.5, 3081.0], [4294.75, 2289.0], [4295.0, 3129.0], [4295.25, 1838.0], [4295.5, 1125.0], [4295.75, 337.0], [4296.0, 1123.0], [4296.25, 3974.0], [4296.5, 13386.0], [4296.75, 337.0], [4297.0, 2323.0], [4297.25, 4337.0], [4297.5, 1123.0]]}}}
{"jsonrpc": "2.0", "method": "subscription", "params": {"channel": "book.ETH-22AUG25.none.20.100ms", "data": {"timestamp": 1754926217718, "change_id": 80814376134, "instrument_name": "ETH-22AUG25", "bids": [[4301.75, 1439.0], [4301.5, 5000.0], [4301.0, 8030.0], [4300.5, 2460.0], [4300.25, 13300.0], [4299.75, 2300.0], [4299.5, 1343.0], [4299.25, 7500.0], [4299.0, 1365.0], [4298.75, 1238.0], [4298.25, 21343.0], [4298.0, 10240.0], [4296.75, 1352.0], [4296.25, 1331.0], [4295.5, 20.0], [4292.25, 1380.0], [4292.0, 4958.0], [4291.75, 19809.0], [4290.5, 19814.0], [4290.25, 1319.0]], "asks": [[4302.75, 1500.0], [4303.0, 5160.0], [4303.25, 4420.0], [4303.5, 15530.0], [4304.5, 3000.0], [4304.75, 10396.0], [4305.0, 4706.0], [4305.25, 15343.0], [4305.5, 8578.0], [4305.75, 1332.0], [4306.0, 30.0], [4306.25, 403.0], [4306.5, 7344.0], [4306.75, 20400.0], [4307.0, 1332.0], [4307.25, 403.0], [4307.5, 1343.0], [4308.5, 410.0], [4308.75, 1365.0], [4309.0, 3397.0]]}}}
{"jsonrpc": "2.0", "method": "subscription", "params": {"channel": "book.ETH-15AUG25.none.20.100ms", "data": {"timestamp": 1754926218062, "change_id": 80814376627, "instrument_name": "ETH-15AUG25", "bids": [[4292.25, 32001.0], [4291.75, 8048.0], [4291.5, 1160.0], [4291.25, 1500.0], [4291.0, 1156.0], [4290.75, 2000.0], [4290.25, 1156.0], [4290.0, 2234.0], [4289.5, 1156.0], [4289.25, 17583.0], [4289.0, 1165.0], [4288.0, 4000.0], [4287.25, 1152.0], [4286.5, 20.0], [4284.5, 1152.0], [4284.25, 1238.0], [4284.0, 1157.0], [4283.5, 1162.0], [4283.0, 1152.0], [4282.75, 4953.0]], "asks": [[4292.75, 1500.0], [4293.0, 7500.0], [4293.25, 1500.0], [4293.5, 1950.0], [4293.75, 4731.0], [4294.0, 10998.0], [4294.25, 2289.0], [4294.5, 3081.0], [4294.75, 2289.0], [4295.0, 3129.0], [4295.25, 1838.0], [4295.5, 1125.0], [4295.75, 337.0], [4296.0, 1123.0], [4296.25, 3974.0], [4296.5, 13386.0], [4296.75, 337.0], [4297.0, 2323.0], [4297.25, 4337.0], [4297.5, 1123.0]]}}}
{"jsonrpc": "2.0", "method": "subscription", "params": {"channel": "book.ETH-22AUG25.none.20.100ms", "data": {"timestamp": 1754926218006, "change_id": 80814376602, "instrument_name": "ETH-22AUG25", "bids": [[4301.75, 1439.0], [4301.5, 5000.0], [4301.0, 8030.0], [4300.5, 2460.0], [4300.25, 13300.0], [4299.75, 2300.0], [4299.5, 1343.0], [4299.25, 7500.0], [4299.0, 1365.0], [4298.75, 1238.0], [4298.25, 21343.0], [4298.0, 10240.0], [4296.25, 1331.0], [4295.5, 20.0], [4292.25, 1380.0], [4292.0, 4958.0], [4291.75, 19809.0], [4290.5, 19814.0], [4290.25, 1319.0], [4290.0, 90.0]], "asks": [[4302.75, 3611.0], [4303.0, 12660.0], [4303.25, 2298.0], [4303.5, 8030.0], [4304.5, 3000.0], [4304.75, 10396.0], [4305.0, 4706.0], [4305.25, 15343.0], [4305.5, 8578.0], [4305.75, 1332.0], [4306.0, 30.0], [4306.25, 403.0], [4306.5, 7344.0], [4306.75, 20400.0], [4307.0, 1332.0], [4307.25, 403.0], [4307.5, 1343.0], [4308.5, 410.0], [4308.75, 1365.0], [4309.0, 3397.0]]}}}
{"jsonrpc": "2.0", "method": "subscription", "params": {"channel": "book.ETH-15AUG25.none.20.100ms", "data": {"timestamp": 1754926218377, "change_id": 80814377151, "instrument_name": "ETH-15AUG25", "bids": [[4292.25, 32001.0], [4292.0, 160.0], [4291.75, 8048.0], [4291.5, 1000.0], [4291.25, 1500.0], [4291.0, 1156.0], [4290.75, 2000.0], [4290.25, 1156.0], [4290.0, 2234.0], [4289.5, 1156.0], [4289.25, 17583.0], [4289.0, 1165.0], [4288.0, 4000.0], [4287.25, 1152.0], [4286.5, 20.0], [4284.5, 1152.0], [4284.25, 1238.0], [4284.0, 1157.0], [4283.5, 1162.0], [4283.0, 1152.0]], "asks": [[4292.75, 2069.0], [4293.0, 7500.0], [4293.25, 1500.0], [4293.5, 1950.0], [4293.75, 4731.0], [4294.0, 10998.0], [4294.25, 2289.0], [4294.5, 3081.0], [4294.75, 2289.0], [4295.0, 3129.0], [4295.25, 1838.0], [4295.5, 1125.0], [4295.75, 337.0], [4296.0, 1123.0], [4296.25, 3974.0], [4296.5, 13386.0], [4296.75, 337.0], [4297.0, 2323.0], [4297.25, 4337.0], [4297.5, 1123.0]]}}}
{"jsonrpc": "2.0", "method": "subscription", "params": {"channel": "book.ETH-22AUG25.none.20.100ms", "data": {"timestamp": 1754926218232, "change_id": 80814376961, "instrument_name": "ETH-22AUG25", "bids": [[4301.75, 1439.0], [4301.5, 5000.0], [4301.0, 8190.0], [4300.5, 2300.0], [4300.25, 13300.0], [4299.75, 2300.0], [4299.5, 1343.0], [4299.25, 7500.0], [4299.0, 1365.0], [4298.75, 1238.0], [4298.25, 21343.0], [4298.0, 10240.0], [4296.25, 1331.0], [4295.5, 20.0], [4292.25, 1380.0], [4292.0, 4958.0], [4291.75, 19809.0], [4290.5, 19814.0], [4290.25, 1319.0], [4290.0, 90.0]], "asks": [[4302.75, 3611.0], [4303.0, 12660.0], [4303.25, 2298.0], [4303.5, 8030.0], [4304.5, 3000.0], [4304.75, 10396.0], [4305.0, 4706.0], [4305.25, 15343.0], [4305.5, 8578.0], [4305.75, 1332.0], [4306.0, 30.0], [4306.25, 403.0], [4306.5, 7344.0], [4306.75, 20400.0], [4307.0, 1332.0], [4307.25, 403.0], [4307.5, 1343.0], [4308.5, 410.0], [4308.75, 1365.0], [4309.0, 3397.0]]}}}
{"jsonrpc": "2.0", "method": "subscription", "params": {"channel": "book.ETH-15AUG25.none.20.100ms", "data": {"timestamp": 1754926218769, "change_id": 80814378609, "instrument_name": "ETH-15AUG25", "bids": [[4292.25, 2001.0], [4291.75, 1500.0], [4291.25, 2500.0], [4291.0, 1156.0], [4290.5, 160.0], [4290.25, 1156.0], [4290.0, 2234.0], [4289.5, 1156.0], [4289.25, 10083.0], [4289.0, 1165.0], [4288.5, 8642.0], [4288.0, 4000.0], [4287.25, 1152.0], [4286.5, 20.0], [4284.5, 1152.0], [4284.25, 1238.0], [4284.0, 1157.0], [4283.5, 1162.0], [4283.0, 1152.0], [4282.75, 4953.0]], "asks": [[4292.5, 2500.0], [4292.75, 2069.0], [4293.0, 9550.0], [4293.25, 6308.0], [4293.5, 9998.0], [4293.75, 2396.0], [4294.0, 3092.0], [4294.25, 2289.0], [4294.5, 3081.0], [4294.75, 2289.0], [4295.0, 2631.0], [4295.25, 338.0], [4295.5, 1125.0], [4295.75, 1495.0], [4296.0, 5123.0], [4296.25, 3974.0], [4296.5, 13386.0], [4296.75, 337.0], [4297.0, 1123.0], [4297.25, 337.0]]}}}
{"jsonrpc": "2.0", "method": "subscription", "params": {"channel": "book.ETH-22AUG25.none.20.100ms", "data": {"timestamp": 1754926218722, "change_id": 80814378321, "instrument_name": "ETH-22AUG25", "bids": [[4301.0, 1438.0], [4300.75, 13030.0], [4300.5, 2300.0], [4300.25, 1000.0], [4299.75, 2300.0], [4299.5, 160.0], [4299.25, 10000.0], [4299.0, 1365.0], [4298.75, 1238.0], [4298.25, 21343.0], [4298.0, 17740.0], [4296.25, 1331.0], [4295.5, 20.0], [4292.25, 1380.0], [4292.0, 4958.0], [4291.75, 19809.0], [4290.5, 19814.0], [4290.25, 1319.0], [4290.0, 90.0], [4289.75, 38413.0]], "asks": [[4302.25, 1500.0], [4302.5, 5160.0], [4302.75, 2111.0], [4303.0, 9220.0], [4303.25, 8030.0], [4303.75, 3000.0], [4304.0, 10000.0], [4304.25, 410.0], [4304.5, 1365.0], [4304.75, 396.0], [4305.0, 4706.0], [4305.25, 15343.0], [4305.5, 8578.0], [4305.75, 1332.0], [4306.0, 30.0], [4306.25, 403.0], [4306.5, 7344.0], [4306.75, 20400.0], [4307.0, 1332.0], [4307.25, 403.0]]}}}
{"jsonrpc": "2.0", "method": "subscription", "params": {"channel": "book.ETH-22AUG25.none.20.100ms", "data": {"timestamp": 1754926219086, "change_id": 80814379410, "instrument_name": "ETH-22AUG25", "bids": [[4302.0, 1438.0], [4301.75, 8030.0], [4301.25, 5000.0], [4300.5, 2460.0], [4300.25, 1000.0], [4299.75, 2300.0], [4299.5, 1365.0], [4299.25, 10000.0], [4299.0, 1365.0], [4298.75, 1238.0], [4298.25, 21343.0], [4298.0, 17740.0], [4296.25, 1331.0], [4295.5, 20.0], [4292.25, 1380.0], [4292.0, 4958.0], [4291.75, 19809.0], [4290.5, 19814.0], [4290.25, 1319.0], [4290.0, 90.0]], "asks": [[4302.5, 5000.0], [4303.5, 160.0], [4303.75, 3000.0], [4304.0, 12409.0], [4304.25, 8440.0], [4304.5, 1365.0], [4304.75, 396.0], [4305.0, 3971.0], [4305.25, 14748.0], [4305.5, 8578.0], [4305.75, 1332.0], [4306.0, 30.0], [4306.25, 403.0], [4306.5, 7344.0], [4306.75, 20400.0], [4307.0, 1332.0], [4307.25, 403.0], [4307.5, 1343.0], [4308.75, 1365.0], [4309.25, 11324.0]]}}}
{"jsonrpc": "2.0", "method": "subscription", "params": {"channel": "book.ETH-15AUG25.none.20.100ms", "data": {"timestamp": 1754926219095, "change_id": 80814379443, "instrument_name": "ETH-15AUG25", "bids": [[4292.25, 10049.0], [4291.75, 1500.0], [4291.5, 160.0], [4291.25, 1500.0], [4291.0, 1156.0], [4290.25, 1156.0], [4290.0, 2234.0], [4289.5, 1156.0], [4289.25, 10083.0], [4289.0, 1165.0], [4288.5, 8642.0], [4288.0, 4000.0], [4287.25, 1152.0], [4286.5, 20.0], [4284.5, 1152.0], [4284.25, 1238.0], [4284.0, 1157.0], [4283.5, 1162.0], [4283.0, 1152.0], [4282.75, 4953.0]], "asks": [[4292.75, 1000.0], [4293.0, 1000.0], [4293.25, 1500.0], [4293.5, 1500.0], [4293.75, 3500.0], [4294.0, 1950.0], [4294.25, 4653.0], [4294.5, 11289.0], [4294.75, 2289.0], [4295.0, 2631.0], [4295.25, 338.0], [4295.5, 1125.0], [4295.75, 1495.0], [4296.0, 5123.0], [4296.25, 3974.0], [4296.5, 13386.0], [4296.75, 337.0], [4297.0, 1123.0], [4297.25, 337.0], [4297.5, 1123.0]]}}}
{"jsonrpc": "2.0", "method": "subscription", "params": {"channel": "book.ETH-22AUG25.none.20.100ms", "data": {"timestamp": 1754926219423, "change_id": 80814380681, "instrument_name": "ETH-22AUG25", "bids": [[4302.0, 1438.0], [4301.75, 8030.0], [4301.25, 5000.0], [4301.0, 160.0], [4300.5, 2300.0], [4300.25, 1000.0], [4300.0, 17500.0], [4299.75, 2300.0], [4299.5, 1365.0], [4299.0, 1365.0], [4298.75, 1238.0], [4298.25, 21343.0], [4298.0, 10240.0], [4296.25, 1331.0], [4295.5, 20.0], [4292.25, 1380.0], [4292.0, 4958.0], [4291.75, 19809.0], [4290.5, 19814.0], [4290.25, 1319.0]], "asks": [[4303.25, 5000.0], [4303.5, 2410.0], [4303.75, 10500.0], [4304.0, 12409.0], [4304.25, 8440.0], [4304.5, 1365.0], [4304.75, 396.0], [4305.0, 3971.0], [4305.25, 14748.0], [4305.5, 8578.0], [4305.75, 1332.0], [4306.0, 30.0], [4306.25, 403.0], [4306.5, 7344.0], [4306.75, 20400.0], [4307.0, 1332.0], [4307.25, 403.0], [4307.5, 1343.0], [4308.75, 1365.0], [4309.25, 11324.0]]}}}
{"jsonrpc": "2.0", "method": "subscription", "params": {"channel": "book.ETH-15AUG25.none.20.100ms", "data": {"timestamp": 1754926219407, "change_id": 80814380658, "instrument_name": "ETH-15AUG25", "bids": [[4292.25, 10049.0], [4292.0, 54539.0], [4291.75, 1500.0], [4291.25, 1500.0], [4291.0, 1156.0], [4290.25, 1156.0], [4290.0, 9734.0], [4289.5, 1156.0], [4289.25, 10083.0], [4289.0, 1165.0], [4288.5, 1142.0], [4288.0, 4000.0], [4287.25, 1152.0], [4286.5, 20.0], [4284.5, 1152.0], [4284.25, 1238.0], [4284.0, 1157.0], [4283.5, 1162.0], [4283.0, 1152.0], [4282.75, 4953.0]], "asks": [[4292.5, 761.0], [4292.75, 1000.0], [4293.0, 1000.0], [4293.5, 1500.0], [4293.75, 3500.0], [4294.0, 9450.0], [4294.25, 4653.0], [4294.5, 11289.0], [4294.75, 2289.0], [4295.0, 2631.0], [4295.25, 338.0], [4295.5, 1125.0], [4295.75, 1495.0], [4296.0, 5123.0], [4296.25, 3974.0], [4296.5, 13386.0], [4296.75, 337.0], [4297.0, 1123.0], [4297.25, 337.0], [4297.5, 1123.0]]}}}
{"jsonrpc": "2.0", "method": "subscription", "params": {"channel": "book.ETH-22AUG25.none.20.100ms", "data": {"timestamp": 1754926219758, "change_id": 80814381698, "instrument_name": "ETH-22AUG25", "bids": [[4302.0, 3740.0], [4301.75, 5000.0], [4301.5, 160.0], [4300.5, 2300.0], [4300.25, 3300.0], [4300.0, 18865.0], [4299.75, 2300.0], [4299.5, 1365.0], [4299.0, 1365.0], [4298.75, 1238.0], [4298.25, 21343.0], [4298.0, 10240.0], [4296.25, 1331.0], [4295.5, 20.0], [4292.25, 1380.0], [4292.0, 4958.0], [4291.75, 19809.0], [4290.5, 19814.0], [4290.25, 1319.0], [4290.0, 90.0]], "asks": [[4303.25, 5000.0], [4303.75, 6313.0], [4304.0, 22293.0], [4304.25, 2768.0], [4304.5, 9909.0], [4304.75, 8426.0], [4305.0, 1319.0], [4305.25, 2453.0], [4305.5, 8578.0], [4305.75, 1332.0], [4306.0, 30.0], [4306.25, 403.0], [4306.5, 7344.0], [4306.75, 20400.0], [4307.0, 1332.0], [4307.25, 403.0], [4307.5, 1343.0], [4308.75, 1365.0], [4309.25, 11324.0], [4313.75, 1331.0]]}}}
{"jsonrpc": "2.0", "method": "subscription", "params": {"channel": "book.ETH-15AUG25.none.20.100ms", "data": {"timestamp": 1754926219758, "change_id": 80814381693, "instrument_name": "ETH-15AUG25", "bids": [[4292.5, 1660.0], [4292.25, 11549.0], [4292.0, 30000.0], [4291.75, 1142.0], [4291.25, 1500.0], [4291.0, 1156.0], [4290.25, 1156.0], [4290.0, 9734.0], [4289.5, 1156.0], [4289.25, 10083.0], [4289.0, 1165.0], [4288.5, 1142.0], [4288.0, 4000.0], [4287.25, 1152.0], [4286.5, 20.0], [4284.5, 1152.0], [4284.25, 1238.0], [4284.0, 1157.0], [4283.5, 1162.0], [4283.0, 1152.0]], "asks": [[4292.75, 717.0], [4293.0, 1000.0], [4293.5, 1500.0], [4293.75, 3500.0], [4294.0, 1500.0], [4294.25, 1950.0], [4294.5, 1950.0], [4294.75, 2289.0], [4295.0, 6309.0], [4295.25, 12759.0], [4295.5, 1125.0], [4295.75, 1495.0], [4296.0, 5123.0], [4296.25, 337.0], [4296.5, 1123.0], [4296.75, 337.0], [4297.0, 1123.0], [4297.25, 337.0], [4297.5, 1123.0], [4297.75, 343.0]]}}}
{"jsonrpc": "2.0", "method": "subscription", "params": {"channel": "book.ETH-22AUG25.none.20.100ms", "data": {"timestamp": 1754926220078, "change_id": 80814382255, "instrument_name": "ETH-22AUG25", "bids": [[4302.0, 1406.0], [4301.75, 13030.0], [4300.75, 160.0], [4300.5, 2300.0], [4300.25, 3300.0], [4300.0, 11365.0], [4299.75, 2300.0], [4299.5, 1365.0], [4299.0, 1365.0], [4298.75, 1238.0], [4298.25, 21343.0], [4298.0, 10240.0], [4296.25, 1331.0], [4295.5, 20.0], [4292.25, 1380.0], [4292.0, 4958.0], [4291.75, 19809.0], [4290.5, 19814.0], [4290.25, 1319.0], [4290.0, 90.0]], "asks": [[4303.0, 1500.0], [4303.25, 5000.0], [4303.75, 6473.0], [4304.0, 32202.0], [4304.25, 8030.0], [4304.75, 396.0], [4305.0, 1319.0], [4305.25, 2453.0], [4305.5, 8578.0], [4305.75, 1332.0], [4306.0, 30.0], [4306.25, 403.0], [4306.5, 7344.0], [4306.75, 20400.0], [4307.0, 1332.0], [4307.25, 403.0], [4307.5, 1343.0], [4308.75, 1365.0], [4309.25, 11324.0], [4313.75, 1331.0]]}}}
{"jsonrpc": "2.0", "method": "subscription", "params": {"channel": "book.ETH-15AUG25.none.20.100ms", "data": {"timestamp": 1754926220090, "change_id": 80814382277, "instrument_name": "ETH-15AUG25", "bids": [[4292.25, 3501.0], [4292.0, 58125.0], [4291.75, 160.0], [4291.25, 1500.0], [4291.0, 1156.0], [4290.25, 1156.0], [4290.0, 9734.0], [4289.5, 1156.0], [4289.25, 10083.0], [4289.0, 1165.0], [4288.5, 1142.0], [4288.0, 4000.0], [4287.25, 1152.0], [4286.5, 20.0], [4284.5, 1152.0], [4284.25, 1238.0], [4284.0, 1157.0], [4283.5, 1162.0], [4283.0, 1152.0], [4282.75, 4953.0]], "asks": [[4293.0, 1000.0], [4293.5, 1500.0], [4293.75, 3950.0], [4294.0, 4144.0], [4294.25, 9450.0], [4294.5, 1950.0], [4294.75, 2449.0], [4295.0, 6309.0], [4295.25, 12599.0], [4295.5, 1125.0], [4295.75, 1495.0], [4296.0, 5123.0], [4296.25, 337.0], [4296.5, 1123.0], [4296.75, 337.0], [4297.0, 1123.0], [4297.25, 337.0], [4297.5, 1123.0], [4297.75, 343.0], [4298.0, 1142.0]]}}}
{"jsonrpc": "2.0", "method": "subscription", "params": {"channel": "book.ETH-22AUG25.none.20.100ms", "data": {"timestamp": 1754926220406, "change_id": 80814383301, "instrument_name": "ETH-22AUG25", "bids": [[4301.75, 1411.0], [4301.5, 7001.0], [4301.0, 5000.0], [4300.5, 2300.0], [4300.25, 3300.0], [4300.0, 10160.0], [4299.75, 2300.0], [4299.5, 1365.0], [4299.0, 1365.0], [4298.75, 1238.0], [4298.25, 21343.0], [4296.25, 1331.0], [4295.5, 20.0], [4294.5, 10261.0], [4292.25, 1380.0], [4292.0, 4958.0], [4291.75, 19809.0], [4290.5, 19814.0], [4290.25, 1319.0], [4290.0, 90.0]], "asks": [[4302.5, 1500.0], [4302.75, 6410.0], [4303.0, 4701.0], [4303.25, 160.0], [4303.75, 6313.0], [4304.0, 29793.0], [4304.75, 396.0], [4305.0, 1319.0], [4305.5, 400.0], [4305.75, 1332.0], [4306.0, 30.0], [4306.25, 403.0], [4306.5, 7344.0], [4306.75, 20400.0], [4307.0, 1332.0], [4307.25, 403.0], [4307.5, 1343.0], [4308.75, 1365.0], [4309.25, 11324.0], [4313.75, 1331.0]]}}}
{"jsonrpc": "2.0", "method": "subscription", "params": {"channel": "book.ETH-15AUG25.none.20.100ms", "data": {"timestamp": 1754926220306, "change_id": 80814382838, "instrument_name": "ETH-15AUG25", "bids": [[4292.25, 2001.0], [4292.0, 34924.0], [4291.25, 1500.0], [4291.0, 1316.0], [4290.25, 1156.0], [4290.0, 2234.0], [4289.5, 1156.0], [4289.0, 1165.0], [4288.5, 1142.0], [4288.0, 4000.0], [4287.25, 1152.0], [4286.75, 10044.0], [4286.5, 20.0], [4284.5, 1152.0], [4284.25, 1238.0], [4284.0, 1157.0], [4283.5, 1162.0], [4283.0, 1152.0], [4282.75, 4953.0], [4282.5, 26169.0]], "asks": [[4293.0, 1489.0], [4293.25, 4924.0], [4293.5, 2550.0], [4293.75, 3950.0], [4294.0, 4144.0], [4294.25, 9896.0], [4294.5, 3092.0], [4294.75, 2289.0], [4295.0, 6309.0], [4295.25, 12599.0], [4295.5, 1125.0], [4295.75, 1495.0], [4296.0, 5123.0], [4296.25, 337.0], [4296.5, 1123.0], [4296.75, 337.0], [4297.0, 1123.0], [4297.25, 337.0], [4297.5, 1123.0], [4297.75, 343.0]]}}}
{"jsonrpc": "2.0", "method": "subscription", "params": {"channel": "book.ETH-15AUG25.none.20.100ms", "data": {"timestamp": 1754926220744, "change_id": 80814384480, "instrument_name": "ETH-15AUG25", "bids": [[4292.25, 2001.0], [4292.0, 30000.0], [4291.5, 4924.0], [4291.25, 1500.0], [4290.25, 3316.0], [4289.5, 1156.0], [4289.0, 1165.0], [4288.5, 1142.0], [4288.0, 5142.0], [4287.5, 1115.0], [4287.25, 1152.0], [4286.75, 11186.0], [4286.5, 20.0], [4284.75, 25652.0], [4284.5, 1152.0], [4284.25, 1238.0], [4284.0, 1157.0], [4283.75, 25017.0], [4283.5, 1162.0], [4283.0, 1152.0]], "asks": [[4292.75, 4983.0], [4293.0, 15863.0], [4293.25, 1950.0], [4293.5, 1998.0], [4293.75, 2396.0], [4294.0, 3092.0], [4294.25, 2236.0], [4294.5, 3092.0], [4294.75, 2289.0], [4295.0, 6309.0], [4295.25, 12599.0], [4295.5, 1125.0], [4295.75, 1495.0], [4296.0, 5123.0], [4296.25, 7825.0], [4296.5, 26223.0], [4296.75, 337.0], [4297.0, 1123.0], [4297.25, 337.0], [4297.5, 1123.0]]}}}
{"jsonrpc": "2.0", "method": "subscription", "params": {"channel": "book.ETH-22AUG25.none.20.100ms", "data": {"timestamp": 1754926220746, "change_id": 80814384534, "instrument_name": "ETH-22AUG25", "bids": [[4301.25, 6140.0], [4301.0, 5000.0], [4300.5, 2300.0], [4300.25, 3300.0], [4300.0, 10000.0], [4299.25, 160.0], [4299.0, 1365.0], [4298.75, 1238.0], [4298.25, 21343.0], [4296.25, 1331.0], [4295.25, 1385.0], [4294.75, 7761.0], [4294.5, 10261.0], [4294.25, 1365.0], [4293.75, 1365.0], [4292.75, 18457.0], [4292.25, 1380.0], [4292.0, 11265.0], [4291.75, 1352.0], [4290.5, 19814.0]], "asks": [[4302.0, 1500.0], [4302.25, 5000.0], [4302.5, 3444.0], [4302.75, 13771.0], [4303.75, 6313.0], [4304.0, 22293.0], [4304.75, 396.0], [4305.0, 1319.0], [4305.5, 400.0], [4305.75, 3164.0], [4306.0, 6107.0], [4306.25, 403.0], [4306.5, 7344.0], [4306.75, 20400.0], [4307.0, 4389.0], [4307.25, 10189.0], [4308.75, 1365.0], [4309.25, 1370.0], [4311.0, 19297.0], [4313.75, 1331.0]]}}}
{"jsonrpc": "2.0", "method": "subscription", "params": {"channel": "book.ETH-15AUG25.none.20.100ms", "data": {"timestamp": 1754926221049, "change_id": 80814384981, "instrument_name": "ETH-15AUG25", "bids": [[4292.25, 2001.0], [4291.5, 4924.0], [4291.25, 1500.0], [4290.75, 160.0], [4290.25, 3156.0], [4289.0, 1165.0], [4288.75, 9977.0], [4288.5, 8642.0], [4288.0, 5142.0], [4287.25, 1152.0], [4287.0, 1115.0], [4286.75, 1142.0], [4286.5, 20.0], [4284.75, 25652.0], [4284.5, 1152.0], [4284.25, 1238.0], [4284.0, 1157.0], [4283.75, 25017.0], [4283.5, 1162.0], [4283.0, 1152.0]], "asks": [[4292.5, 9000.0], [4292.75, 3874.0], [4293.0, 7874.0], [4293.25, 2396.0], [4293.5, 3140.0], [4293.75, 2236.0], [4294.0, 3092.0], [4294.25, 2236.0], [4294.5, 3092.0], [4294.75, 1839.0], [4295.0, 4809.0], [4295.25, 12599.0], [4295.5, 1125.0], [4295.75, 1495.0], [4296.0, 5123.0], [4296.25, 7825.0], [4296.5, 26223.0], [4296.75, 337.0], [4297.0, 1123.0], [4297.25, 337.0]]}}}
{"jsonrpc": "2.0", "method": "subscription", "params": {"channel": "book.ETH-22AUG25.none.20.100ms", "data": {"timestamp": 1754926221051, "change_id": 80814384986, "instrument_name": "ETH-22AUG25", "bids": [[4301.25, 6140.0], [4301.0, 5000.0], [4300.5, 2300.0], [4300.25, 3300.0], [4299.75, 160.0], [4299.0, 11365.0], [4298.75, 1238.0], [4298.5, 12453.0], [4298.25, 1343.0], [4297.75, 1365.0], [4296.75, 21365.0], [4296.5, 10068.0], [4296.25, 1331.0], [4295.25, 1385.0], [4294.75, 7761.0], [4294.25, 1365.0], [4293.75, 1365.0], [4292.75, 18457.0], [4292.25, 1380.0], [4292.0, 5.0]], "asks": [[4302.0, 1548.0], [4302.25, 5160.0], [4302.5, 3444.0], [4302.75, 13611.0], [4303.75, 6313.0], [4304.0, 22293.0], [4304.75, 396.0], [4305.0, 1319.0], [4305.5, 400.0], [4305.75, 3164.0], [4306.0, 6107.0], [4306.25, 403.0], [4306.5, 7344.0], [4306.75, 20400.0], [4307.0, 1332.0], [4308.75, 1365.0], [4309.0, 10242.0], [4309.25, 1370.0], [4311.0, 19297.0], [4313.75, 1331.0]]}}}
{"jsonrpc": "2.0", "method": "subscription", "params": {"channel": "book.ETH-15AUG25.none.20.100ms", "data": {"timestamp": 1754926221319, "change_id": 80814385850, "instrument_name": "ETH-15AUG25", "bids": [[4291.5, 4924.0], [4291.25, 31500.0], [4291.0, 1000.0], [4290.75, 160.0], [4290.25, 3156.0], [4289.0, 1165.0], [4288.75, 9977.0], [4288.5, 8642.0], [4288.0, 5142.0], [4287.25, 1152.0], [4287.0, 1115.0], [4286.75, 1142.0], [4286.5, 20.0], [4284.5, 26804.0], [4284.25, 1238.0], [4284.0, 1157.0], [4283.5, 1162.0], [4283.0, 1152.0], [4282.75, 4953.0], [4282.5, 1152.0]], "asks": [[4292.0, 1000.0], [4292.25, 1500.0], [4292.5, 10774.0], [4292.75, 5874.0], [4293.0, 7874.0], [4293.25, 2396.0], [4293.5, 3140.0], [4293.75, 2236.0], [4294.0, 3092.0], [4294.25, 2236.0], [4294.5, 2642.0], [4294.75, 339.0], [4295.0, 4809.0], [4295.25, 12599.0], [4295.5, 1125.0], [4295.75, 1495.0], [4296.0, 5123.0], [4296.25, 7825.0], [4296.5, 26223.0], [4296.75, 337.0]]}}}
{"jsonrpc": "2.0", "method": "subscription", "params": {"channel": "book.ETH-22AUG25.none.20.100ms", "data": {"timestamp": 1754926221323, "change_id": 80814385861, "instrument_name": "ETH-22AUG25", "bids": [[4301.25, 4701.0], [4301.0, 5000.0], [4300.75, 690.0], [4300.5, 3048.0], [4300.25, 3300.0], [4299.75, 160.0], [4299.0, 11365.0], [4298.75, 1238.0], [4298.5, 4953.0], [4298.25, 1343.0], [4297.75, 8865.0], [4296.75, 21365.0], [4296.5, 10068.0], [4296.25, 1331.0], [4295.25, 1385.0], [4294.75, 7761.0], [4294.25, 1365.0], [4293.75, 1365.0], [4292.75, 18457.0], [4292.25, 1380.0]], "asks": [[4302.0, 3605.0], [4302.25, 12660.0], [4302.5, 1500.0], [4302.75, 4701.0], [4303.75, 6313.0], [4304.0, 22293.0], [4304.75, 396.0], [4305.0, 1319.0], [4305.5, 400.0], [4305.75, 3164.0], [4306.0, 6107.0], [4306.25, 403.0], [4306.5, 9680.0], [4306.75, 30685.0], [4307.0, 1332.0], [4308.75, 1365.0], [4309.25, 1370.0], [4311.0, 19297.0], [4313.75, 1331.0], [4314.75, 400.0]]}}}
{"jsonrpc": "2.0", "method": "subscription", "params": {"channel": "book.ETH-15AUG25.none.20.100ms", "data": {"timestamp": 1754926221677, "change_id": 80814386686, "instrument_name": "ETH-15AUG25", "bids": [[4291.5, 4924.0], [4291.25, 31500.0], [4291.0, 50347.0], [4290.75, 160.0], [4290.25, 3156.0], [4289.0, 1165.0], [4288.75, 9977.0], [4288.5, 8642.0], [4288.0, 5142.0], [4287.25, 1152.0], [4287.0, 1115.0], [4286.75, 1142.0], [4286.5, 20.0], [4284.5, 26804.0], [4284.25, 1238.0], [4284.0, 1157.0], [4283.5, 1162.0], [4283.0, 1152.0], [4282.75, 4953.0], [4282.5, 1152.0]], "asks": [[4292.0, 1697.0], [4292.25, 1500.0], [4292.5, 10050.0], [4292.75, 5874.0], [4293.0, 7874.0], [4293.25, 2396.0], [4293.5, 3140.0], [4293.75, 2236.0], [4294.0, 3092.0], [4294.25, 1950.0], [4294.5, 1142.0], [4294.75, 339.0], [4295.0, 4809.0], [4295.25, 12599.0], [4295.5, 1125.0], [4295.75, 1495.0], [4296.0, 5123.0], [4296.25, 7825.0], [4296.5, 26223.0], [4296.75, 337.0]]}}}
{"jsonrpc": "2.0", "method": "subscription", "params": {"channel": "book.ETH-22AUG25.none.20.100ms", "data": {"timestamp": 1754926221516, "change_id": 80814386290, "instrument_name": "ETH-22AUG25", "bids": [[4301.25, 4701.0], [4301.0, 5000.0], [4300.75, 690.0], [4300.5, 2600.0], [4300.25, 1448.0], [4300.0, 2200.0], [4299.75, 160.0], [4299.25, 2300.0], [4299.0, 11365.0], [4298.75, 1238.0], [4298.5, 4953.0], [4298.25, 8843.0], [4297.75, 1365.0], [4296.75, 21365.0], [4296.5, 10068.0], [4296.25, 1331.0], [4295.25, 1385.0], [4294.75, 7761.0], [4294.25, 1365.0], [4293.75, 1365.0]], "asks": [[4302.0, 3605.0], [4302.25, 12660.0], [4302.5, 1500.0], [4302.75, 4701.0], [4303.75, 6313.0], [4304.0, 22293.0], [4304.75, 396.0], [4305.0, 1319.0], [4305.5, 400.0], [4305.75, 3164.0], [4306.0, 6107.0], [4306.25, 403.0], [4306.5, 9680.0], [4306.75, 30685.0], [4307.0, 1332.0], [4308.75, 1365.0], [4309.25, 1370.0], [4311.0, 19297.0], [4313.75, 1331.0], [4314.75, 400.0]]}}}
{"jsonrpc": "2.0", "method": "subscription", "params": {"channel": "book.ETH-15AUG25.none.20.100ms", "data": {"timestamp": 1754926222057, "change_id": 80814388944, "instrument_name": "ETH-15AUG25", "bids": [[4290.25, 33971.0], [4290.0, 1000.0], [4289.5, 160.0], [4289.25, 2000.0], [4289.0, 1165.0], [4288.75, 9977.0], [4288.5, 1142.0], [4288.0, 1142.0], [4287.25, 1152.0], [4286.75, 1142.0], [4286.5, 4000.0], [4286.25, 1142.0], [4285.75, 20.0], [4284.5, 1152.0], [4284.25, 1238.0], [4284.0, 1157.0], [4283.5, 26814.0], [4283.0, 1152.0], [4282.75, 4953.0], [4282.5, 1152.0]], "asks": [[4291.5, 1500.0], [4291.75, 1500.0], [4292.0, 7071.0], [4292.25, 4200.0], [4292.5, 9470.0], [4292.75, 2318.0], [4293.0, 2871.0], [4293.25, 2103.0], [4293.5, 2957.0], [4293.75, 2257.0], [4294.0, 2957.0], [4294.25, 1843.0], [4294.5, 1142.0], [4294.75, 339.0], [4295.0, 4809.0], [4295.25, 12599.0], [4295.5, 1125.0], [4295.75, 1537.0], [4296.0, 5123.0], [4296.25, 7825.0]]}}}
{"jsonrpc": "2.0", "method": "subscription", "params": {"channel": "book.ETH-22AUG25.none.20.100ms", "data": {"timestamp": 1754926222051, "change_id": 80814388942, "instrument_name": "ETH-22AUG25", "bids": [[4299.75, 2300.0], [4299.5, 2300.0], [4299.25, 2300.0], [4299.0, 11000.0], [4298.75, 3538.0], [4298.5, 5113.0], [4298.25, 1343.0], [4297.75, 1365.0], [4297.5, 7500.0], [4297.25, 1365.0], [4296.75, 21365.0], [4296.5, 10068.0], [4296.25, 1331.0], [4295.25, 1385.0], [4294.75, 1365.0], [4294.25, 1365.0], [4293.75, 1365.0], [4293.25, 6396.0], [4292.25, 1380.0], [4292.0, 5.0]], "asks": [[4301.25, 2300.0], [4301.5, 2300.0], [4301.75, 12161.0], [4302.0, 2300.0], [4302.25, 7500.0], [4303.25, 10000.0], [4303.5, 1365.0], [4304.0, 12293.0], [4305.0, 1319.0], [4305.5, 20000.0], [4305.75, 1332.0], [4306.0, 6107.0], [4306.5, 1344.0], [4306.75, 10285.0], [4307.0, 1332.0], [4308.75, 1365.0], [4309.25, 1370.0], [4311.0, 19297.0], [4311.25, 1365.0], [4313.5, 40000.0]]}}}
{"jsonrpc": "2.0", "method": "subscription", "params": {"channel": "book.ETH-15AUG25.none.20.100ms", "data": {"timestamp": 1754926222372, "change_id": 80814389980, "instrument_name": "ETH-15AUG25", "bids": [[4291.0, 3501.0], [4290.75, 9550.0], [4290.25, 30000.0], [4290.0, 160.0], [4289.75, 31135.0], [4289.0, 1165.0], [4288.75, 9977.0], [4288.5, 1142.0], [4288.0, 1142.0], [4287.25, 8652.0], [4286.75, 1142.0], [4286.5, 4000.0], [4286.25, 1142.0], [4285.75, 20.0], [4284.5, 1152.0], [4284.25, 1238.0], [4284.0, 1157.0], [4283.5, 1162.0], [4283.25, 25652.0], [4283.0, 1152.0]], "asks": [[4291.75, 1500.0], [4292.0, 1000.0], [4292.25, 1500.0], [4292.5, 1500.0], [4292.75, 4785.0], [4293.0, 10921.0], [4293.25, 2252.0], [4293.5, 2957.0], [4293.75, 2257.0], [4294.0, 2957.0], [4294.25, 1843.0], [4294.5, 1142.0], [4294.75, 339.0], [4295.0, 4809.0], [4295.25, 12599.0], [4295.5, 1125.0], [4295.75, 1537.0], [4296.0, 5123.0], [4296.25, 7825.0], [4296.5, 26223.0]]}}}
{"jsonrpc": "2.0", "method": "subscription", "params": {"channel": "book.ETH-22AUG25.none.20.100ms", "data": {"timestamp": 1754926222272, "change_id": 80814389682, "instrument_name": "ETH-22AUG25", "bids": [[4300.25, 8032.0], [4300.0, 5000.0], [4299.75, 2300.0], [4299.5, 2300.0], [4299.25, 2300.0], [4299.0, 11160.0], [4298.75, 3538.0], [4298.25, 1343.0], [4297.75, 1365.0], [4297.5, 7500.0], [4297.25, 1365.0], [4296.75, 21365.0], [4296.5, 10068.0], [4296.25, 1331.0], [4295.25, 1385.0], [4294.75, 1365.0], [4294.5, 4953.0], [4294.25, 1365.0], [4293.75, 1365.0], [4293.0, 6396.0]], "asks": [[4301.25, 2300.0], [4301.5, 2300.0], [4301.75, 7460.0], [4302.0, 2300.0], [4302.25, 7500.0], [4303.0, 8032.0], [4303.25, 10000.0], [4303.5, 1365.0], [4303.75, 8176.0], [4304.0, 12293.0], [4305.0, 1319.0], [4305.5, 20000.0], [4305.75, 1332.0], [4306.0, 6107.0], [4306.5, 1344.0], [4306.75, 10285.0], [4307.0, 1332.0], [4308.75, 1365.0], [4309.25, 1370.0], [4311.0, 19297.0]]}}}
{"jsonrpc": "2.0", "method": "subscription", "params": {"channel": "book.ETH-22AUG25.none.20.100ms", "data": {"timestamp": 1754926222669, "change_id": 80814390779, "instrument_name": "ETH-22AUG25", "bids": [[4300.75, 690.0], [4300.5, 3046.0], [4300.25, 10232.0], [4300.0, 5160.0], [4299.75, 2300.0], [4299.25, 2300.0], [4299.0, 11000.0], [4298.75, 8738.0], [4298.25, 1343.0], [4297.75, 1365.0], [4297.25, 1365.0], [4296.75, 21365.0], [4296.5, 10068.0], [4296.25, 1331.0], [4295.25, 1365.0], [4294.75, 1385.0], [4294.5, 4953.0], [4294.25, 1365.0], [4293.75, 1365.0], [4293.0, 6396.0]], "asks": [[4301.25, 2300.0], [4301.5, 2300.0], [4301.75, 7460.0], [4302.0, 4550.0], [4302.25, 7500.0], [4302.5, 690.0], [4302.75, 5400.0], [4303.0, 13332.0], [4303.25, 10410.0], [4303.5, 3818.0], [4303.75, 11864.0], [4304.0, 12293.0], [4304.75, 396.0], [4305.0, 1319.0], [4305.25, 6000.0], [4305.5, 20400.0], [4305.75, 3164.0], [4306.0, 6107.0], [4306.25, 403.0], [4306.5, 4430.0]]}}}
{"jsonrpc": "2.0", "method": "subscription", "params": {"channel": "book.ETH-15AUG25.none.20.100ms", "data": {"timestamp": 1754926222691, "change_id": 80814390826, "instrument_name": "ETH-15AUG25", "bids": [[4291.25, 1200.0], [4291.0, 3661.0], [4290.75, 8050.0], [4290.25, 30000.0], [4289.75, 31135.0], [4289.0, 1165.0], [4288.75, 9977.0], [4288.5, 8642.0], [4288.0, 1142.0], [4287.25, 1152.0], [4286.75, 1142.0], [4286.5, 4000.0], [4286.25, 1142.0], [4286.0, 1115.0], [4285.75, 20.0], [4284.5, 1152.0], [4284.25, 1238.0], [4284.0, 1157.0], [4283.75, 25652.0], [4283.5, 1162.0]], "asks": [[4291.75, 1500.0], [4292.0, 1000.0], [4292.25, 7500.0], [4292.5, 1998.0], [4292.75, 4785.0], [4293.0, 10921.0], [4293.25, 2252.0], [4293.5, 2957.0], [4293.75, 2257.0], [4294.0, 2642.0], [4294.25, 343.0], [4294.5, 1142.0], [4294.75, 339.0], [4295.0, 4809.0], [4295.25, 12599.0], [4295.5, 1125.0], [4295.75, 1537.0], [4296.0, 5123.0], [4296.25, 7825.0], [4296.5, 26223.0]]}}}
{"jsonrpc": "2.0", "method": "subscription", "params": {"channel": "book.ETH-15AUG25.none.20.100ms", "data": {"timestamp": 1754926222894, "change_id": 80814391138, "instrument_name": "ETH-15AUG25", "bids": [[4291.25, 1200.0], [4291.0, 3661.0], [4290.75, 8050.0], [4290.25, 30000.0], [4289.75, 1142.0], [4289.0, 8665.0], [4288.75, 9977.0], [4288.5, 1142.0], [4288.0, 1142.0], [4287.25, 1152.0], [4286.75, 1142.0], [4286.5, 4000.0], [4286.25, 1142.0], [4286.0, 1115.0], [4285.75, 20.0], [4284.5, 1152.0], [4284.25, 1238.0], [4284.0, 1157.0], [4283.75, 25652.0], [4283.5, 1162.0]], "asks": [[4291.75, 2086.0], [4292.0, 1000.0], [4292.25, 7500.0], [4292.5, 1998.0], [4292.75, 4785.0], [4293.0, 10921.0], [4293.25, 2252.0], [4293.5, 2957.0], [4293.75, 2257.0], [4294.0, 2642.0], [4294.25, 343.0], [4294.5, 1142.0], [4294.75, 339.0], [4295.0, 4809.0], [4295.25, 12599.0], [4295.5, 1125.0], [4295.75, 1537.0], [4296.0, 5123.0], [4296.25, 7825.0], [4296.5, 26223.0]]}}}
{"jsonrpc": "2.0", "method": "subscription", "params": {"channel": "book.ETH-22AUG25.none.20.100ms", "data": {"timestamp": 1754926222872, "change_id": 80814391125, "instrument_name": "ETH-22AUG25", "bids": [[4300.75, 690.0], [4300.5, 3046.0], [4300.25, 10232.0], [4300.0, 5160.0], [4299.75, 2300.0], [4299.25, 2300.0], [4299.0, 11000.0], [4298.75, 8738.0], [4297.75, 1365.0], [4297.25, 1365.0], [4296.75, 21365.0], [4296.5, 10068.0], [4296.25, 1331.0], [4295.25, 1365.0], [4294.75, 1385.0], [4294.5, 4953.0], [4294.25, 1365.0], [4293.75, 1365.0], [4293.0, 6396.0], [4292.25, 1380.0]], "asks": [[4301.25, 2300.0], [4301.5, 2300.0], [4301.75, 8150.0], [4302.0, 4550.0], [4302.25, 7500.0], [4302.5, 690.0], [4302.75, 5400.0], [4303.0, 13332.0], [4303.25, 10410.0], [4303.5, 3818.0], [4303.75, 11864.0], [4304.0, 12293.0], [4304.75, 396.0], [4305.0, 1319.0], [4305.25, 6000.0], [4305.5, 20400.0], [4305.75, 3164.0], [4306.0, 6107.0], [4306.25, 403.0], [4306.5, 4430.0]]}}}
{"jsonrpc": "2.0", "method": "subscription", "params": {"channel": "book.ETH-15AUG25.none.20.100ms", "data": {"timestamp": 1754926223388, "change_id": 80814392375, "instrument_name": "ETH-15AUG25", "bids": [[4291.5, 90.0], [4291.25, 1200.0], [4291.0, 2001.0], [4290.5, 1500.0], [4290.25, 30160.0], [4290.0, 8050.0], [4289.75, 1142.0], [4289.5, 2000.0], [4288.5, 1142.0], [4288.0, 1142.0], [4287.5, 7500.0], [4287.25, 1152.0], [4286.75, 1142.0], [4286.5, 4000.0], [4286.25, 2257.0], [4286.0, 9936.0], [4285.75, 20.0], [4284.5, 1152.0], [4284.25, 1238.0], [4284.0, 1157.0]], "asks": [[4291.75, 3086.0], [4292.0, 5250.0], [4292.25, 10309.0], [4292.5, 10048.0], [4292.75, 2318.0], [4293.0, 2871.0], [4293.25, 2252.0], [4293.5, 2957.0], [4293.75, 2257.0], [4294.0, 2642.0], [4294.25, 343.0], [4294.5, 1142.0], [4294.75, 339.0], [4295.0, 4809.0], [4295.25, 12599.0], [4295.5, 1125.0], [4295.75, 1537.0], [4296.0, 5123.0], [4296.25, 7825.0], [4296.5, 26223.0]]}}}
{"jsonrpc": "2.0", "method": "subscription", "params": {"channel": "book.ETH-22AUG25.none.20.100ms", "data": {"timestamp": 1754926223387, "change_id": 80814392374, "instrument_name": "ETH-22AUG25", "bids": [[4300.5, 746.0], [4300.25, 2892.0], [4300.0, 5000.0], [4299.75, 10332.0], [4299.25, 2460.0], [4299.0, 11000.0], [4297.75, 1365.0], [4297.5, 7500.0], [4297.25, 1365.0], [4296.75, 21365.0], [4296.25, 1331.0], [4295.25, 1365.0], [4294.75, 1385.0], [4294.5, 4953.0], [4294.25, 1365.0], [4293.75, 11793.0], [4292.25, 1380.0], [4292.0, 5.0], [4291.75, 1352.0], [4291.25, 1365.0]], "asks": [[4301.25, 2990.0], [4301.5, 4538.0], [4301.75, 8150.0], [4302.0, 4550.0], [4302.25, 9910.0], [4302.5, 8722.0], [4302.75, 2990.0], [4303.0, 5300.0], [4303.25, 10410.0], [4303.5, 3818.0], [4303.75, 11864.0], [4304.0, 12293.0], [4304.75, 396.0], [4305.0, 1319.0], [4305.25, 6000.0], [4305.5, 20400.0], [4305.75, 3164.0], [4306.0, 6107.0], [4306.25, 403.0], [4306.5, 4430.0]]}}}
{"jsonrpc": "2.0", "method": "subscription", "params": {"channel": "book.ETH-15AUG25.none.20.100ms", "data": {"timestamp": 1754926223703, "change_id": 80814393479, "instrument_name": "ETH-15AUG25", "bids": [[4291.5, 90.0], [4291.25, 1200.0], [4291.0, 2001.0], [4290.5, 9710.0], [4290.25, 31000.0], [4289.75, 1142.0], [4289.5, 2000.0], [4289.25, 1142.0], [4288.75, 10396.0], [4288.5, 1142.0], [4288.0, 8642.0], [4287.25, 1152.0], [4286.75, 1142.0], [4286.5, 4000.0], [4286.25, 1142.0], [4286.0, 1115.0], [4285.5, 20.0], [4284.5, 1152.0], [4284.25, 1238.0], [4284.0, 1157.0]], "asks": [[4291.75, 3086.0], [4292.0, 4500.0], [4292.25, 11865.0], [4292.5, 10048.0], [4292.75, 2318.0], [4293.0, 2871.0], [4293.25, 2252.0], [4293.5, 2957.0], [4293.75, 2257.0], [4294.0, 2642.0], [4294.25, 343.0], [4294.5, 1142.0], [4294.75, 339.0], [4295.0, 4809.0], [4295.25, 12599.0], [4295.5, 1125.0], [4295.75, 1537.0], [4296.0, 5123.0], [4296.25, 7825.0], [4296.5, 26223.0]]}}}
