{"jsonrpc": "2.0", "method": "subscription", "params": {"channel": "book.ETH-13JUN25.none.20.100ms", "data": {"timestamp": 1749760376064, "change_id": 72412134415, "instrument_name": "ETH-13JUN25", "bids": [[2688.5, 840.0], [2688.25, 4162.0], [2688.0, 7881.0], [2687.75, 10235.0], [2687.5, 3960.0], [2687.0, 2800.0], [2686.5, 55500.0], [2685.75, 24520.0], [2685.25, 1730.0], [2684.5, 1748.0], [2683.75, 1788.0], [2683.25, 7552.0], [2683.0, 104882.0], [2682.75, 49717.0], [2681.75, 1735.0], [2681.25, 180000.0], [2680.75, 1758.0], [2680.5, 400.0], [2680.0, 14267.0], [2679.75, 1790.0]], "asks": [[2689.0, 7574.0], [2689.25, 11962.0], [2689.5, 8460.0], [2690.25, 2800.0], [2690.5, 17647.0], [2690.75, 2800.0], [2692.0, 7278.0], [2692.25, 24776.0], [2692.5, 1719.0], [2693.0, 18537.0], [2693.25, 1790.0], [2694.0, 259.0], [2694.25, 1741.0], [2694.5, 5.0], [2695.25, 90000.0], [2695.75, 1730.0], [2696.25, 42116.0], [2696.75, 48000.0], [2697.75, 25262.0], [2698.25, 1735.0]]}}}
{"jsonrpc": "2.0", "method": "subscription", "params": {"channel": "book.ETH-20JUN25.none.20.100ms", "data": {"timestamp": 1749760376088, "change_id": 72412134305, "instrument_name": "ETH-20JUN25", "bids": [[2690.0, 900.0], [2689.75, 1918.0], [2689.5, 8412.0], [2689.25, 7168.0], [2689.0, 160.0], [2688.0, 7500.0], [2687.5, 1468.0], [2687.25, 6677.0], [2687.0, 1468.0], [2686.75, 427.0], [2686.5, 1423.0], [2684.5, 445.0], [2684.25, 1484.0], [2683.75, 1438.0], [2682.75, 1484.0], [2682.5, 24455.0], [2682.25, 41482.0], [2682.0, 400.0], [2681.75, 1458.0], [2680.75, 15724.0]], "asks": [[2690.25, 900.0], [2690.5, 1946.0], [2690.75, 7827.0], [2691.0, 14668.0], [2691.25, 160.0], [2691.5, 900.0], [2691.75, 900.0], [2692.0, 6010.0], [2692.25, 17033.0], [2692.5, 1000.0], [2692.75, 1430.0], [2693.0, 440.0], [2693.25, 1468.0], [2694.25, 1423.0], [2694.5, 155.0], [2694.75, 1468.0], [2695.25, 6230.0], [2695.5, 1416.0], [2698.25, 1885.0], [2698.5, 18536.0]]}}}
{"jsonrpc": "2.0", "method": "subscription", "params": {"channel": "book.ETH-13JUN25.none.20.100ms", "data": {"timestamp": 1749760376502, "change_id": 72412134762, "instrument_name": "ETH-13JUN25", "bids": [[2688.5, 840.0], [2688.25, 13774.0], [2688.0, 40138.0], [2687.75, 10235.0], [2687.5, 3960.0], [2687.0, 2800.0], [2686.5, 55500.0], [2685.75, 24520.0], [2685.25, 1730.0], [2684.5, 1748.0], [2683.75, 1788.0], [2683.25, 7552.0], [2683.0, 104882.0], [2682.75, 49717.0], [2681.75, 1735.0], [2681.25, 180000.0], [2680.75, 1758.0], [2680.5, 400.0], [2680.0, 14267.0], [2679.75, 1790.0]], "asks": [[2689.0, 7574.0], [2689.25, 11962.0], [2689.5, 8460.0], [2690.25, 2800.0], [2690.5, 17647.0], [2690.75, 2800.0], [2692.0, 7278.0], [2692.25, 24776.0], [2692.5, 1719.0], [2693.0, 18537.0], [2693.25, 1790.0], [2694.0, 259.0], [2694.25, 1741.0], [2694.5, 5.0], [2695.25, 90000.0], [2695.75, 1730.0], [2696.25, 42116.0], [2696.75, 48000.0], [2697.75, 25262.0], [2698.25, 1735.0]]}}}
{"jsonrpc": "2.0", "method": "subscription", "params": {"channel": "book.ETH-20JUN25.none.20.100ms", "data": {"timestamp": 1749760376504, "change_id": 72412134765, "instrument_name": "ETH-20JUN25", "bids": [[2690.0, 900.0], [2689.75, 1918.0], [2689.5, 18133.0], [2689.25, 39441.0], [2688.0, 7500.0], [2687.5, 1468.0], [2687.25, 6677.0], [2687.0, 1468.0], [2686.75, 427.0], [2686.5, 1423.0], [2684.5, 445.0], [2684.25, 1484.0], [2683.75, 1438.0], [2682.75, 1484.0], [2682.5, 24455.0], [2682.25, 41482.0], [2682.0, 400.0], [2681.75, 1458.0], [2680.75, 15724.0], [2680.0, 20507.0]], "asks": [[2690.25, 900.0], [2690.5, 1946.0], [2690.75, 7827.0], [2691.0, 14668.0], [2691.25, 160.0], [2691.5, 900.0], [2691.75, 900.0], [2692.0, 6010.0], [2692.25, 17033.0], [2692.5, 1000.0], [2692.75, 1430.0], [2693.0, 440.0], [2693.25, 1468.0], [2694.25, 1423.0], [2694.5, 155.0], [2694.75, 1468.0], [2695.25, 6230.0], [2695.5, 1416.0], [2698.25, 1885.0], [2698.5, 18536.0]]}}}
{"jsonrpc": "2.0", "method": "subscription", "params": {"channel": "book.ETH-13JUN25.none.20.100ms", "data": {"timestamp": 1749760376814, "change_id": 72412134964, "instrument_name": "ETH-13JUN25", "bids": [[2688.5, 3640.0], [2688.25, 13774.0], [2688.0, 40138.0], [2687.75, 10235.0], [2687.5, 1160.0], [2686.75, 16650.0], [2686.5, 55500.0], [2685.75, 24520.0], [2685.25, 1730.0], [2684.5, 1748.0], [2683.75, 1788.0], [2683.25, 7552.0], [2683.0, 104882.0], [2682.75, 49717.0], [2681.75, 1735.0], [2681.25, 180000.0], [2680.75, 1758.0], [2680.5, 400.0], [2680.0, 14267.0], [2679.75, 1790.0]], "asks": [[2689.0, 7574.0], [2689.25, 11962.0], [2689.5, 7660.0], [2690.25, 7921.0], [2690.5, 17070.0], [2692.0, 7278.0], [2692.25, 24776.0], [2692.5, 1719.0], [2693.0, 18537.0], [2693.25, 1790.0], [2694.0, 259.0], [2694.25, 1741.0], [2694.5, 5.0], [2695.25, 90000.0], [2695.75, 1730.0], [2696.25, 42116.0], [2696.75, 48000.0], [2697.75, 25262.0], [2698.25, 1735.0], [2698.75, 50142.0]]}}}
{"jsonrpc": "2.0", "method": "subscription", "params": {"channel": "book.ETH-20JUN25.none.20.100ms", "data": {"timestamp": 1749760376831, "change_id": 72412134970, "instrument_name": "ETH-20JUN25", "bids": [[2690.0, 900.0], [2689.75, 2818.0], [2689.5, 18133.0], [2689.25, 39441.0], [2688.25, 2250.0], [2688.0, 7500.0], [2687.5, 1468.0], [2687.25, 6677.0], [2687.0, 1468.0], [2686.75, 427.0], [2686.5, 1423.0], [2684.5, 445.0], [2684.25, 1484.0], [2683.75, 1438.0], [2682.75, 1484.0], [2682.5, 24455.0], [2682.25, 41482.0], [2682.0, 400.0], [2681.75, 1458.0], [2680.75, 15724.0]], "asks": [[2690.25, 900.0], [2690.5, 1946.0], [2690.75, 7827.0], [2691.0, 14668.0], [2691.25, 160.0], [2691.75, 900.0], [2692.0, 6010.0], [2692.25, 17033.0], [2692.5, 1000.0], [2692.75, 1430.0], [2693.0, 440.0], [2693.25, 1468.0], [2694.25, 1423.0], [2694.5, 155.0], [2694.75, 1468.0], [2695.25, 6230.0], [2695.5, 1416.0], [2698.25, 1885.0], [2698.5, 18536.0], [2698.75, 40000.0]]}}}
{"jsonrpc": "2.0", "method": "subscription", "params": {"channel": "book.ETH-13JUN25.none.20.100ms", "data": {"timestamp": 1749760376887, "change_id": 72412135170, "instrument_name": "ETH-13JUN25", "bids": [[2688.5, 3640.0], [2688.25, 13774.0], [2688.0, 40138.0], [2687.75, 10235.0], [2687.5, 1160.0], [2686.75, 16650.0], [2686.5, 55500.0], [2685.75, 24520.0], [2685.25, 1730.0], [2684.5, 1748.0], [2683.75, 1788.0], [2683.25, 7552.0], [2683.0, 90263.0], [2682.75, 1717.0], [2682.25, 48000.0], [2681.75, 1735.0], [2681.25, 180000.0], [2680.75, 1758.0], [2680.5, 400.0], [2680.0, 14267.0]], "asks": [[2689.0, 7574.0], [2689.25, 11962.0], [2689.5, 7660.0], [2690.25, 7921.0], [2690.5, 17070.0], [2692.0, 7278.0], [2692.25, 24776.0], [2692.5, 1719.0], [2693.0, 18537.0], [2693.25, 1790.0], [2694.0, 259.0], [2694.25, 1741.0], [2694.5, 5.0], [2695.25, 90000.0], [2695.75, 1730.0], [2696.25, 42116.0], [2696.75, 48000.0], [2697.75, 25262.0], [2698.25, 1735.0], [2698.75, 50142.0]]}}}
{"jsonrpc": "2.0", "method": "subscription", "params": {"channel": "book.ETH-20JUN25.none.20.100ms", "data": {"timestamp": 1749760377170, "change_id": 72412135712, "instrument_name": "ETH-20JUN25", "bids": [[2690.0, 900.0], [2689.75, 2818.0], [2689.5, 18133.0], [2689.25, 39441.0], [2688.25, 2250.0], [2688.0, 7500.0], [2687.5, 1468.0], [2687.25, 6677.0], [2687.0, 1468.0], [2686.75, 427.0], [2686.5, 1423.0], [2684.5, 445.0], [2684.25, 1484.0], [2683.75, 1438.0], [2682.75, 1484.0], [2682.5, 24455.0], [2682.25, 41482.0], [2682.0, 400.0], [2681.75, 1458.0], [2680.75, 15724.0]], "asks": [[2690.25, 901.0], [2690.5, 1946.0], [2690.75, 7827.0], [2691.0, 14668.0], [2691.25, 160.0], [2691.75, 900.0], [2692.0, 6010.0], [2692.25, 17033.0], [2692.5, 1000.0], [2692.75, 1430.0], [2693.0, 440.0], [2693.25, 1468.0], [2694.25, 1423.0], [2694.5, 155.0], [2694.75, 1468.0], [2695.25, 6230.0], [2695.5, 1416.0], [2698.25, 1885.0], [2698.5, 18536.0], [2698.75, 40000.0]]}}}
{"jsonrpc": "2.0", "method": "subscription", "params": {"channel": "book.ETH-20JUN25.none.20.100ms", "data": {"timestamp": 1749760377477, "change_id": 72412136027, "instrument_name": "ETH-20JUN25", "bids": [[2690.0, 900.0], [2689.75, 2818.0], [2689.5, 18133.0], [2689.25, 39441.0], [2688.25, 2250.0], [2688.0, 7500.0], [2687.5, 1468.0], [2687.25, 6677.0], [2687.0, 1468.0], [2686.75, 427.0], [2686.5, 1423.0], [2684.5, 445.0], [2684.25, 1484.0], [2683.75, 1438.0], [2682.75, 1484.0], [2682.5, 24455.0], [2682.25, 41482.0], [2682.0, 400.0], [2681.75, 1458.0], [2680.75, 15724.0]], "asks": [[2690.25, 900.0], [2690.5, 1946.0], [2690.75, 7827.0], [2691.0, 14668.0], [2691.25, 160.0], [2691.75, 900.0], [2692.0, 6010.0], [2692.25, 17033.0], [2692.5, 1000.0], [2692.75, 1430.0], [2693.0, 440.0], [2693.25, 1468.0], [2694.25, 1423.0], [2694.5, 155.0], [2694.75, 1468.0], [2695.25, 6230.0], [2695.5, 1416.0], [2698.25, 1885.0], [2698.5, 18536.0], [2698.75, 40000.0]]}}}
{"jsonrpc": "2.0", "method": "subscription", "params": {"channel": "book.ETH-13JUN25.none.20.100ms", "data": {"timestamp": 1749760377797, "change_id": 72412136918, "instrument_name": "ETH-13JUN25", "bids": [[2688.25, 4162.0], [2688.0, 5696.0], [2687.75, 4919.0], [2687.5, 7172.0], [2687.25, 840.0], [2687.0, 2800.0], [2686.75, 17810.0], [2686.5, 55500.0], [2686.0, 24520.0], [2684.5, 1748.0], [2684.0, 536.0], [2683.75, 1788.0], [2683.25, 7552.0], [2683.0, 90263.0], [2682.75, 1717.0], [2682.25, 48000.0], [2681.75, 1735.0], [2681.25, 180000.0], [2680.75, 1758.0], [2680.5, 400.0]], "asks": [[2688.75, 4267.0], [2689.0, 7734.0], [2689.25, 11962.0], [2689.5, 7500.0], [2689.75, 840.0], [2690.0, 2800.0], [2690.25, 7921.0], [2690.5, 17070.0], [2691.5, 516.0], [2691.75, 1719.0], [2692.0, 7278.0], [2692.25, 24776.0], [2692.5, 1719.0], [2693.0, 18537.0], [2693.25, 1790.0], [2694.0, 490.0], [2694.25, 1741.0], [2694.5, 5.0], [2695.25, 90000.0], [2695.75, 1730.0]]}}}
{"jsonrpc": "2.0", "method": "subscription", "params": {"channel": "book.ETH-20JUN25.none.20.100ms", "data": {"timestamp": 1749760377822, "change_id": 72412136937, "instrument_name": "ETH-20JUN25", "bids": [[2689.75, 1170.0], [2689.5, 2818.0], [2689.25, 6393.0], [2689.0, 2198.0], [2688.75, 7328.0], [2688.25, 2250.0], [2688.0, 7500.0], [2687.25, 2257.0], [2687.0, 7705.0], [2686.75, 427.0], [2686.5, 1423.0], [2684.5, 445.0], [2684.25, 1484.0], [2684.0, 431.0], [2683.75, 1438.0], [2682.75, 1484.0], [2682.5, 24455.0], [2682.25, 41482.0], [2682.0, 400.0], [2681.75, 1458.0]], "asks": [[2690.25, 4033.0], [2690.5, 11044.0], [2690.75, 3137.0], [2691.0, 7500.0], [2691.5, 270.0], [2691.75, 1170.0], [2692.0, 6010.0], [2692.25, 17333.0], [2692.5, 1429.0], [2692.75, 1430.0], [2693.0, 440.0], [2693.25, 1468.0], [2694.0, 206.0], [2694.25, 1423.0], [2694.5, 155.0], [2694.75, 1468.0], [2695.25, 6230.0], [2695.5, 1416.0], [2698.25, 1885.0], [2698.5, 18536.0]]}}}
{"jsonrpc": "2.0", "method": "subscription", "params": {"channel": "book.ETH-13JUN25.none.20.100ms", "data": {"timestamp": 1749760377986, "change_id": 72412137318, "instrument_name": "ETH-13JUN25", "bids": [[2688.25, 4162.0], [2688.0, 15304.0], [2687.75, 37172.0], [2687.5, 7172.0], [2687.25, 1000.0], [2687.0, 2800.0], [2686.75, 17650.0], [2686.5, 55500.0], [2686.0, 24520.0], [2684.5, 1748.0], [2684.0, 536.0], [2683.75, 1788.0], [2683.25, 7552.0], [2683.0, 90263.0], [2682.75, 1717.0], [2682.25, 48000.0], [2681.75, 1735.0], [2681.25, 180000.0], [2680.75, 1758.0], [2680.5, 400.0]], "asks": [[2688.75, 4267.0], [2689.0, 7734.0], [2689.25, 11962.0], [2689.5, 7500.0], [2689.75, 840.0], [2690.0, 2800.0], [2690.25, 7921.0], [2690.5, 17070.0], [2691.5, 516.0], [2691.75, 1719.0], [2692.0, 7278.0], [2692.25, 24776.0], [2692.5, 1719.0], [2693.0, 18537.0], [2693.25, 1790.0], [2694.0, 490.0], [2694.25, 1741.0], [2694.5, 5.0], [2695.25, 90000.0], [2695.75, 1730.0]]}}}
{"jsonrpc": "2.0", "method": "subscription", "params": {"channel": "book.ETH-20JUN25.none.20.100ms", "data": {"timestamp": 1749760378155, "change_id": 72412137872, "instrument_name": "ETH-20JUN25", "bids": [[2689.75, 900.0], [2689.5, 2818.0], [2689.25, 6553.0], [2689.0, 2198.0], [2688.75, 7168.0], [2688.25, 2250.0], [2688.0, 7500.0], [2687.25, 2257.0], [2687.0, 7705.0], [2686.75, 427.0], [2686.5, 1423.0], [2684.5, 445.0], [2684.25, 1484.0], [2684.0, 431.0], [2683.75, 1438.0], [2682.75, 1484.0], [2682.5, 24455.0], [2682.25, 41482.0], [2682.0, 400.0], [2681.75, 1458.0]], "asks": [[2690.0, 901.0], [2690.25, 4033.0], [2690.5, 11044.0], [2690.75, 3137.0], [2691.0, 7500.0], [2691.5, 270.0], [2691.75, 1170.0], [2692.0, 6010.0], [2692.25, 17333.0], [2692.5, 1429.0], [2692.75, 1430.0], [2693.0, 440.0], [2693.25, 1468.0], [2694.0, 206.0], [2694.25, 1423.0], [2694.5, 155.0], [2694.75, 1468.0], [2695.25, 6230.0], [2695.5, 1416.0], [2698.25, 1885.0]]}}}
{"jsonrpc": "2.0", "method": "subscription", "params": {"channel": "book.ETH-13JUN25.none.20.100ms", "data": {"timestamp": 1749760378414, "change_id": 72412138086, "instrument_name": "ETH-13JUN25", "bids": [[2688.25, 4162.0], [2688.0, 15304.0], [2687.75, 37172.0], [2687.5, 7172.0], [2687.25, 1000.0], [2687.0, 2800.0], [2686.75, 17650.0], [2686.5, 55500.0], [2686.0, 24520.0], [2684.5, 1748.0], [2684.0, 536.0], [2683.75, 1788.0], [2683.25, 7552.0], [2683.0, 90263.0], [2682.75, 1717.0], [2682.25, 48000.0], [2681.75, 1735.0], [2681.25, 180000.0], [2680.75, 1758.0], [2680.5, 400.0]], "asks": [[2688.75, 1467.0], [2689.0, 7734.0], [2689.25, 11962.0], [2689.5, 7500.0], [2689.75, 840.0], [2690.0, 2800.0], [2690.25, 7921.0], [2690.5, 17070.0], [2691.5, 516.0], [2691.75, 1719.0], [2692.0, 7278.0], [2692.25, 24776.0], [2692.5, 1719.0], [2693.0, 18537.0], [2693.25, 1790.0], [2694.0, 490.0], [2694.25, 1741.0], [2694.5, 5.0], [2695.25, 90000.0], [2695.75, 1730.0]]}}}
{"jsonrpc": "2.0", "method": "subscription", "params": {"channel": "book.ETH-20JUN25.none.20.100ms", "data": {"timestamp": 1749760378505, "change_id": 72412138296, "instrument_name": "ETH-20JUN25", "bids": [[2690.0, 900.0], [2689.75, 1170.0], [2689.5, 5932.0], [2689.25, 24742.0], [2688.25, 2250.0], [2688.0, 7500.0], [2687.25, 2257.0], [2687.0, 7705.0], [2686.75, 427.0], [2686.5, 1423.0], [2684.5, 445.0], [2684.25, 1484.0], [2684.0, 431.0], [2683.75, 1438.0], [2682.75, 1484.0], [2682.5, 24455.0], [2682.25, 41482.0], [2682.0, 400.0], [2681.75, 1458.0], [2680.75, 15724.0]], "asks": [[2690.25, 900.0], [2690.5, 900.0], [2690.75, 4301.0], [2691.0, 14668.0], [2691.5, 270.0], [2691.75, 1170.0], [2692.0, 6010.0], [2692.25, 17333.0], [2692.5, 1429.0], [2692.75, 1430.0], [2693.0, 440.0], [2693.25, 1468.0], [2694.0, 206.0], [2694.25, 1423.0], [2694.5, 155.0], [2694.75, 1468.0], [2695.25, 6230.0], [2695.5, 1416.0], [2698.25, 1885.0], [2698.5, 18536.0]]}}}
{"jsonrpc": "2.0", "method": "subscription", "params": {"channel": "book.ETH-13JUN25.none.20.100ms", "data": {"timestamp": 1749760378542, "change_id": 72412138657, "instrument_name": "ETH-13JUN25", "bids": [[2688.5, 3640.0], [2688.25, 6248.0], [2688.0, 22476.0], [2687.75, 34372.0], [2687.25, 1000.0], [2687.0, 2800.0], [2686.75, 17650.0], [2686.5, 55500.0], [2686.0, 24520.0], [2684.5, 1748.0], [2684.0, 536.0], [2683.75, 1788.0], [2683.25, 7552.0], [2683.0, 90263.0], [2682.75, 1717.0], [2682.25, 48000.0], [2681.75, 1735.0], [2681.25, 180000.0], [2680.75, 1758.0], [2680.5, 400.0]], "asks": [[2689.0, 7734.0], [2689.25, 11962.0], [2689.5, 7500.0], [2689.75, 840.0], [2690.0, 2800.0], [2690.25, 7921.0], [2690.5, 17070.0], [2691.25, 2800.0], [2691.5, 516.0], [2691.75, 1719.0], [2692.0, 7278.0], [2692.25, 24776.0], [2692.5, 1719.0], [2693.0, 18537.0], [2693.25, 1790.0], [2694.0, 490.0], [2694.25, 1741.0], [2694.5, 5.0], [2695.25, 90000.0], [2695.75, 1730.0]]}}}
{"jsonrpc": "2.0", "method": "subscription", "params": {"channel": "book.ETH-20JUN25.none.20.100ms", "data": {"timestamp": 1749760378809, "change_id": 72412138681, "instrument_name": "ETH-20JUN25", "bids": [[2690.0, 900.0], [2689.75, 1170.0], [2689.5, 5932.0], [2689.25, 24742.0], [2688.25, 2250.0], [2688.0, 7500.0], [2687.25, 2257.0], [2687.0, 7705.0], [2686.75, 427.0], [2686.5, 1423.0], [2684.5, 445.0], [2684.25, 1484.0], [2684.0, 431.0], [2683.75, 1438.0], [2682.75, 1484.0], [2682.5, 24455.0], [2682.25, 41482.0], [2682.0, 400.0], [2681.75, 1458.0], [2680.75, 15724.0]], "asks": [[2690.25, 900.0], [2690.5, 1758.0], [2690.75, 7901.0], [2691.0, 14668.0], [2691.5, 270.0], [2691.75, 1170.0], [2692.0, 6010.0], [2692.25, 17333.0], [2692.5, 1429.0], [2692.75, 1430.0], [2693.0, 440.0], [2693.25, 1468.0], [2694.0, 206.0], [2694.25, 1423.0], [2694.5, 155.0], [2694.75, 1468.0], [2695.25, 6230.0], [2695.5, 1416.0], [2698.25, 1885.0], [2698.5, 18536.0]]}}}
{"jsonrpc": "2.0", "method": "subscription", "params": {"channel": "book.ETH-13JUN25.none.20.100ms", "data": {"timestamp": 1749760379055, "change_id": 72412139218, "instrument_name": "ETH-13JUN25", "bids": [[2688.25, 6248.0], [2688.0, 22476.0], [2687.75, 34372.0], [2687.25, 1000.0], [2687.0, 3063.0], [2686.75, 17650.0], [2686.5, 55500.0], [2686.0, 24520.0], [2684.75, 524.0], [2684.5, 1748.0], [2684.0, 536.0], [2683.75, 1788.0], [2683.25, 34552.0], [2683.0, 90263.0], [2682.75, 1717.0], [2682.25, 48000.0], [2681.75, 1735.0], [2681.25, 180000.0], [2680.75, 1758.0], [2680.5, 400.0]], "asks": [[2688.75, 4315.0], [2689.0, 7734.0], [2689.25, 11962.0], [2689.5, 7500.0], [2689.75, 840.0], [2690.0, 3640.0], [2690.25, 7921.0], [2690.5, 17070.0], [2691.25, 2800.0], [2691.5, 516.0], [2691.75, 1719.0], [2692.0, 7278.0], [2692.25, 24776.0], [2692.5, 1719.0], [2692.75, 5400.0], [2693.0, 18537.0], [2693.25, 1790.0], [2694.0, 490.0], [2694.25, 1741.0], [2694.5, 5.0]]}}}
{"jsonrpc": "2.0", "method": "subscription", "params": {"channel": "book.ETH-20JUN25.none.20.100ms", "data": {"timestamp": 1749760379109, "change_id": 72412139438, "instrument_name": "ETH-20JUN25", "bids": [[2690.0, 900.0], [2689.75, 1170.0], [2689.5, 5932.0], [2689.25, 24742.0], [2688.25, 2250.0], [2688.0, 7500.0], [2687.25, 2257.0], [2687.0, 7705.0], [2686.75, 427.0], [2686.5, 1423.0], [2684.5, 445.0], [2684.25, 1484.0], [2684.0, 431.0], [2683.75, 1438.0], [2682.75, 1484.0], [2682.5, 24455.0], [2682.25, 41482.0], [2682.0, 400.0], [2681.75, 1458.0], [2680.75, 15724.0]], "asks": [[2690.25, 900.0], [2690.5, 1988.0], [2690.75, 7901.0], [2691.0, 14668.0], [2691.5, 270.0], [2691.75, 1170.0], [2692.0, 6010.0], [2692.25, 17333.0], [2692.5, 1429.0], [2692.75, 1430.0], [2693.0, 440.0], [2693.25, 1468.0], [2694.0, 206.0], [2694.25, 1423.0], [2694.5, 155.0], [2694.75, 1468.0], [2695.25, 6230.0], [2695.5, 1416.0], [2698.25, 1885.0], [2698.5, 18536.0]]}}}
{"jsonrpc": "2.0", "method": "subscription", "params": {"channel": "book.ETH-13JUN25.none.20.100ms", "data": {"timestamp": 1749760379495, "change_id": 72412140573, "instrument_name": "ETH-13JUN25", "bids": [[2687.5, 2200.0], [2687.25, 7595.0], [2687.0, 3063.0], [2686.75, 1263.0], [2686.5, 37500.0], [2685.5, 7093.0], [2685.25, 24520.0], [2684.75, 524.0], [2684.5, 1748.0], [2684.0, 536.0], [2683.75, 1788.0], [2683.25, 34552.0], [2683.0, 90263.0], [2682.75, 1717.0], [2682.25, 48000.0], [2681.75, 1735.0], [2681.25, 180000.0], [2680.75, 1758.0], [2680.5, 400.0], [2680.0, 14267.0]], "asks": [[2688.5, 7776.0], [2688.75, 13547.0], [2689.0, 11037.0], [2689.25, 2800.0], [2689.75, 840.0], [2690.0, 3640.0], [2690.25, 7921.0], [2690.5, 17070.0], [2691.0, 263.0], [2691.25, 2800.0], [2691.5, 516.0], [2691.75, 1719.0], [2692.0, 7278.0], [2692.25, 24776.0], [2692.5, 1719.0], [2692.75, 5400.0], [2693.0, 18537.0], [2693.25, 1790.0], [2694.0, 490.0], [2694.25, 1741.0]]}}}
{"jsonrpc": "2.0", "method": "subscription", "params": {"channel": "book.ETH-20JUN25.none.20.100ms", "data": {"timestamp": 1749760379488, "change_id": 72412140524, "instrument_name": "ETH-20JUN25", "bids": [[2689.5, 900.0], [2689.25, 2078.0], [2689.0, 8543.0], [2688.75, 7168.0], [2688.25, 2250.0], [2688.0, 7500.0], [2687.25, 440.0], [2687.0, 3339.0], [2686.75, 6664.0], [2686.5, 1423.0], [2684.5, 445.0], [2684.25, 1484.0], [2684.0, 431.0], [2683.75, 1438.0], [2682.75, 1484.0], [2682.5, 24455.0], [2682.25, 41482.0], [2682.0, 400.0], [2681.75, 1458.0], [2680.75, 15724.0]], "asks": [[2689.75, 900.0], [2690.0, 1170.0], [2690.25, 5981.0], [2690.5, 15886.0], [2690.75, 160.0], [2691.5, 270.0], [2691.75, 1437.0], [2692.0, 7010.0], [2692.25, 17033.0], [2692.5, 429.0], [2692.75, 1430.0], [2693.0, 440.0], [2693.25, 1468.0], [2694.25, 1423.0], [2694.5, 155.0], [2694.75, 1468.0], [2695.25, 6230.0], [2695.5, 1416.0], [2698.25, 1885.0], [2698.5, 18536.0]]}}}
{"jsonrpc": "2.0", "method": "subscription", "params": {"channel": "book.ETH-13JUN25.none.20.100ms", "data": {"timestamp": 1749760379555, "change_id": 72412141057, "instrument_name": "ETH-13JUN25", "bids": [[2688.0, 3640.0], [2687.75, 4188.0], [2687.5, 7089.0], [2687.25, 8139.0], [2687.0, 3063.0], [2686.75, 12217.0], [2686.5, 37500.0], [2685.75, 11837.0], [2685.5, 42520.0], [2684.75, 524.0], [2684.5, 1748.0], [2684.0, 536.0], [2683.75, 1788.0], [2683.5, 2266.0], [2683.25, 34552.0], [2683.0, 90482.0], [2682.75, 1717.0], [2682.5, 14400.0], [2682.25, 48000.0], [2682.0, 521.0]], "asks": [[2688.5, 7776.0], [2688.75, 12081.0], [2689.0, 8237.0], [2689.5, 840.0], [2689.75, 3640.0], [2690.0, 3640.0], [2690.25, 7921.0], [2690.5, 17070.0], [2691.0, 840.0], [2691.25, 2800.0], [2691.5, 516.0], [2691.75, 1719.0], [2692.0, 7278.0], [2692.25, 24776.0], [2692.5, 1719.0], [2692.75, 5400.0], [2693.0, 18537.0], [2693.25, 1790.0], [2694.0, 490.0], [2694.25, 1741.0]]}}}
{"jsonrpc": "2.0", "method": "subscription", "params": {"channel": "book.ETH-20JUN25.none.20.100ms", "data": {"timestamp": 1749760379811, "change_id": 72412141073, "instrument_name": "ETH-20JUN25", "bids": [[2689.5, 1218.0], [2689.25, 2978.0], [2689.0, 8543.0], [2688.75, 7168.0], [2688.25, 2250.0], [2688.0, 7500.0], [2687.25, 440.0], [2687.0, 3339.0], [2686.75, 6664.0], [2686.5, 1423.0], [2684.5, 445.0], [2684.25, 1484.0], [2684.0, 431.0], [2683.75, 1438.0], [2682.75, 1484.0], [2682.5, 24455.0], [2682.25, 41482.0], [2682.0, 400.0], [2681.75, 1458.0], [2680.75, 15724.0]], "asks": [[2690.0, 1170.0], [2690.25, 5981.0], [2690.5, 15886.0], [2690.75, 160.0], [2691.25, 270.0], [2691.5, 1170.0], [2691.75, 1437.0], [2692.0, 7010.0], [2692.25, 17033.0], [2692.5, 429.0], [2692.75, 1430.0], [2693.25, 1468.0], [2694.25, 1423.0], [2694.5, 155.0], [2694.75, 1468.0], [2695.25, 6230.0], [2695.5, 1416.0], [2698.25, 1885.0], [2698.5, 18536.0], [2698.75, 40000.0]]}}}
{"jsonrpc": "2.0", "method": "subscription", "params": {"channel": "book.ETH-13JUN25.none.20.100ms", "data": {"timestamp": 1749760380145, "change_id": 72412141946, "instrument_name": "ETH-13JUN25", "bids": [[2688.0, 5687.0], [2687.75, 11360.0], [2687.5, 5152.0], [2687.25, 967.0], [2687.0, 3063.0], [2686.75, 12217.0], [2686.5, 37500.0], [2685.75, 11837.0], [2685.5, 42520.0], [2684.75, 524.0], [2684.5, 1748.0], [2684.0, 536.0], [2683.75, 1788.0], [2683.5, 2266.0], [2683.25, 34552.0], [2683.0, 90482.0], [2682.75, 1717.0], [2682.5, 14400.0], [2682.25, 48000.0], [2682.0, 521.0]], "asks": [[2688.5, 2929.0], [2688.75, 4909.0], [2689.0, 9739.0], [2689.25, 7172.0], [2689.5, 840.0], [2689.75, 3640.0], [2690.0, 3640.0], [2690.25, 7921.0], [2690.5, 17070.0], [2691.0, 840.0], [2691.25, 2800.0], [2691.5, 516.0], [2691.75, 1719.0], [2692.0, 7278.0], [2692.25, 24776.0], [2692.5, 1719.0], [2692.75, 5400.0], [2693.0, 18537.0], [2693.25, 1790.0], [2694.0, 490.0]]}}}
{"jsonrpc": "2.0", "method": "subscription", "params": {"channel": "book.ETH-20JUN25.none.20.100ms", "data": {"timestamp": 1749760380144, "change_id": 72412141944, "instrument_name": "ETH-20JUN25", "bids": [[2689.75, 900.0], [2689.5, 1218.0], [2689.25, 2978.0], [2689.0, 17954.0], [2688.75, 39434.0], [2688.25, 2250.0], [2688.0, 7500.0], [2687.25, 440.0], [2687.0, 3339.0], [2686.75, 6664.0], [2686.5, 1423.0], [2684.5, 445.0], [2684.25, 1484.0], [2684.0, 431.0], [2683.75, 1438.0], [2682.75, 1484.0], [2682.5, 24455.0], [2682.25, 41482.0], [2682.0, 400.0], [2681.75, 1458.0]], "asks": [[2690.0, 900.0], [2690.25, 5981.0], [2690.5, 15886.0], [2690.75, 160.0], [2691.25, 270.0], [2691.5, 1170.0], [2691.75, 1437.0], [2692.0, 7010.0], [2692.25, 17033.0], [2692.5, 429.0], [2692.75, 1430.0], [2693.25, 1468.0], [2694.25, 1423.0], [2694.5, 155.0], [2694.75, 1468.0], [2695.25, 6230.0], [2695.5, 1416.0], [2698.25, 1885.0], [2698.5, 18536.0], [2698.75, 40000.0]]}}}
{"jsonrpc": "2.0", "method": "subscription", "params": {"channel": "book.ETH-13JUN25.none.20.100ms", "data": {"timestamp": 1749760380236, "change_id": 72412142067, "instrument_name": "ETH-13JUN25", "bids": [[2688.0, 5687.0], [2687.75, 11360.0], [2687.5, 5152.0], [2687.25, 967.0], [2687.0, 3063.0], [2686.75, 12217.0], [2686.5, 37500.0], [2685.75, 11837.0], [2685.5, 42520.0], [2684.75, 524.0], [2684.5, 1748.0], [2684.0, 536.0], [2683.75, 1788.0], [2683.5, 2266.0], [2683.25, 34552.0], [2683.0, 90482.0], [2682.75, 1717.0], [2682.5, 14400.0], [2682.25, 48000.0], [2682.0, 521.0]], "asks": [[2688.5, 2089.0], [2688.75, 4909.0], [2689.0, 9739.0], [2689.25, 7172.0], [2689.5, 840.0], [2689.75, 3640.0], [2690.0, 3640.0], [2690.25, 7921.0], [2690.5, 17070.0], [2691.0, 840.0], [2691.25, 2800.0], [2691.5, 516.0], [2691.75, 1719.0], [2692.0, 7278.0], [2692.25, 24776.0], [2692.5, 1719.0], [2692.75, 5400.0], [2693.0, 18537.0], [2693.25, 1790.0], [2694.0, 490.0]]}}}
{"jsonrpc": "2.0", "method": "subscription", "params": {"channel": "book.ETH-20JUN25.none.20.100ms", "data": {"timestamp": 1749760380480, "change_id": 72412142387, "instrument_name": "ETH-20JUN25", "bids": [[2689.75, 900.0], [2689.5, 1218.0], [2689.25, 2978.0], [2689.0, 17954.0], [2688.75, 39434.0], [2688.25, 2250.0], [2688.0, 7500.0], [2687.25, 440.0], [2687.0, 3339.0], [2686.75, 6664.0], [2686.5, 1423.0], [2684.5, 445.0], [2684.25, 1484.0], [2684.0, 431.0], [2683.75, 1438.0], [2682.75, 1484.0], [2682.5, 24455.0], [2682.25, 41482.0], [2682.0, 400.0], [2681.75, 1458.0]], "asks": [[2690.0, 900.0], [2690.25, 5981.0], [2690.5, 15886.0], [2690.75, 160.0], [2691.25, 270.0], [2691.5, 1170.0], [2691.75, 1437.0], [2692.0, 7010.0], [2692.25, 17450.0], [2692.5, 1430.0], [2693.0, 417.0], [2693.25, 1468.0], [2694.25, 1423.0], [2694.5, 155.0], [2694.75, 1468.0], [2695.25, 6230.0], [2695.5, 1416.0], [2698.25, 1885.0], [2698.5, 18536.0], [2698.75, 40000.0]]}}}
{"jsonrpc": "2.0", "method": "subscription", "params": {"channel": "book.ETH-13JUN25.none.20.100ms", "data": {"timestamp": 1749760380786, "change_id": 72412142685, "instrument_name": "ETH-13JUN25", "bids": [[2688.25, 3640.0], [2688.0, 5687.0], [2687.75, 20940.0], [2687.5, 37402.0], [2687.25, 967.0], [2687.0, 3063.0], [2686.75, 12217.0], [2686.5, 37500.0], [2686.0, 7356.0], [2685.75, 29264.0], [2685.5, 18000.0], [2684.75, 524.0], [2684.5, 1748.0], [2684.0, 536.0], [2683.75, 1788.0], [2683.5, 2266.0], [2683.25, 34552.0], [2683.0, 90482.0], [2682.75, 1717.0], [2682.5, 14400.0]], "asks": [[2688.75, 4909.0], [2689.0, 12539.0], [2689.25, 7172.0], [2689.5, 840.0], [2689.75, 3640.0], [2690.0, 3640.0], [2690.25, 7921.0], [2690.5, 17070.0], [2691.5, 516.0], [2691.75, 1719.0], [2692.0, 7278.0], [2692.25, 24776.0], [2692.5, 1719.0], [2692.75, 5400.0], [2693.0, 18537.0], [2693.25, 1790.0], [2694.0, 490.0], [2694.25, 1741.0], [2694.5, 5.0], [2695.25, 90000.0]]}}}
{"jsonrpc": "2.0", "method": "subscription", "params": {"channel": "book.ETH-20JUN25.none.20.100ms", "data": {"timestamp": 1749760380795, "change_id": 72412142693, "instrument_name": "ETH-20JUN25", "bids": [[2689.75, 900.0], [2689.5, 1218.0], [2689.25, 2978.0], [2689.0, 17954.0], [2688.75, 39434.0], [2688.25, 2250.0], [2688.0, 7500.0], [2687.25, 440.0], [2687.0, 3339.0], [2686.75, 6664.0], [2686.5, 1423.0], [2684.5, 445.0], [2684.25, 1484.0], [2684.0, 431.0], [2683.75, 1438.0], [2682.75, 1484.0], [2682.5, 24455.0], [2682.25, 41482.0], [2682.0, 400.0], [2681.75, 1458.0]], "asks": [[2690.0, 900.0], [2690.25, 4099.0], [2690.5, 8718.0], [2690.75, 160.0], [2691.0, 7168.0], [2691.25, 270.0], [2691.5, 1170.0], [2691.75, 1437.0], [2692.0, 7010.0], [2692.25, 17450.0], [2692.5, 1430.0], [2693.0, 417.0], [2693.25, 1468.0], [2694.25, 1423.0], [2694.5, 155.0], [2694.75, 1468.0], [2695.25, 6230.0], [2695.5, 1416.0], [2698.25, 1885.0], [2698.5, 18536.0]]}}}
{"jsonrpc": "2.0", "method": "subscription", "params": {"channel": "book.ETH-13JUN25.none.20.100ms", "data": {"timestamp": 1749760380915, "change_id": 72412142768, "instrument_name": "ETH-13JUN25", "bids": [[2688.25, 3640.0], [2688.0, 5687.0], [2687.75, 20940.0], [2687.5, 37402.0], [2687.25, 967.0], [2687.0, 3063.0], [2686.75, 12217.0], [2686.5, 37500.0], [2686.0, 7356.0], [2685.75, 29264.0], [2685.5, 18000.0], [2684.75, 524.0], [2684.5, 1748.0], [2684.0, 536.0], [2683.75, 1788.0], [2683.5, 2266.0], [2683.25, 34552.0], [2683.0, 90482.0], [2682.75, 1717.0], [2682.5, 14400.0]], "asks": [[2688.5, 4889.0], [2688.75, 4909.0], [2689.0, 12539.0], [2689.25, 7172.0], [2689.5, 840.0], [2689.75, 3640.0], [2690.0, 3640.0], [2690.25, 7921.0], [2690.5, 17070.0], [2691.5, 516.0], [2691.75, 1719.0], [2692.0, 7278.0], [2692.25, 24776.0], [2692.5, 1719.0], [2692.75, 5400.0], [2693.0, 18537.0], [2693.25, 1790.0], [2694.0, 490.0], [2694.25, 1741.0], [2694.5, 5.0]]}}}
{"jsonrpc": "2.0", "method": "subscription", "params": {"channel": "book.ETH-13JUN25.none.20.100ms", "data": {"timestamp": 1749760381430, "change_id": 72412143649, "instrument_name": "ETH-13JUN25", "bids": [[2688.0, 5687.0], [2687.75, 20940.0], [2687.5, 37402.0], [2687.25, 967.0], [2687.0, 3063.0], [2686.75, 12217.0], [2686.5, 37500.0], [2686.0, 7356.0], [2685.75, 29264.0], [2685.5, 18000.0], [2684.75, 524.0], [2684.5, 1748.0], [2684.0, 536.0], [2683.75, 1788.0], [2683.5, 2266.0], [2683.25, 34552.0], [2683.0, 90482.0], [2682.75, 1717.0], [2682.5, 14400.0], [2682.25, 48000.0]], "asks": [[2688.5, 4889.0], [2688.75, 4909.0], [2689.0, 12539.0], [2689.25, 7172.0], [2689.5, 840.0], [2689.75, 3640.0], [2690.0, 3640.0], [2690.25, 7921.0], [2690.5, 17070.0], [2691.5, 516.0], [2691.75, 1719.0], [2692.0, 7278.0], [2692.25, 24776.0], [2692.5, 1719.0], [2692.75, 5400.0], [2693.0, 18537.0], [2693.25, 1790.0], [2694.0, 490.0], [2694.25, 1741.0], [2694.5, 5.0]]}}}
{"jsonrpc": "2.0", "method": "subscription", "params": {"channel": "book.ETH-20JUN25.none.20.100ms", "data": {"timestamp": 1749760381481, "change_id": 72412143780, "instrument_name": "ETH-20JUN25", "bids": [[2689.75, 900.0], [2689.5, 1218.0], [2689.25, 2978.0], [2689.0, 17954.0], [2688.75, 39434.0], [2688.25, 2250.0], [2688.0, 7500.0], [2687.25, 440.0], [2687.0, 3339.0], [2686.75, 6664.0], [2686.5, 1423.0], [2684.5, 445.0], [2684.25, 1484.0], [2684.0, 431.0], [2683.75, 1438.0], [2682.75, 1484.0], [2682.5, 24455.0], [2682.25, 41482.0], [2682.0, 400.0], [2681.75, 1458.0]], "asks": [[2690.0, 900.0], [2690.25, 4099.0], [2690.5, 15886.0], [2690.75, 160.0], [2691.25, 270.0], [2691.5, 1170.0], [2691.75, 1437.0], [2692.0, 7010.0], [2692.25, 17450.0], [2692.5, 1430.0], [2693.0, 417.0], [2693.25, 1468.0], [2694.25, 1423.0], [2694.5, 155.0], [2694.75, 1468.0], [2695.25, 6230.0], [2695.5, 1416.0], [2698.25, 1885.0], [2698.5, 18536.0], [2698.75, 40000.0]]}}}
{"jsonrpc": "2.0", "method": "subscription", "params": {"channel": "book.ETH-13JUN25.none.20.100ms", "data": {"timestamp": 1749760381743, "change_id": 72412143988, "instrument_name": "ETH-13JUN25", "bids": [[2688.0, 5687.0], [2687.75, 20940.0], [2687.5, 37402.0], [2687.25, 967.0], [2687.0, 3063.0], [2686.75, 12217.0], [2686.5, 37500.0], [2686.0, 7356.0], [2685.75, 29264.0], [2685.5, 18000.0], [2684.75, 524.0], [2684.5, 1748.0], [2684.0, 536.0], [2683.75, 1788.0], [2683.5, 2266.0], [2683.25, 34552.0], [2683.0, 90482.0], [2682.75, 1717.0], [2682.5, 14400.0], [2682.25, 48000.0]], "asks": [[2688.5, 2089.0], [2688.75, 4909.0], [2689.0, 12539.0], [2689.25, 8012.0], [2689.5, 3640.0], [2689.75, 3640.0], [2690.0, 3640.0], [2690.25, 7921.0], [2690.5, 17070.0], [2691.5, 516.0], [2691.75, 1719.0], [2692.0, 7278.0], [2692.25, 24776.0], [2692.5, 1719.0], [2692.75, 5400.0], [2693.0, 18537.0], [2693.25, 1790.0], [2694.0, 490.0], [2694.25, 1741.0], [2694.5, 5.0]]}}}
{"jsonrpc": "2.0", "method": "subscription", "params": {"channel": "book.ETH-20JUN25.none.20.100ms", "data": {"timestamp": 1749760381695, "change_id": 72412143949, "instrument_name": "ETH-20JUN25", "bids": [[2689.75, 900.0], [2689.5, 3329.0], [2689.25, 10146.0], [2689.0, 17954.0], [2688.75, 32266.0], [2688.25, 2250.0], [2688.0, 7500.0], [2687.25, 440.0], [2687.0, 3339.0], [2686.75, 6664.0], [2686.5, 1423.0], [2684.5, 445.0], [2684.25, 1484.0], [2684.0, 431.0], [2683.75, 1438.0], [2682.75, 1484.0], [2682.5, 24455.0], [2682.25, 41482.0], [2682.0, 400.0], [2681.75, 1458.0]], "asks": [[2690.0, 900.0], [2690.25, 4099.0], [2690.5, 8718.0], [2690.75, 160.0], [2691.0, 7168.0], [2691.25, 270.0], [2691.5, 1170.0], [2691.75, 1437.0], [2692.0, 7010.0], [2692.25, 17450.0], [2692.5, 1430.0], [2693.0, 417.0], [2693.25, 1468.0], [2694.25, 1423.0], [2694.5, 155.0], [2694.75, 1468.0], [2695.25, 6230.0], [2695.5, 1416.0], [2698.25, 1885.0], [2698.5, 18536.0]]}}}
{"jsonrpc": "2.0", "method": "subscription", "params": {"channel": "book.ETH-20JUN25.none.20.100ms", "data": {"timestamp": 1749760382038, "change_id": 72412144415, "instrument_name": "ETH-20JUN25", "bids": [[2689.75, 900.0], [2689.5, 3329.0], [2689.25, 10146.0], [2689.0, 6393.0], [2688.25, 2250.0], [2688.0, 7500.0], [2687.25, 440.0], [2687.0, 3339.0], [2686.75, 6664.0], [2686.5, 1423.0], [2684.5, 445.0], [2684.25, 1484.0], [2684.0, 431.0], [2683.75, 1438.0], [2682.75, 1484.0], [2682.5, 24455.0], [2682.25, 41482.0], [2682.0, 400.0], [2681.75, 1458.0], [2680.75, 15724.0]], "asks": [[2690.0, 900.0], [2690.25, 4099.0], [2690.5, 8718.0], [2690.75, 2310.0], [2691.0, 7168.0], [2691.25, 270.0], [2691.5, 1170.0], [2691.75, 1437.0], [2692.0, 7010.0], [2692.25, 17450.0], [2692.5, 1430.0], [2693.25, 1468.0], [2694.25, 1423.0], [2694.5, 155.0], [2694.75, 1468.0], [2695.25, 6230.0], [2695.5, 1416.0], [2698.25, 1885.0], [2698.5, 18536.0], [2698.75, 40000.0]]}}}
{"jsonrpc": "2.0", "method": "subscription", "params": {"channel": "book.ETH-13JUN25.none.20.100ms", "data": {"timestamp": 1749760382466, "change_id": 72412145207, "instrument_name": "ETH-13JUN25", "bids": [[2688.0, 5687.0], [2687.75, 11360.0], [2687.5, 5152.0], [2687.25, 967.0], [2687.0, 3063.0], [2686.75, 12217.0], [2686.5, 37500.0], [2686.0, 7356.0], [2685.75, 29264.0], [2685.5, 18000.0], [2684.75, 524.0], [2684.5, 1748.0], [2684.0, 536.0], [2683.75, 1788.0], [2683.5, 2266.0], [2683.25, 34552.0], [2683.0, 90482.0], [2682.75, 1717.0], [2682.5, 14400.0], [2682.25, 48000.0]], "asks": [[2688.5, 2089.0], [2688.75, 4909.0], [2689.0, 12539.0], [2689.25, 8012.0], [2689.5, 3640.0], [2689.75, 3640.0], [2690.0, 3640.0], [2690.25, 7921.0], [2690.5, 17070.0], [2691.5, 516.0], [2691.75, 1719.0], [2692.0, 7278.0], [2692.25, 24776.0], [2692.5, 1719.0], [2692.75, 5400.0], [2693.0, 18537.0], [2693.25, 1790.0], [2694.0, 490.0], [2694.25, 1741.0], [2694.5, 5.0]]}}}
{"jsonrpc": "2.0", "method": "subscription", "params": {"channel": "book.ETH-20JUN25.none.20.100ms", "data": {"timestamp": 1749760382474, "change_id": 72412145220, "instrument_name": "ETH-20JUN25", "bids": [[2689.75, 900.0], [2689.5, 3329.0], [2689.25, 10146.0], [2689.0, 38661.0], [2688.25, 2250.0], [2688.0, 7500.0], [2687.25, 440.0], [2687.0, 3339.0], [2686.75, 6664.0], [2686.5, 1423.0], [2684.5, 445.0], [2684.25, 1484.0], [2684.0, 431.0], [2683.75, 1438.0], [2682.75, 1484.0], [2682.5, 24455.0], [2682.25, 41482.0], [2682.0, 400.0], [2681.75, 1458.0], [2680.75, 15724.0]], "asks": [[2690.0, 900.0], [2690.25, 4099.0], [2690.5, 8718.0], [2690.75, 2310.0], [2691.0, 7168.0], [2691.25, 270.0], [2691.5, 1170.0], [2691.75, 1437.0], [2692.0, 7010.0], [2692.25, 17450.0], [2692.5, 1430.0], [2693.25, 1468.0], [2694.25, 1423.0], [2694.5, 155.0], [2694.75, 1468.0], [2695.25, 6230.0], [2695.5, 1416.0], [2698.25, 1885.0], [2698.5, 18536.0], [2698.75, 40000.0]]}}}
{"jsonrpc": "2.0", "method": "subscription", "params": {"channel": "book.ETH-13JUN25.none.20.100ms", "data": {"timestamp": 1749760382802, "change_id": 72412146129, "instrument_name": "ETH-13JUN25", "bids": [[2688.5, 5687.0], [2688.25, 11334.0], [2688.0, 5729.0], [2687.75, 3427.0], [2687.5, 3655.0], [2687.25, 3767.0], [2687.0, 3063.0], [2686.75, 12217.0], [2686.5, 37500.0], [2686.0, 7356.0], [2685.75, 29264.0], [2685.5, 18000.0], [2684.75, 524.0], [2684.5, 1748.0], [2684.0, 536.0], [2683.75, 1788.0], [2683.5, 2266.0], [2683.25, 34552.0], [2683.0, 90482.0], [2682.75, 1717.0]], "asks": [[2689.0, 10460.0], [2689.25, 840.0], [2689.5, 5687.0], [2689.75, 10812.0], [2690.0, 3640.0], [2690.25, 7921.0], [2690.5, 17070.0], [2691.5, 516.0], [2691.75, 1719.0], [2692.0, 7278.0], [2692.25, 24776.0], [2692.5, 1719.0], [2692.75, 5400.0], [2693.0, 18537.0], [2693.25, 1790.0], [2694.0, 490.0], [2694.25, 1741.0], [2694.5, 5.0], [2695.25, 90000.0], [2695.75, 1730.0]]}}}
{"jsonrpc": "2.0", "method": "subscription", "params": {"channel": "book.ETH-20JUN25.none.20.100ms", "data": {"timestamp": 1749760382802, "change_id": 72412146135, "instrument_name": "ETH-20JUN25", "bids": [[2690.0, 1170.0], [2689.75, 1170.0], [2689.5, 3329.0], [2689.25, 19587.0], [2689.0, 38661.0], [2688.25, 2250.0], [2688.0, 7500.0], [2687.75, 429.0], [2687.5, 1430.0], [2687.25, 440.0], [2687.0, 3339.0], [2686.75, 6664.0], [2686.5, 1423.0], [2684.5, 445.0], [2684.25, 1484.0], [2684.0, 431.0], [2683.75, 1438.0], [2682.75, 1484.0], [2682.5, 24455.0], [2682.25, 41482.0]], "asks": [[2690.5, 8718.0], [2690.75, 160.0], [2691.25, 270.0], [2691.5, 8338.0], [2691.75, 1437.0], [2692.0, 7010.0], [2692.25, 17033.0], [2693.0, 440.0], [2693.25, 1468.0], [2694.25, 1423.0], [2694.5, 595.0], [2694.75, 1468.0], [2695.25, 6230.0], [2695.5, 1416.0], [2698.25, 1885.0], [2698.5, 18536.0], [2698.75, 40000.0], [2699.5, 1416.0], [2699.75, 5.0], [2702.0, 1449.0]]}}}
{"jsonrpc": "2.0", "method": "subscription", "params": {"channel": "book.ETH-13JUN25.none.20.100ms", "data": {"timestamp": 1749760383078, "change_id": 72412147634, "instrument_name": "ETH-13JUN25", "bids": [[2688.5, 7880.0], [2688.25, 9972.0], [2688.0, 3640.0], [2687.75, 3862.0], [2687.5, 4063.0], [2687.25, 3767.0], [2687.0, 2800.0], [2686.75, 11217.0], [2686.5, 41981.0], [2686.25, 42520.0], [2684.75, 524.0], [2684.5, 1748.0], [2684.0, 536.0], [2683.75, 1788.0], [2683.5, 2266.0], [2683.25, 34552.0], [2683.0, 90482.0], [2682.75, 1717.0], [2682.5, 14400.0], [2682.25, 48000.0]], "asks": [[2689.0, 7500.0], [2689.25, 840.0], [2689.5, 3640.0], [2689.75, 5847.0], [2690.0, 10812.0], [2690.25, 7921.0], [2690.5, 17070.0], [2691.5, 516.0], [2691.75, 1719.0], [2692.0, 7278.0], [2692.25, 24776.0], [2692.5, 1719.0], [2692.75, 5400.0], [2693.0, 18537.0], [2693.25, 1790.0], [2694.0, 490.0], [2694.25, 1741.0], [2694.5, 5.0], [2695.25, 90000.0], [2695.75, 1730.0]]}}}
{"jsonrpc": "2.0", "method": "subscription", "params": {"channel": "book.ETH-20JUN25.none.20.100ms", "data": {"timestamp": 1749760383092, "change_id": 72412147613, "instrument_name": "ETH-20JUN25", "bids": [[2690.0, 3287.0], [2689.75, 10222.0], [2689.5, 7611.0], [2689.25, 1060.0], [2688.25, 2250.0], [2688.0, 7500.0], [2687.75, 429.0], [2687.5, 1430.0], [2687.25, 6677.0], [2687.0, 1468.0], [2686.75, 427.0], [2686.5, 1423.0], [2684.5, 445.0], [2684.25, 1484.0], [2684.0, 431.0], [2683.75, 1438.0], [2682.75, 1484.0], [2682.5, 24455.0], [2682.25, 41482.0], [2682.0, 400.0]], "asks": [[2690.5, 7500.0], [2691.25, 2435.0], [2691.5, 8498.0], [2691.75, 1166.0], [2692.0, 6010.0], [2692.25, 17033.0], [2692.75, 1000.0], [2693.0, 440.0], [2693.25, 1468.0], [2694.25, 1423.0], [2694.5, 595.0], [2694.75, 1468.0], [2695.25, 6230.0], [2695.5, 1416.0], [2698.25, 1885.0], [2698.5, 18536.0], [2698.75, 40000.0], [2699.5, 1416.0], [2699.75, 5.0], [2702.0, 1449.0]]}}}
{"jsonrpc": "2.0", "method": "subscription", "params": {"channel": "book.ETH-13JUN25.none.20.100ms", "data": {"timestamp": 1749760383288, "change_id": 72412148589, "instrument_name": "ETH-13JUN25", "bids": [[2688.5, 7880.0], [2688.25, 10812.0], [2688.0, 3640.0], [2687.75, 3862.0], [2687.5, 4655.0], [2687.25, 5949.0], [2687.0, 10300.0], [2686.75, 11217.0], [2686.5, 42196.0], [2686.25, 42520.0], [2684.75, 524.0], [2684.5, 1748.0], [2684.0, 536.0], [2683.75, 1788.0], [2683.5, 2266.0], [2683.25, 34552.0], [2683.0, 90482.0], [2682.75, 1717.0], [2682.5, 14400.0], [2682.25, 48000.0]], "asks": [[2689.0, 9588.0], [2689.25, 1000.0], [2689.5, 10812.0], [2689.75, 3640.0], [2690.0, 3640.0], [2690.25, 7921.0], [2690.5, 17070.0], [2691.5, 516.0], [2691.75, 1719.0], [2692.0, 7278.0], [2692.25, 24776.0], [2692.5, 1719.0], [2692.75, 5400.0], [2693.0, 18537.0], [2693.25, 1790.0], [2694.0, 490.0], [2694.25, 1741.0], [2694.5, 5.0], [2695.25, 90000.0], [2695.75, 1730.0]]}}}
{"jsonrpc": "2.0", "method": "subscription", "params": {"channel": "book.ETH-20JUN25.none.20.100ms", "data": {"timestamp": 1749760383464, "change_id": 72412148582, "instrument_name": "ETH-20JUN25", "bids": [[2690.25, 900.0], [2690.0, 1170.0], [2689.75, 3054.0], [2689.5, 7611.0], [2689.25, 160.0], [2688.5, 7500.0], [2687.75, 429.0], [2687.5, 1430.0], [2687.25, 6677.0], [2687.0, 1468.0], [2686.75, 427.0], [2686.5, 1423.0], [2684.5, 445.0], [2684.25, 1484.0], [2684.0, 431.0], [2683.75, 1438.0], [2682.75, 1484.0], [2682.5, 24455.0], [2682.25, 41482.0], [2682.0, 400.0]], "asks": [[2690.5, 7500.0], [2691.25, 2435.0], [2691.5, 8498.0], [2691.75, 1166.0], [2692.0, 6010.0], [2692.25, 17033.0], [2692.75, 1000.0], [2693.0, 440.0], [2693.25, 1468.0], [2694.25, 1423.0], [2694.5, 595.0], [2694.75, 1468.0], [2695.25, 6230.0], [2695.5, 1416.0], [2698.25, 1885.0], [2698.5, 18536.0], [2698.75, 40000.0], [2699.5, 1416.0], [2699.75, 5.0], [2702.0, 1449.0]]}}}
{"jsonrpc": "2.0", "method": "subscription", "params": {"channel": "book.ETH-13JUN25.none.20.100ms", "data": {"timestamp": 1749760383721, "change_id": 72412148817, "instrument_name": "ETH-13JUN25", "bids": [[2688.5, 14663.0], [2688.25, 43071.0], [2688.0, 3640.0], [2687.75, 3862.0], [2687.5, 4655.0], [2687.25, 5949.0], [2687.0, 10300.0], [2686.75, 11217.0], [2686.5, 42196.0], [2686.25, 42520.0], [2684.75, 524.0], [2684.5, 1748.0], [2684.0, 536.0], [2683.75, 1788.0], [2683.5, 2266.0], [2683.25, 34552.0], [2683.0, 90482.0], [2682.75, 1717.0], [2682.5, 14400.0], [2682.25, 48000.0]], "asks": [[2689.0, 12388.0], [2689.25, 3047.0], [2689.5, 10812.0], [2689.75, 3640.0], [2690.0, 3640.0], [2690.25, 7921.0], [2690.5, 17070.0], [2691.0, 840.0], [2691.25, 2800.0], [2691.5, 516.0], [2691.75, 1719.0], [2692.0, 7278.0], [2692.25, 24776.0], [2692.5, 1719.0], [2692.75, 5400.0], [2693.0, 18537.0], [2693.25, 1790.0], [2694.0, 490.0], [2694.25, 1741.0], [2694.5, 5.0]]}}}
{"jsonrpc": "2.0", "method": "subscription", "params": {"channel": "book.ETH-20JUN25.none.20.100ms", "data": {"timestamp": 1749760383783, "change_id": 72412148859, "instrument_name": "ETH-20JUN25", "bids": [[2690.25, 900.0], [2690.0, 1170.0], [2689.75, 12501.0], [2689.5, 41727.0], [2689.25, 7328.0], [2688.5, 7500.0], [2687.75, 429.0], [2687.5, 1430.0], [2687.25, 6677.0], [2687.0, 1468.0], [2686.75, 427.0], [2686.5, 1423.0], [2684.5, 445.0], [2684.25, 1484.0], [2684.0, 431.0], [2683.75, 1438.0], [2682.75, 1484.0], [2682.5, 24455.0], [2682.25, 41482.0], [2682.0, 400.0]], "asks": [[2690.5, 7500.0], [2690.75, 2150.0], [2691.0, 7168.0], [2691.25, 270.0], [2691.5, 1330.0], [2691.75, 1166.0], [2692.0, 6010.0], [2692.25, 17033.0], [2692.75, 1000.0], [2693.0, 440.0], [2693.25, 1468.0], [2694.25, 1423.0], [2694.5, 595.0], [2694.75, 1468.0], [2695.25, 6230.0], [2695.5, 1416.0], [2698.25, 1885.0], [2698.5, 18536.0], [2698.75, 40000.0], [2699.5, 1416.0]]}}}
{"jsonrpc": "2.0", "method": "subscription", "params": {"channel": "book.ETH-20JUN25.none.20.100ms", "data": {"timestamp": 1749760384066, "change_id": 72412149474, "instrument_name": "ETH-20JUN25", "bids": [[2690.25, 900.0], [2690.0, 1170.0], [2689.75, 12501.0], [2689.5, 41727.0], [2689.25, 7328.0], [2688.75, 2250.0], [2688.5, 7500.0], [2687.75, 429.0], [2687.5, 1430.0], [2687.25, 6677.0], [2687.0, 1468.0], [2686.75, 427.0], [2686.5, 1423.0], [2684.5, 445.0], [2684.25, 1484.0], [2684.0, 431.0], [2683.75, 1438.0], [2682.75, 1484.0], [2682.5, 24455.0], [2682.25, 41482.0]], "asks": [[2690.5, 7500.0], [2690.75, 2150.0], [2691.0, 7328.0], [2691.25, 270.0], [2691.5, 1170.0], [2691.75, 1166.0], [2692.0, 6010.0], [2692.25, 17033.0], [2692.5, 300.0], [2692.75, 1000.0], [2693.0, 440.0], [2693.25, 1468.0], [2694.0, 427.0], [2694.25, 1423.0], [2694.5, 595.0], [2694.75, 1468.0], [2695.25, 6230.0], [2695.5, 1416.0], [2698.25, 1885.0], [2698.5, 18536.0]]}}}
{"jsonrpc": "2.0", "method": "subscription", "params": {"channel": "book.ETH-13JUN25.none.20.100ms", "data": {"timestamp": 1749760384364, "change_id": 72412149878, "instrument_name": "ETH-13JUN25", "bids": [[2688.5, 14663.0], [2688.25, 43071.0], [2688.0, 3640.0], [2687.75, 4022.0], [2687.5, 4655.0], [2687.25, 5789.0], [2687.0, 10300.0], [2686.75, 11217.0], [2686.5, 42196.0], [2686.25, 42520.0], [2684.75, 524.0], [2684.5, 1748.0], [2684.0, 536.0], [2683.75, 1788.0], [2683.5, 2266.0], [2683.25, 34552.0], [2683.0, 90482.0], [2682.75, 1717.0], [2682.5, 14400.0], [2682.25, 48000.0]], "asks": [[2689.0, 12388.0], [2689.25, 3047.0], [2689.5, 10812.0], [2689.75, 3640.0], [2690.0, 3640.0], [2690.25, 7921.0], [2690.5, 17070.0], [2691.0, 840.0], [2691.25, 2800.0], [2691.5, 516.0], [2691.75, 1719.0], [2692.0, 7278.0], [2692.25, 24776.0], [2692.5, 1719.0], [2692.75, 5400.0], [2693.0, 18537.0], [2693.25, 1790.0], [2694.0, 490.0], [2694.25, 1741.0], [2694.5, 5.0]]}}}
{"jsonrpc": "2.0", "method": "subscription", "params": {"channel": "book.ETH-20JUN25.none.20.100ms", "data": {"timestamp": 1749760384435, "change_id": 72412150013, "instrument_name": "ETH-20JUN25", "bids": [[2690.25, 900.0], [2690.0, 1170.0], [2689.75, 12501.0], [2689.5, 41727.0], [2689.25, 7328.0], [2688.75, 2250.0], [2688.5, 7500.0], [2687.75, 429.0], [2687.5, 1430.0], [2687.25, 6677.0], [2687.0, 1468.0], [2686.75, 427.0], [2686.5, 1423.0], [2684.5, 445.0], [2684.25, 1484.0], [2684.0, 431.0], [2683.75, 1438.0], [2682.75, 1484.0], [2682.5, 24455.0], [2682.25, 41482.0]], "asks": [[2690.5, 7500.0], [2690.75, 4850.0], [2691.0, 7328.0], [2691.25, 270.0], [2691.5, 1170.0], [2691.75, 1166.0], [2692.0, 6010.0], [2692.25, 17033.0], [2692.5, 300.0], [2692.75, 1000.0], [2693.0, 440.0], [2693.25, 1468.0], [2694.0, 427.0], [2694.25, 1423.0], [2694.5, 595.0], [2694.75, 1468.0], [2695.25, 6230.0], [2695.5, 1416.0], [2698.25, 1885.0], [2698.5, 18536.0]]}}}
{"jsonrpc": "2.0", "method": "subscription", "params": {"channel": "book.ETH-13JUN25.none.20.100ms", "data": {"timestamp": 1749760384710, "change_id": 72412150309, "instrument_name": "ETH-13JUN25", "bids": [[2688.5, 14663.0], [2688.25, 43071.0], [2688.0, 3640.0], [2687.75, 4022.0], [2687.5, 4655.0], [2687.25, 5789.0], [2687.0, 10300.0], [2686.75, 11217.0], [2686.5, 42196.0], [2686.25, 42520.0], [2684.75, 524.0], [2684.5, 1748.0], [2684.0, 536.0], [2683.75, 1788.0], [2683.5, 2266.0], [2683.25, 34552.0], [2683.0, 90482.0], [2682.75, 1717.0], [2682.5, 14400.0], [2682.25, 48000.0]], "asks": [[2689.0, 12388.0], [2689.25, 3047.0], [2689.5, 10812.0], [2689.75, 3640.0], [2690.0, 3640.0], [2690.25, 7921.0], [2690.5, 17910.0], [2690.75, 2800.0], [2691.0, 840.0], [2691.25, 2800.0], [2691.5, 516.0], [2691.75, 1719.0], [2692.0, 7278.0], [2692.25, 24776.0], [2692.5, 1719.0], [2692.75, 5400.0], [2693.0, 18537.0], [2693.25, 1790.0], [2694.0, 490.0], [2694.25, 1741.0]]}}}
{"jsonrpc": "2.0", "method": "subscription", "params": {"channel": "book.ETH-20JUN25.none.20.100ms", "data": {"timestamp": 1749760384765, "change_id": 72412150496, "instrument_name": "ETH-20JUN25", "bids": [[2690.25, 900.0], [2690.0, 1170.0], [2689.75, 12501.0], [2689.5, 41727.0], [2689.25, 7328.0], [2688.75, 2250.0], [2688.5, 7500.0], [2687.75, 429.0], [2687.5, 1430.0], [2687.25, 6677.0], [2687.0, 1468.0], [2686.75, 427.0], [2686.5, 1423.0], [2684.5, 445.0], [2684.25, 1484.0], [2684.0, 431.0], [2683.75, 1438.0], [2682.75, 1484.0], [2682.5, 24455.0], [2682.25, 41482.0]], "asks": [[2690.5, 7501.0], [2690.75, 4850.0], [2691.0, 7328.0], [2691.25, 270.0], [2691.5, 1170.0], [2691.75, 1166.0], [2692.0, 6010.0], [2692.25, 17033.0], [2692.5, 300.0], [2692.75, 1000.0], [2693.0, 440.0], [2693.25, 1468.0], [2694.0, 427.0], [2694.25, 1423.0], [2694.5, 595.0], [2694.75, 1468.0], [2695.25, 6230.0], [2695.5, 1416.0], [2698.25, 1885.0], [2698.5, 18536.0]]}}}
{"jsonrpc": "2.0", "method": "subscription", "params": {"channel": "book.ETH-13JUN25.none.20.100ms", "data": {"timestamp": 1749760385096, "change_id": 72412151405, "instrument_name": "ETH-13JUN25", "bids": [[2688.5, 7880.0], [2688.25, 10812.0], [2688.0, 3640.0], [2687.75, 4022.0], [2687.5, 4655.0], [2687.25, 5789.0], [2687.0, 10300.0], [2686.75, 11217.0], [2686.5, 42196.0], [2686.25, 42520.0], [2684.75, 524.0], [2684.5, 1748.0], [2684.0, 536.0], [2683.75, 1788.0], [2683.5, 2266.0], [2683.25, 34552.0], [2683.0, 90482.0], [2682.75, 1717.0], [2682.5, 14400.0], [2682.25, 48000.0]], "asks": [[2689.0, 9588.0], [2689.25, 3047.0], [2689.5, 10812.0], [2689.75, 3640.0], [2690.0, 3640.0], [2690.25, 7921.0], [2690.5, 17910.0], [2690.75, 2800.0], [2691.0, 840.0], [2691.25, 2800.0], [2691.5, 516.0], [2691.75, 1719.0], [2692.0, 7278.0], [2692.25, 24776.0], [2692.5, 1719.0], [2692.75, 5400.0], [2693.0, 18537.0], [2693.25, 1790.0], [2694.0, 490.0], [2694.25, 1741.0]]}}}
{"jsonrpc": "2.0", "method": "subscription", "params": {"channel": "book.ETH-20JUN25.none.20.100ms", "data": {"timestamp": 1749760385116, "change_id": 72412151447, "instrument_name": "ETH-20JUN25", "bids": [[2690.25, 900.0], [2690.0, 1170.0], [2689.75, 12501.0], [2689.5, 41727.0], [2689.25, 7328.0], [2688.75, 2250.0], [2688.5, 7500.0], [2687.75, 429.0], [2687.5, 3301.0], [2687.25, 6677.0], [2687.0, 1468.0], [2686.75, 427.0], [2686.5, 1423.0], [2684.5, 445.0], [2684.25, 1484.0], [2684.0, 431.0], [2683.75, 1438.0], [2682.75, 1484.0], [2682.5, 24455.0], [2682.25, 41482.0]], "asks": [[2690.5, 7500.0], [2690.75, 4850.0], [2691.0, 7328.0], [2691.25, 270.0], [2691.5, 1170.0], [2691.75, 1166.0], [2692.0, 6010.0], [2692.25, 17033.0], [2692.5, 300.0], [2692.75, 1000.0], [2693.0, 440.0], [2693.25, 1468.0], [2694.0, 427.0], [2694.25, 1423.0], [2694.5, 595.0], [2694.75, 1468.0], [2695.25, 6230.0], [2695.5, 1416.0], [2698.25, 1885.0], [2698.5, 18536.0]]}}}
{"jsonrpc": "2.0", "method": "subscription", "params": {"channel": "book.ETH-13JUN25.none.20.100ms", "data": {"timestamp": 1749760385265, "change_id": 72412151637, "instrument_name": "ETH-13JUN25", "bids": [[2688.5, 17183.0], [2688.25, 43071.0], [2688.0, 3640.0], [2687.75, 4022.0], [2687.5, 4655.0], [2687.25, 5789.0], [2687.0, 10300.0], [2686.75, 11217.0], [2686.5, 42196.0], [2686.25, 42520.0], [2684.75, 524.0], [2684.5, 1748.0], [2684.0, 536.0], [2683.75, 1788.0], [2683.5, 2266.0], [2683.25, 34552.0], [2683.0, 90482.0], [2682.75, 1717.0], [2682.5, 14400.0], [2682.25, 48000.0]], "asks": [[2689.0, 9588.0], [2689.25, 3047.0], [2689.5, 10812.0], [2689.75, 3640.0], [2690.0, 3640.0], [2690.25, 7921.0], [2690.5, 17910.0], [2690.75, 2800.0], [2691.0, 840.0], [2691.25, 2800.0], [2691.5, 516.0], [2691.75, 1719.0], [2692.0, 7278.0], [2692.25, 24776.0], [2692.5, 1719.0], [2692.75, 5400.0], [2693.0, 18537.0], [2693.25, 1790.0], [2694.0, 490.0], [2694.25, 1741.0]]}}}
{"jsonrpc": "2.0", "method": "subscription", "params": {"channel": "book.ETH-20JUN25.none.20.100ms", "data": {"timestamp": 1749760385381, "change_id": 72412151797, "instrument_name": "ETH-20JUN25", "bids": [[2690.25, 900.0], [2690.0, 1170.0], [2689.75, 12501.0], [2689.5, 41727.0], [2689.25, 7328.0], [2688.75, 2250.0], [2688.5, 7500.0], [2687.75, 429.0], [2687.5, 3301.0], [2687.25, 6677.0], [2687.0, 1468.0], [2686.75, 427.0], [2686.5, 1423.0], [2684.5, 445.0], [2684.25, 1484.0], [2684.0, 431.0], [2683.75, 1438.0], [2682.75, 1484.0], [2682.5, 24455.0], [2682.25, 41482.0]], "asks": [[2690.5, 7500.0], [2690.75, 4850.0], [2691.0, 7328.0], [2691.25, 270.0], [2691.5, 1170.0], [2691.75, 1166.0], [2692.0, 6010.0], [2692.25, 17033.0], [2692.5, 300.0], [2692.75, 1000.0], [2693.0, 440.0], [2693.25, 1468.0], [2694.0, 427.0], [2694.25, 1423.0], [2694.5, 595.0], [2694.75, 1468.0], [2695.25, 6230.0], [2695.5, 1416.0], [2698.25, 1885.0], [2698.5, 18536.0]]}}}
{"jsonrpc": "2.0", "method": "subscription", "params": {"channel": "book.ETH-13JUN25.none.20.100ms", "data": {"timestamp": 1749760385700, "change_id": 72412151992, "instrument_name": "ETH-13JUN25", "bids": [[2688.5, 7880.0], [2688.25, 10812.0], [2688.0, 3640.0], [2687.75, 4022.0], [2687.5, 4655.0], [2687.25, 5789.0], [2687.0, 11140.0], [2686.75, 14017.0], [2686.5, 42196.0], [2686.25, 42520.0], [2684.75, 524.0], [2684.5, 1748.0], [2684.0, 536.0], [2683.75, 1788.0], [2683.5, 2266.0], [2683.25, 34552.0], [2683.0, 90482.0], [2682.75, 1717.0], [2682.5, 14400.0], [2682.25, 48000.0]], "asks": [[2689.0, 9588.0], [2689.25, 3047.0], [2689.5, 10812.0], [2689.75, 3640.0], [2690.0, 3640.0], [2690.25, 7921.0], [2690.5, 17910.0], [2690.75, 2800.0], [2691.0, 840.0], [2691.25, 2800.0], [2691.5, 516.0], [2691.75, 1719.0], [2692.0, 7278.0], [2692.25, 24776.0], [2692.5, 1719.0], [2692.75, 5400.0], [2693.0, 18537.0], [2693.25, 1790.0], [2694.0, 490.0], [2694.25, 1741.0]]}}}
{"jsonrpc": "2.0", "method": "subscription", "params": {"channel": "book.ETH-20JUN25.none.20.100ms", "data": {"timestamp": 1749760385694, "change_id": 72412151984, "instrument_name": "ETH-20JUN25", "bids": [[2690.25, 900.0], [2690.0, 3287.0], [2689.75, 19669.0], [2689.5, 39886.0], [2689.25, 160.0], [2688.75, 2250.0], [2688.5, 7500.0], [2687.75, 429.0], [2687.5, 3301.0], [2687.25, 6677.0], [2687.0, 1468.0], [2686.75, 427.0], [2686.5, 1423.0], [2684.5, 445.0], [2684.25, 1484.0], [2684.0, 431.0], [2683.75, 1438.0], [2682.75, 1484.0], [2682.5, 24455.0], [2682.25, 41482.0]], "asks": [[2690.5, 7500.0], [2690.75, 2700.0], [2691.0, 160.0], [2691.25, 2387.0], [2691.5, 8338.0], [2691.75, 1166.0], [2692.0, 6010.0], [2692.25, 17033.0], [2692.5, 300.0], [2692.75, 1000.0], [2693.0, 440.0], [2693.25, 1468.0], [2694.0, 427.0], [2694.25, 1423.0], [2694.5, 595.0], [2694.75, 1468.0], [2695.25, 6230.0], [2695.5, 1416.0], [2698.25, 1885.0], [2698.5, 18536.0]]}}}
{"jsonrpc": "2.0", "method": "subscription", "params": {"channel": "book.ETH-13JUN25.none.20.100ms", "data": {"timestamp": 1749760386071, "change_id": 72412153252, "instrument_name": "ETH-13JUN25", "bids": [[2688.75, 2267.0], [2688.5, 17183.0], [2688.25, 43071.0], [2688.0, 3640.0], [2687.75, 4022.0], [2687.5, 4655.0], [2687.25, 5789.0], [2687.0, 11140.0], [2686.75, 14017.0], [2686.5, 42196.0], [2686.25, 42520.0], [2684.75, 524.0], [2684.5, 1748.0], [2684.0, 536.0], [2683.75, 1788.0], [2683.5, 2266.0], [2683.25, 34552.0], [2683.0, 90482.0], [2682.75, 1717.0], [2682.5, 14400.0]], "asks": [[2689.25, 1000.0], [2689.5, 5785.0], [2689.75, 13187.0], [2690.0, 10812.0], [2690.25, 7921.0], [2690.5, 17910.0], [2690.75, 2800.0], [2691.0, 840.0], [2691.25, 2800.0], [2692.0, 7278.0], [2692.25, 24776.0], [2692.5, 1719.0], [2692.75, 5400.0], [2693.0, 18537.0], [2693.25, 1790.0], [2694.0, 490.0], [2694.25, 1741.0], [2694.5, 5.0], [2695.25, 90000.0], [2695.75, 1730.0]]}}}
{"jsonrpc": "2.0", "method": "subscription", "params": {"channel": "book.ETH-20JUN25.none.20.100ms", "data": {"timestamp": 1749760386083, "change_id": 72412153281, "instrument_name": "ETH-20JUN25", "bids": [[2690.5, 1170.0], [2690.25, 1170.0], [2690.0, 3287.0], [2689.75, 19669.0], [2689.5, 38986.0], [2689.25, 160.0], [2688.75, 2250.0], [2688.5, 7500.0], [2688.25, 430.0], [2688.0, 1434.0], [2687.75, 429.0], [2687.5, 3301.0], [2687.25, 6677.0], [2687.0, 1468.0], [2686.75, 427.0], [2686.5, 1423.0], [2684.5, 445.0], [2684.25, 1484.0], [2684.0, 431.0], [2683.75, 1438.0]], "asks": [[2691.0, 4950.0], [2691.25, 9887.0], [2691.5, 8338.0], [2691.75, 1326.0], [2692.0, 6010.0], [2692.25, 17033.0], [2692.5, 300.0], [2692.75, 1000.0], [2693.5, 430.0], [2693.75, 1434.0], [2694.0, 427.0], [2694.25, 1423.0], [2694.5, 595.0], [2694.75, 1468.0], [2695.25, 6230.0], [2695.5, 1416.0], [2698.25, 1885.0], [2698.5, 18536.0], [2698.75, 40000.0], [2699.5, 1416.0]]}}}
{"jsonrpc": "2.0", "method": "subscription", "params": {"channel": "book.ETH-13JUN25.none.20.100ms", "data": {"timestamp": 1749760386169, "change_id": 72412153646, "instrument_name": "ETH-13JUN25", "bids": [[2688.75, 1063.0], [2688.5, 17183.0], [2688.25, 43071.0], [2688.0, 3640.0], [2687.75, 4022.0], [2687.5, 4655.0], [2687.25, 5789.0], [2687.0, 11140.0], [2686.75, 14017.0], [2686.5, 59001.0], [2686.25, 18000.0], [2684.75, 524.0], [2684.5, 1748.0], [2684.0, 536.0], [2683.75, 1788.0], [2683.5, 2266.0], [2683.25, 34552.0], [2683.0, 90482.0], [2682.75, 1717.0], [2682.5, 14400.0]], "asks": [[2689.0, 2088.0], [2689.25, 1000.0], [2689.5, 5785.0], [2689.75, 13187.0], [2690.0, 10812.0], [2690.25, 7921.0], [2690.5, 17910.0], [2690.75, 2800.0], [2691.0, 840.0], [2691.25, 2800.0], [2692.0, 7278.0], [2692.25, 24776.0], [2692.5, 1719.0], [2692.75, 5400.0], [2693.0, 18537.0], [2693.25, 1790.0], [2694.0, 490.0], [2694.25, 1741.0], [2694.5, 5.0], [2695.25, 90000.0]]}}}
{"jsonrpc": "2.0", "method": "subscription", "params": {"channel": "book.ETH-20JUN25.none.20.100ms", "data": {"timestamp": 1749760386421, "change_id": 72412153907, "instrument_name": "ETH-20JUN25", "bids": [[2690.5, 900.0], [2690.25, 1170.0], [2690.0, 4940.0], [2689.75, 26062.0], [2689.5, 32593.0], [2689.25, 160.0], [2688.75, 2250.0], [2688.5, 7500.0], [2688.25, 430.0], [2688.0, 1434.0], [2687.75, 2246.0], [2687.5, 7667.0], [2687.25, 440.0], [2687.0, 1468.0], [2686.75, 427.0], [2686.5, 1423.0], [2684.5, 445.0], [2684.25, 1484.0], [2684.0, 431.0], [2683.75, 1438.0]], "asks": [[2690.75, 901.0], [2691.0, 4950.0], [2691.25, 10047.0], [2691.5, 8338.0], [2691.75, 266.0], [2692.0, 6010.0], [2692.25, 17033.0], [2692.5, 300.0], [2692.75, 1000.0], [2693.0, 430.0], [2693.25, 1434.0], [2693.5, 430.0], [2693.75, 1434.0], [2694.0, 427.0], [2694.25, 1423.0], [2694.5, 595.0], [2694.75, 1468.0], [2695.25, 6230.0], [2695.5, 1416.0], [2698.25, 1885.0]]}}}
{"jsonrpc": "2.0", "method": "subscription", "params": {"channel": "book.ETH-13JUN25.none.20.100ms", "data": {"timestamp": 1749760386703, "change_id": 72412154129, "instrument_name": "ETH-13JUN25", "bids": [[2688.75, 1063.0], [2688.5, 17183.0], [2688.25, 43071.0], [2688.0, 3640.0], [2687.75, 4022.0], [2687.5, 4655.0], [2687.25, 5789.0], [2687.0, 11140.0], [2686.75, 14017.0], [2686.5, 59001.0], [2686.25, 18000.0], [2684.75, 524.0], [2684.5, 1748.0], [2684.0, 536.0], [2683.75, 1788.0], [2683.5, 2266.0], [2683.25, 34552.0], [2683.0, 90482.0], [2682.75, 1717.0], [2682.5, 14400.0]], "asks": [[2689.0, 4888.0], [2689.25, 1000.0], [2689.5, 5785.0], [2689.75, 13187.0], [2690.0, 10812.0], [2690.25, 7921.0], [2690.5, 17070.0], [2692.0, 7278.0], [2692.25, 24776.0], [2692.5, 1719.0], [2692.75, 5400.0], [2693.0, 18537.0], [2693.25, 1790.0], [2694.0, 490.0], [2694.25, 1741.0], [2694.5, 5.0], [2695.25, 90000.0], [2695.75, 1730.0], [2696.25, 42116.0], [2696.75, 48000.0]]}}}
{"jsonrpc": "2.0", "method": "subscription", "params": {"channel": "book.ETH-20JUN25.none.20.100ms", "data": {"timestamp": 1749760386719, "change_id": 72412154134, "instrument_name": "ETH-20JUN25", "bids": [[2690.5, 900.0], [2690.25, 1170.0], [2690.0, 4940.0], [2689.75, 26062.0], [2689.5, 32593.0], [2689.25, 160.0], [2688.75, 2250.0], [2688.5, 7500.0], [2688.25, 430.0], [2688.0, 1434.0], [2687.75, 2246.0], [2687.5, 7667.0], [2687.25, 440.0], [2687.0, 1468.0], [2686.75, 427.0], [2686.5, 1423.0], [2684.5, 445.0], [2684.25, 1484.0], [2684.0, 431.0], [2683.75, 1438.0]], "asks": [[2690.75, 901.0], [2691.0, 5850.0], [2691.25, 10047.0], [2691.5, 8338.0], [2691.75, 266.0], [2692.0, 6010.0], [2692.25, 17033.0], [2692.5, 300.0], [2692.75, 1000.0], [2693.0, 430.0], [2693.25, 1434.0], [2693.5, 430.0], [2693.75, 1434.0], [2694.0, 427.0], [2694.25, 1423.0], [2694.5, 595.0], [2694.75, 1468.0], [2695.25, 6230.0], [2695.5, 1416.0], [2698.25, 1885.0]]}}}
{"jsonrpc": "2.0", "method": "subscription", "params": {"channel": "book.ETH-20JUN25.none.20.100ms", "data": {"timestamp": 1749760387089, "change_id": 72412154772, "instrument_name": "ETH-20JUN25", "bids": [[2690.5, 900.0], [2690.25, 1170.0], [2690.0, 4940.0], [2689.75, 26062.0], [2689.5, 32593.0], [2689.25, 160.0], [2688.75, 2250.0], [2688.5, 7500.0], [2688.25, 430.0], [2688.0, 1434.0], [2687.75, 2246.0], [2687.5, 7667.0], [2687.25, 440.0], [2687.0, 1468.0], [2686.75, 427.0], [2686.5, 1423.0], [2684.5, 445.0], [2684.25, 1484.0], [2684.0, 431.0], [2683.75, 1438.0]], "asks": [[2690.75, 901.0], [2691.0, 5850.0], [2691.25, 10047.0], [2691.5, 8338.0], [2691.75, 266.0], [2692.0, 6010.0], [2692.25, 17033.0], [2692.5, 300.0], [2692.75, 1000.0], [2693.0, 430.0], [2693.25, 1434.0], [2693.5, 430.0], [2693.75, 1434.0], [2694.0, 427.0], [2694.25, 1423.0], [2694.5, 595.0], [2694.75, 1468.0], [2695.25, 6230.0], [2695.5, 1416.0], [2698.25, 1885.0]]}}}
{"jsonrpc": "2.0", "method": "subscription", "params": {"channel": "book.ETH-13JUN25.none.20.100ms", "data": {"timestamp": 1749760387382, "change_id": 72412155213, "instrument_name": "ETH-13JUN25", "bids": [[2688.5, 17183.0], [2688.25, 43071.0], [2688.0, 3640.0], [2687.75, 4022.0], [2687.5, 4655.0], [2687.25, 5789.0], [2687.0, 11140.0], [2686.75, 14017.0], [2686.5, 59001.0], [2686.25, 18000.0], [2684.75, 524.0], [2684.5, 1748.0], [2684.0, 536.0], [2683.75, 1788.0], [2683.5, 2266.0], [2683.25, 34552.0], [2683.0, 90482.0], [2682.75, 1717.0], [2682.5, 14400.0], [2682.25, 48000.0]], "asks": [[2689.0, 4888.0], [2689.25, 3047.0], [2689.5, 12957.0], [2689.75, 11140.0], [2690.0, 3640.0], [2690.25, 7921.0], [2690.5, 17070.0], [2692.0, 7278.0], [2692.25, 24776.0], [2692.5, 1719.0], [2692.75, 5400.0], [2693.0, 18537.0], [2693.25, 1790.0], [2694.0, 490.0], [2694.25, 1741.0], [2694.5, 5.0], [2695.25, 90000.0], [2695.75, 1730.0], [2696.25, 42116.0], [2696.75, 48000.0]]}}}
{"jsonrpc": "2.0", "method": "subscription", "params": {"channel": "book.ETH-20JUN25.none.20.100ms", "data": {"timestamp": 1749760387434, "change_id": 72412155275, "instrument_name": "ETH-20JUN25", "bids": [[2690.25, 900.0], [2690.0, 3287.0], [2689.75, 18894.0], [2689.5, 32593.0], [2689.25, 7328.0], [2688.75, 2250.0], [2688.5, 7500.0], [2687.75, 2246.0], [2687.5, 7667.0], [2687.25, 440.0], [2687.0, 1468.0], [2686.75, 427.0], [2686.5, 1423.0], [2684.5, 445.0], [2684.25, 1484.0], [2684.0, 431.0], [2683.75, 1438.0], [2682.75, 1484.0], [2682.5, 24455.0], [2682.25, 41482.0]], "asks": [[2690.5, 900.0], [2690.75, 3995.0], [2691.0, 13018.0], [2691.25, 7930.0], [2691.5, 900.0], [2691.75, 266.0], [2692.0, 6010.0], [2692.25, 17033.0], [2692.5, 300.0], [2692.75, 1000.0], [2693.0, 430.0], [2693.25, 1434.0], [2693.5, 430.0], [2693.75, 1434.0], [2694.0, 427.0], [2694.25, 1423.0], [2694.5, 155.0], [2694.75, 1468.0], [2695.25, 6230.0], [2695.5, 1416.0]]}}}
{"jsonrpc": "2.0", "method": "subscription", "params": {"channel": "book.ETH-13JUN25.none.20.100ms", "data": {"timestamp": 1749760387590, "change_id": 72412155464, "instrument_name": "ETH-13JUN25", "bids": [[2688.5, 17183.0], [2688.25, 43071.0], [2688.0, 3640.0], [2687.75, 4022.0], [2687.5, 4655.0], [2687.25, 5789.0], [2687.0, 11140.0], [2686.75, 14017.0], [2686.5, 59001.0], [2686.25, 18000.0], [2684.75, 524.0], [2684.5, 1748.0], [2684.0, 536.0], [2683.75, 1788.0], [2683.5, 2266.0], [2683.25, 34552.0], [2683.0, 90482.0], [2682.75, 1717.0], [2682.5, 14400.0], [2682.25, 48000.0]], "asks": [[2689.0, 5776.0], [2689.25, 5847.0], [2689.5, 12957.0], [2689.75, 11140.0], [2690.0, 3640.0], [2690.25, 7921.0], [2690.5, 17070.0], [2692.0, 7278.0], [2692.25, 24776.0], [2692.5, 1719.0], [2692.75, 5400.0], [2693.0, 18537.0], [2693.25, 1790.0], [2694.0, 490.0], [2694.25, 1741.0], [2694.5, 5.0], [2695.25, 90000.0], [2695.75, 1730.0], [2696.25, 42116.0], [2696.75, 48000.0]]}}}
{"jsonrpc": "2.0", "method": "subscription", "params": {"channel": "book.ETH-20JUN25.none.20.100ms", "data": {"timestamp": 1749760387591, "change_id": 72412155466, "instrument_name": "ETH-20JUN25", "bids": [[2690.25, 900.0], [2690.0, 3287.0], [2689.75, 18894.0], [2689.5, 34434.0], [2689.25, 7328.0], [2688.75, 2250.0], [2688.5, 7500.0], [2687.75, 2246.0], [2687.5, 7667.0], [2687.25, 440.0], [2687.0, 1468.0], [2686.75, 427.0], [2686.5, 1423.0], [2684.5, 445.0], [2684.25, 1484.0], [2684.0, 431.0], [2683.75, 1438.0], [2682.75, 1484.0], [2682.5, 24455.0], [2682.25, 41482.0]], "asks": [[2690.5, 900.0], [2690.75, 3995.0], [2691.0, 13018.0], [2691.25, 7930.0], [2691.75, 266.0], [2692.0, 6010.0], [2692.25, 17033.0], [2692.5, 300.0], [2692.75, 1000.0], [2693.0, 430.0], [2693.25, 1434.0], [2693.5, 430.0], [2693.75, 1434.0], [2694.0, 427.0], [2694.25, 1423.0], [2694.5, 155.0], [2694.75, 1468.0], [2695.25, 6230.0], [2695.5, 1416.0], [2698.25, 1885.0]]}}}
{"jsonrpc": "2.0", "method": "subscription", "params": {"channel": "book.ETH-13JUN25.none.20.100ms", "data": {"timestamp": 1749760387794, "change_id": 72412155550, "instrument_name": "ETH-13JUN25", "bids": [[2688.5, 7880.0], [2688.25, 10812.0], [2688.0, 3640.0], [2687.75, 4022.0], [2687.5, 4655.0], [2687.25, 5789.0], [2687.0, 11140.0], [2686.75, 14017.0], [2686.5, 59001.0], [2686.25, 18000.0], [2684.75, 524.0], [2684.5, 1748.0], [2684.0, 536.0], [2683.75, 1788.0], [2683.5, 2266.0], [2683.25, 34552.0], [2683.0, 90482.0], [2682.75, 1717.0], [2682.5, 48000.0], [2680.75, 1758.0]], "asks": [[2689.0, 5776.0], [2689.25, 5847.0], [2689.5, 12957.0], [2689.75, 11140.0], [2690.0, 3640.0], [2690.25, 7921.0], [2690.5, 17070.0], [2692.0, 7278.0], [2692.25, 24776.0], [2692.5, 1719.0], [2692.75, 5400.0], [2693.0, 18537.0], [2693.25, 1790.0], [2694.0, 490.0], [2694.25, 1741.0], [2694.5, 5.0], [2695.25, 90000.0], [2695.75, 1730.0], [2696.25, 42116.0], [2696.75, 48000.0]]}}}
{"jsonrpc": "2.0", "method": "subscription", "params": {"channel": "book.ETH-20JUN25.none.20.100ms", "data": {"timestamp": 1749760388003, "change_id": 72412155718, "instrument_name": "ETH-20JUN25", "bids": [[2690.25, 900.0], [2690.0, 3287.0], [2689.75, 7563.0], [2689.5, 2159.0], [2689.25, 7328.0], [2688.75, 2250.0], [2688.5, 7500.0], [2687.75, 2246.0], [2687.5, 7667.0], [2687.25, 440.0], [2687.0, 1468.0], [2686.75, 427.0], [2686.5, 1423.0], [2684.5, 445.0], [2684.25, 1484.0], [2684.0, 431.0], [2683.75, 1438.0], [2682.75, 1484.0], [2682.5, 24455.0], [2682.25, 41482.0]], "asks": [[2690.5, 900.0], [2690.75, 3995.0], [2691.0, 13018.0], [2691.25, 7930.0], [2691.75, 266.0], [2692.0, 6010.0], [2692.25, 17033.0], [2692.5, 300.0], [2692.75, 1000.0], [2693.0, 430.0], [2693.25, 1434.0], [2693.5, 430.0], [2693.75, 1434.0], [2694.0, 427.0], [2694.25, 1423.0], [2694.5, 155.0], [2694.75, 1468.0], [2695.25, 6230.0], [2695.5, 1416.0], [2698.25, 1885.0]]}}}
{"jsonrpc": "2.0", "method": "subscription", "params": {"channel": "book.ETH-13JUN25.none.20.100ms", "data": {"timestamp": 1749760388380, "change_id": 72412156359, "instrument_name": "ETH-13JUN25", "bids": [[2688.5, 7880.0], [2688.25, 20384.0], [2688.0, 35898.0], [2687.75, 4022.0], [2687.5, 4655.0], [2687.25, 5789.0], [2687.0, 11140.0], [2686.75, 14017.0], [2686.5, 59001.0], [2686.25, 18000.0], [2684.75, 524.0], [2684.5, 1748.0], [2684.0, 536.0], [2683.75, 1788.0], [2683.5, 2266.0], [2683.25, 34552.0], [2683.0, 90482.0], [2682.75, 1717.0], [2682.5, 48000.0], [2680.75, 1758.0]], "asks": [[2689.0, 2088.0], [2689.25, 3800.0], [2689.5, 7668.0], [2689.75, 18312.0], [2690.0, 3640.0], [2690.25, 7921.0], [2690.5, 17070.0], [2692.0, 7278.0], [2692.25, 24776.0], [2692.5, 1719.0], [2692.75, 5400.0], [2693.0, 18537.0], [2693.25, 1790.0], [2694.0, 490.0], [2694.25, 1741.0], [2694.5, 5.0], [2695.25, 90000.0], [2695.75, 1730.0], [2696.25, 42116.0], [2696.75, 48000.0]]}}}
{"jsonrpc": "2.0", "method": "subscription", "params": {"channel": "book.ETH-20JUN25.none.20.100ms", "data": {"timestamp": 1749760388402, "change_id": 72412156437, "instrument_name": "ETH-20JUN25", "bids": [[2690.25, 901.0], [2690.0, 3287.0], [2689.75, 16941.0], [2689.5, 34433.0], [2689.25, 7328.0], [2688.75, 2250.0], [2688.5, 7500.0], [2687.75, 2246.0], [2687.5, 7667.0], [2687.25, 440.0], [2687.0, 1468.0], [2686.75, 427.0], [2686.5, 1423.0], [2684.5, 445.0], [2684.25, 1484.0], [2684.0, 431.0], [2683.75, 1438.0], [2682.75, 1484.0], [2682.5, 24455.0], [2682.25, 41482.0]], "asks": [[2690.5, 900.0], [2690.75, 1980.0], [2691.0, 7767.0], [2691.25, 15098.0], [2691.75, 266.0], [2692.0, 6010.0], [2692.25, 17033.0], [2692.5, 300.0], [2692.75, 1000.0], [2693.0, 430.0], [2693.25, 1434.0], [2693.5, 430.0], [2693.75, 1434.0], [2694.0, 427.0], [2694.25, 1423.0], [2694.5, 155.0], [2694.75, 1468.0], [2695.25, 6230.0], [2695.5, 1416.0], [2698.25, 1885.0]]}}}
{"jsonrpc": "2.0", "method": "subscription", "params": {"channel": "book.ETH-13JUN25.none.20.100ms", "data": {"timestamp": 1749760388663, "change_id": 72412156600, "instrument_name": "ETH-13JUN25", "bids": [[2688.5, 7880.0], [2688.25, 10812.0], [2688.0, 3640.0], [2687.75, 4022.0], [2687.5, 4655.0], [2687.25, 5789.0], [2687.0, 11140.0], [2686.75, 14017.0], [2686.5, 59001.0], [2686.25, 18000.0], [2684.75, 524.0], [2684.5, 1748.0], [2684.0, 536.0], [2683.75, 1788.0], [2683.5, 2266.0], [2683.25, 34552.0], [2683.0, 90482.0], [2682.75, 1717.0], [2682.5, 48000.0], [2680.75, 1758.0]], "asks": [[2689.0, 4888.0], [2689.25, 3800.0], [2689.5, 7668.0], [2689.75, 18312.0], [2690.0, 3640.0], [2690.25, 7921.0], [2690.5, 17070.0], [2692.0, 7278.0], [2692.25, 24776.0], [2692.5, 1719.0], [2692.75, 5400.0], [2693.0, 18537.0], [2693.25, 1790.0], [2694.0, 490.0], [2694.25, 1741.0], [2694.5, 5.0], [2695.25, 90000.0], [2695.75, 1730.0], [2696.25, 42116.0], [2696.75, 48000.0]]}}}
{"jsonrpc": "2.0", "method": "subscription", "params": {"channel": "book.ETH-20JUN25.none.20.100ms", "data": {"timestamp": 1749760388593, "change_id": 72412156581, "instrument_name": "ETH-20JUN25", "bids": [[2690.25, 901.0], [2690.0, 3287.0], [2689.75, 16941.0], [2689.5, 34433.0], [2689.25, 7328.0], [2688.75, 2250.0], [2688.5, 7500.0], [2687.75, 2246.0], [2687.5, 7667.0], [2687.25, 440.0], [2687.0, 1468.0], [2686.75, 427.0], [2686.5, 1423.0], [2684.5, 445.0], [2684.25, 1484.0], [2684.0, 431.0], [2683.75, 1438.0], [2682.75, 1484.0], [2682.5, 24455.0], [2682.25, 41482.0]], "asks": [[2690.5, 900.0], [2690.75, 1980.0], [2691.0, 7767.0], [2691.25, 15098.0], [2691.75, 266.0], [2692.0, 6010.0], [2692.25, 17033.0], [2692.5, 300.0], [2692.75, 1000.0], [2693.0, 430.0], [2693.25, 1434.0], [2693.5, 430.0], [2693.75, 1434.0], [2694.0, 427.0], [2694.25, 1423.0], [2694.5, 155.0], [2694.75, 1468.0], [2695.25, 6230.0], [2695.5, 1416.0], [2698.25, 1885.0]]}}}
{"jsonrpc": "2.0", "method": "subscription", "params": {"channel": "book.ETH-13JUN25.none.20.100ms", "data": {"timestamp": 1749760389030, "change_id": 72412157168, "instrument_name": "ETH-13JUN25", "bids": [[2688.5, 2992.0], [2688.25, 20384.0], [2688.0, 35898.0], [2687.75, 4022.0], [2687.5, 3655.0], [2687.25, 5789.0], [2687.0, 11140.0], [2686.75, 14017.0], [2686.5, 59001.0], [2686.25, 18000.0], [2684.75, 524.0], [2684.5, 1748.0], [2684.0, 536.0], [2683.75, 1788.0], [2683.5, 2266.0], [2683.25, 34552.0], [2683.0, 90482.0], [2682.75, 1717.0], [2682.5, 48000.0], [2680.75, 1758.0]], "asks": [[2689.0, 5776.0], [2689.25, 3800.0], [2689.5, 7668.0], [2689.75, 18312.0], [2690.0, 3640.0], [2690.25, 7921.0], [2690.5, 17070.0], [2692.0, 7278.0], [2692.25, 24776.0], [2692.5, 1719.0], [2692.75, 5400.0], [2693.0, 18537.0], [2693.25, 1790.0], [2694.0, 490.0], [2694.25, 1741.0], [2694.5, 5.0], [2695.25, 90000.0], [2695.75, 1730.0], [2696.25, 42116.0], [2696.75, 48000.0]]}}}
{"jsonrpc": "2.0", "method": "subscription", "params": {"channel": "book.ETH-20JUN25.none.20.100ms", "data": {"timestamp": 1749760389035, "change_id": 72412156966, "instrument_name": "ETH-20JUN25", "bids": [[2690.25, 900.0], [2690.0, 3287.0], [2689.75, 16941.0], [2689.5, 34433.0], [2689.25, 7328.0], [2688.75, 2250.0], [2688.5, 7500.0], [2687.75, 2246.0], [2687.5, 7667.0], [2687.25, 440.0], [2687.0, 1468.0], [2686.75, 427.0], [2686.5, 1423.0], [2684.5, 445.0], [2684.25, 1484.0], [2684.0, 431.0], [2683.75, 1438.0], [2682.75, 1484.0], [2682.5, 24455.0], [2682.25, 41482.0]], "asks": [[2690.5, 900.0], [2690.75, 1980.0], [2691.0, 7767.0], [2691.25, 15098.0], [2691.75, 266.0], [2692.0, 6010.0], [2692.25, 18033.0], [2693.0, 430.0], [2693.25, 1434.0], [2693.5, 430.0], [2693.75, 1434.0], [2694.0, 427.0], [2694.25, 1423.0], [2694.5, 155.0], [2694.75, 1468.0], [2695.25, 6230.0], [2695.5, 1416.0], [2698.25, 1885.0], [2698.5, 18536.0], [2698.75, 40000.0]]}}}
{"jsonrpc": "2.0", "method": "subscription", "params": {"channel": "book.ETH-13JUN25.none.20.100ms", "data": {"timestamp": 1749760389321, "change_id": 72412157926, "instrument_name": "ETH-13JUN25", "bids": [[2688.0, 40081.0], [2687.75, 11034.0], [2687.5, 3655.0], [2687.25, 5789.0], [2687.0, 11300.0], [2686.75, 15017.0], [2686.5, 34481.0], [2686.25, 18000.0], [2685.5, 24520.0], [2684.75, 524.0], [2684.5, 1748.0], [2684.0, 536.0], [2683.75, 1788.0], [2683.5, 2266.0], [2683.25, 34552.0], [2683.0, 90482.0], [2682.75, 1717.0], [2682.5, 48000.0], [2680.75, 1758.0], [2680.5, 400.0]], "asks": [[2688.5, 5530.0], [2688.75, 3607.0], [2689.0, 7711.0], [2689.25, 18472.0], [2689.5, 3640.0], [2689.75, 3640.0], [2690.0, 3640.0], [2690.25, 7921.0], [2690.5, 17070.0], [2692.0, 7278.0], [2692.25, 24776.0], [2692.5, 1719.0], [2692.75, 5400.0], [2693.0, 18537.0], [2693.25, 1790.0], [2694.0, 490.0], [2694.25, 1741.0], [2694.5, 5.0], [2695.25, 90000.0], [2695.75, 1730.0]]}}}
{"jsonrpc": "2.0", "method": "subscription", "params": {"channel": "book.ETH-20JUN25.none.20.100ms", "data": {"timestamp": 1749760389395, "change_id": 72412158063, "instrument_name": "ETH-20JUN25", "bids": [[2690.0, 900.0], [2689.75, 7563.0], [2689.25, 160.0], [2689.0, 2150.0], [2688.75, 9418.0], [2688.5, 7500.0], [2687.75, 2246.0], [2687.5, 7667.0], [2687.25, 440.0], [2687.0, 1468.0], [2686.75, 427.0], [2686.5, 1423.0], [2684.5, 445.0], [2684.25, 1484.0], [2684.0, 431.0], [2683.75, 1438.0], [2682.75, 1484.0], [2682.5, 24455.0], [2682.25, 41482.0], [2682.0, 400.0]], "asks": [[2690.25, 901.0], [2690.5, 6065.0], [2690.75, 18428.0], [2691.75, 266.0], [2692.0, 6010.0], [2692.25, 18033.0], [2692.5, 430.0], [2692.75, 1434.0], [2693.0, 430.0], [2693.25, 1434.0], [2693.5, 430.0], [2693.75, 1434.0], [2694.25, 1423.0], [2694.5, 155.0], [2694.75, 1468.0], [2695.25, 6230.0], [2695.5, 1416.0], [2698.25, 1885.0], [2698.5, 18536.0], [2698.75, 40000.0]]}}}
{"jsonrpc": "2.0", "method": "subscription", "params": {"channel": "book.ETH-13JUN25.none.20.100ms", "data": {"timestamp": 1749760389656, "change_id": 72412158751, "instrument_name": "ETH-13JUN25", "bids": [[2688.25, 2800.0], [2688.0, 7775.0], [2687.75, 11034.0], [2687.5, 3655.0], [2687.25, 3607.0], [2687.0, 3800.0], [2686.75, 15017.0], [2686.5, 34481.0], [2686.25, 25500.0], [2685.0, 24520.0], [2684.75, 524.0], [2684.5, 1748.0], [2684.0, 536.0], [2683.75, 1788.0], [2683.5, 2266.0], [2683.25, 34552.0], [2683.0, 90482.0], [2682.75, 1717.0], [2682.5, 48000.0], [2680.75, 1758.0]], "asks": [[2688.5, 2088.0], [2688.75, 3767.0], [2689.0, 7663.0], [2689.25, 18312.0], [2689.5, 3640.0], [2689.75, 3640.0], [2690.0, 3640.0], [2690.25, 7921.0], [2690.5, 17070.0], [2691.25, 532.0], [2691.5, 1772.0], [2692.0, 7278.0], [2692.25, 24776.0], [2692.5, 1719.0], [2692.75, 5400.0], [2693.0, 18537.0], [2693.25, 1790.0], [2694.0, 490.0], [2694.25, 1741.0], [2694.5, 5.0]]}}}
{"jsonrpc": "2.0", "method": "subscription", "params": {"channel": "book.ETH-20JUN25.none.20.100ms", "data": {"timestamp": 1749760389712, "change_id": 72412158756, "instrument_name": "ETH-20JUN25", "bids": [[2689.75, 901.0], [2689.5, 900.0], [2689.25, 1918.0], [2689.0, 8543.0], [2688.75, 7168.0], [2688.5, 160.0], [2688.0, 2250.0], [2687.75, 7500.0], [2687.25, 440.0], [2687.0, 3339.0], [2686.75, 6664.0], [2686.5, 1423.0], [2684.5, 445.0], [2684.25, 1484.0], [2684.0, 431.0], [2683.75, 1438.0], [2682.75, 1484.0], [2682.5, 24455.0], [2682.25, 41482.0], [2682.0, 400.0]], "asks": [[2690.0, 900.0], [2690.25, 1946.0], [2690.5, 8765.0], [2690.75, 14828.0], [2691.75, 266.0], [2692.0, 6010.0], [2692.25, 17033.0], [2692.5, 430.0], [2692.75, 1434.0], [2693.0, 430.0], [2693.25, 1434.0], [2693.75, 1434.0], [2694.25, 1423.0], [2694.5, 155.0], [2694.75, 1468.0], [2695.25, 6230.0], [2695.5, 1416.0], [2698.25, 1885.0], [2698.5, 18536.0], [2698.75, 40000.0]]}}}
{"jsonrpc": "2.0", "method": "subscription", "params": {"channel": "book.ETH-20JUN25.none.20.100ms", "data": {"timestamp": 1749760390070, "change_id": 72412159352, "instrument_name": "ETH-20JUN25", "bids": [[2689.75, 900.0], [2689.5, 3050.0], [2689.25, 9086.0], [2689.0, 6553.0], [2688.0, 2250.0], [2687.75, 7500.0], [2687.25, 440.0], [2687.0, 3339.0], [2686.75, 6664.0], [2686.5, 1423.0], [2684.5, 445.0], [2684.25, 1484.0], [2684.0, 431.0], [2683.75, 1438.0], [2682.75, 1484.0], [2682.5, 24455.0], [2682.25, 41482.0], [2682.0, 400.0], [2681.75, 1458.0], [2680.75, 15724.0]], "asks": [[2690.0, 900.0], [2690.25, 1946.0], [2690.5, 8765.0], [2690.75, 14828.0], [2691.75, 266.0], [2692.0, 6010.0], [2692.25, 17033.0], [2692.5, 430.0], [2692.75, 1434.0], [2693.75, 1434.0], [2694.25, 1423.0], [2694.5, 155.0], [2694.75, 1468.0], [2695.25, 6230.0], [2695.5, 1416.0], [2698.25, 1885.0], [2698.5, 18536.0], [2698.75, 40000.0], [2699.5, 1416.0], [2699.75, 5.0]]}}}
{"jsonrpc": "2.0", "method": "subscription", "params": {"channel": "book.ETH-13JUN25.none.20.100ms", "data": {"timestamp": 1749760390182, "change_id": 72412159617, "instrument_name": "ETH-13JUN25", "bids": [[2688.25, 2800.0], [2688.0, 7775.0], [2687.75, 20355.0], [2687.5, 35907.0], [2687.25, 3607.0], [2687.0, 3800.0], [2686.75, 15017.0], [2686.5, 34481.0], [2686.25, 25500.0], [2685.0, 24520.0], [2684.75, 524.0], [2684.5, 1748.0], [2684.0, 536.0], [2683.75, 1788.0], [2683.5, 2266.0], [2683.25, 34552.0], [2683.0, 90482.0], [2682.75, 1717.0], [2682.5, 48000.0], [2680.75, 1758.0]], "asks": [[2688.5, 2088.0], [2688.75, 3767.0], [2689.0, 7663.0], [2689.25, 18312.0], [2689.5, 3640.0], [2689.75, 3640.0], [2690.0, 3640.0], [2690.25, 7921.0], [2690.5, 17070.0], [2691.25, 532.0], [2691.5, 1772.0], [2692.0, 7278.0], [2692.25, 24776.0], [2692.5, 1719.0], [2692.75, 5400.0], [2693.0, 18537.0], [2693.25, 1790.0], [2694.0, 490.0], [2694.25, 1741.0], [2694.5, 5.0]]}}}
{"jsonrpc": "2.0", "method": "subscription", "params": {"channel": "book.ETH-20JUN25.none.20.100ms", "data": {"timestamp": 1749760390268, "change_id": 72412159646, "instrument_name": "ETH-20JUN25", "bids": [[2689.75, 900.0], [2689.5, 3050.0], [2689.25, 18575.0], [2689.0, 38821.0], [2688.0, 2250.0], [2687.75, 7500.0], [2687.25, 440.0], [2687.0, 3339.0], [2686.75, 6664.0], [2686.5, 1423.0], [2684.5, 445.0], [2684.25, 1484.0], [2684.0, 431.0], [2683.75, 1438.0], [2682.75, 1484.0], [2682.5, 24455.0], [2682.25, 41482.0], [2682.0, 400.0], [2681.75, 1458.0], [2680.75, 15724.0]], "asks": [[2690.0, 900.0], [2690.25, 1946.0], [2690.5, 8765.0], [2690.75, 14828.0], [2691.75, 266.0], [2692.0, 6010.0], [2692.25, 17033.0], [2692.5, 430.0], [2692.75, 1434.0], [2693.75, 1434.0], [2694.25, 1423.0], [2694.5, 155.0], [2694.75, 1468.0], [2695.25, 6230.0], [2695.5, 1416.0], [2698.25, 1885.0], [2698.5, 18536.0], [2698.75, 40000.0], [2699.5, 1416.0], [2699.75, 5.0]]}}}
{"jsonrpc": "2.0", "method": "subscription", "params": {"channel": "book.ETH-13JUN25.none.20.100ms", "data": {"timestamp": 1749760390729, "change_id": 72412160261, "instrument_name": "ETH-13JUN25", "bids": [[2688.25, 10779.0], [2688.0, 3640.0], [2687.75, 13183.0], [2687.5, 35907.0], [2687.25, 3607.0], [2687.0, 6245.0], [2686.75, 22517.0], [2686.5, 34481.0], [2686.25, 18000.0], [2685.25, 1772.0], [2685.0, 24520.0], [2684.75, 524.0], [2684.5, 1748.0], [2684.0, 536.0], [2683.75, 1788.0], [2683.5, 2266.0], [2683.25, 34552.0], [2683.0, 90482.0], [2682.75, 1717.0], [2682.5, 48000.0]], "asks": [[2688.75, 160.0], [2689.0, 5827.0], [2689.25, 11140.0], [2689.5, 3640.0], [2689.75, 3640.0], [2690.0, 10812.0], [2690.25, 7921.0], [2690.5, 17070.0], [2691.25, 532.0], [2691.5, 1772.0], [2692.0, 7278.0], [2692.25, 24776.0], [2692.5, 1719.0], [2692.75, 5400.0], [2693.0, 18537.0], [2693.25, 1790.0], [2694.0, 490.0], [2694.25, 1741.0], [2694.5, 5.0], [2695.25, 90000.0]]}}}
{"jsonrpc": "2.0", "method": "subscription", "params": {"channel": "book.ETH-20JUN25.none.20.100ms", "data": {"timestamp": 1749760390739, "change_id": 72412160318, "instrument_name": "ETH-20JUN25", "bids": [[2690.25, 900.0], [2690.0, 3320.0], [2689.75, 8338.0], [2689.5, 900.0], [2689.25, 11407.0], [2689.0, 38821.0], [2688.0, 2250.0], [2687.75, 7930.0], [2687.5, 1434.0], [2687.25, 440.0], [2687.0, 3339.0], [2686.75, 6664.0], [2686.5, 1423.0], [2684.5, 445.0], [2684.25, 1484.0], [2684.0, 431.0], [2683.75, 1438.0], [2682.75, 1484.0], [2682.5, 24455.0], [2682.25, 41482.0]], "asks": [[2690.5, 900.0], [2690.75, 10360.0], [2691.25, 2150.0], [2691.5, 7438.0], [2691.75, 1166.0], [2692.0, 6010.0], [2692.25, 17333.0], [2692.5, 1000.0], [2693.5, 430.0], [2693.75, 1434.0], [2694.0, 427.0], [2694.25, 1423.0], [2694.5, 595.0], [2694.75, 1468.0], [2695.25, 6230.0], [2695.5, 1416.0], [2698.25, 1885.0], [2698.5, 18536.0], [2698.75, 40000.0], [2699.5, 1416.0]]}}}
{"jsonrpc": "2.0", "method": "subscription", "params": {"channel": "book.ETH-13JUN25.none.20.100ms", "data": {"timestamp": 1749760390985, "change_id": 72412160512, "instrument_name": "ETH-13JUN25", "bids": [[2688.25, 12866.0], [2688.0, 3640.0], [2687.75, 3862.0], [2687.5, 3655.0], [2687.25, 3607.0], [2687.0, 6245.0], [2686.75, 22517.0], [2686.5, 34481.0], [2686.25, 18000.0], [2685.25, 1772.0], [2685.0, 24520.0], [2684.75, 524.0], [2684.5, 1748.0], [2684.0, 536.0], [2683.75, 1788.0], [2683.5, 2266.0], [2683.25, 34552.0], [2683.0, 90482.0], [2682.75, 1717.0], [2682.5, 48000.0]], "asks": [[2688.75, 160.0], [2689.0, 7914.0], [2689.25, 11140.0], [2689.5, 3640.0], [2689.75, 3640.0], [2690.0, 10812.0], [2690.25, 7921.0], [2690.5, 17070.0], [2691.25, 532.0], [2691.5, 1772.0], [2692.0, 7278.0], [2692.25, 24776.0], [2692.5, 1719.0], [2692.75, 5400.0], [2693.0, 18537.0], [2693.25, 1790.0], [2694.0, 490.0], [2694.25, 1741.0], [2694.5, 5.0], [2695.25, 90000.0]]}}}
{"jsonrpc": "2.0", "method": "subscription", "params": {"channel": "book.ETH-20JUN25.none.20.100ms", "data": {"timestamp": 1749760391058, "change_id": 72412160969, "instrument_name": "ETH-20JUN25", "bids": [[2690.25, 900.0], [2690.0, 3320.0], [2689.75, 8338.0], [2689.5, 900.0], [2689.25, 1918.0], [2689.0, 6553.0], [2688.5, 2250.0], [2688.25, 7500.0], [2687.75, 430.0], [2687.5, 1434.0], [2687.25, 440.0], [2687.0, 3339.0], [2686.75, 6664.0], [2686.5, 1423.0], [2684.5, 445.0], [2684.25, 1484.0], [2684.0, 431.0], [2683.75, 1438.0], [2682.75, 1484.0], [2682.5, 24455.0]], "asks": [[2690.5, 900.0], [2690.75, 10360.0], [2691.25, 2150.0], [2691.5, 7438.0], [2691.75, 1166.0], [2692.0, 6010.0], [2692.25, 17333.0], [2692.5, 1000.0], [2692.75, 430.0], [2693.0, 1434.0], [2693.5, 430.0], [2693.75, 1434.0], [2694.0, 427.0], [2694.25, 1423.0], [2694.5, 595.0], [2694.75, 1468.0], [2695.25, 6230.0], [2695.5, 1416.0], [2698.25, 1885.0], [2698.5, 18536.0]]}}}
{"jsonrpc": "2.0", "method": "subscription", "params": {"channel": "book.ETH-13JUN25.none.20.100ms", "data": {"timestamp": 1749760391244, "change_id": 72412161414, "instrument_name": "ETH-13JUN25", "bids": [[2688.25, 22475.0], [2688.0, 35897.0], [2687.75, 3862.0], [2687.5, 3655.0], [2687.25, 3607.0], [2687.0, 6245.0], [2686.75, 22517.0], [2686.5, 34481.0], [2686.25, 18000.0], [2685.25, 9128.0], [2685.0, 24520.0], [2684.75, 524.0], [2684.5, 1748.0], [2684.0, 536.0], [2683.75, 1788.0], [2683.5, 2266.0], [2683.25, 34552.0], [2683.0, 90482.0], [2682.75, 1717.0], [2682.5, 48000.0]], "asks": [[2688.75, 160.0], [2689.0, 7914.0], [2689.25, 11140.0], [2689.5, 3640.0], [2689.75, 3640.0], [2690.0, 10812.0], [2690.25, 7921.0], [2690.5, 17070.0], [2691.25, 532.0], [2691.5, 1772.0], [2692.0, 7278.0], [2692.25, 24776.0], [2692.5, 1719.0], [2692.75, 5400.0], [2693.0, 18537.0], [2693.25, 1790.0], [2694.0, 490.0], [2694.25, 1741.0], [2694.5, 5.0], [2695.25, 90000.0]]}}}
{"jsonrpc": "2.0", "method": "subscription", "params": {"channel": "book.ETH-20JUN25.none.20.100ms", "data": {"timestamp": 1749760391286, "change_id": 72412161447, "instrument_name": "ETH-20JUN25", "bids": [[2690.25, 900.0], [2690.0, 3320.0], [2689.75, 8338.0], [2689.5, 900.0], [2689.25, 1918.0], [2689.0, 6553.0], [2688.5, 2250.0], [2688.25, 7500.0], [2687.75, 430.0], [2687.5, 1434.0], [2687.25, 440.0], [2687.0, 3339.0], [2686.75, 6664.0], [2686.5, 1423.0], [2684.5, 445.0], [2684.25, 1484.0], [2684.0, 431.0], [2683.75, 1438.0], [2682.75, 1484.0], [2682.5, 24455.0]], "asks": [[2690.5, 900.0], [2690.75, 10360.0], [2691.25, 2150.0], [2691.5, 7438.0], [2691.75, 1166.0], [2692.0, 6010.0], [2692.25, 17333.0], [2692.5, 1000.0], [2692.75, 430.0], [2693.0, 1434.0], [2693.5, 430.0], [2693.75, 1434.0], [2694.0, 427.0], [2694.25, 1423.0], [2694.5, 595.0], [2694.75, 1468.0], [2695.25, 6230.0], [2695.5, 1416.0], [2698.25, 1885.0], [2698.5, 18536.0]]}}}
{"jsonrpc": "2.0", "method": "subscription", "params": {"channel": "book.ETH-13JUN25.none.20.100ms", "data": {"timestamp": 1749760391715, "change_id": 72412161885, "instrument_name": "ETH-13JUN25", "bids": [[2688.75, 2521.0], [2688.5, 6418.0], [2688.25, 22475.0], [2688.0, 35897.0], [2687.75, 3862.0], [2687.5, 3655.0], [2687.25, 4607.0], [2687.0, 6245.0], [2686.75, 21517.0], [2686.5, 34481.0], [2686.25, 18000.0], [2685.25, 9128.0], [2685.0, 24520.0], [2684.75, 524.0], [2684.5, 1748.0], [2684.0, 536.0], [2683.75, 1788.0], [2683.5, 2266.0], [2683.25, 34552.0], [2683.0, 90482.0]], "asks": [[2689.25, 11140.0], [2689.5, 3800.0], [2689.75, 3640.0], [2690.0, 3640.0], [2690.25, 7921.0], [2690.5, 17070.0], [2692.0, 7278.0], [2692.25, 24776.0], [2692.5, 1719.0], [2692.75, 5400.0], [2693.0, 18537.0], [2693.25, 1790.0], [2694.0, 490.0], [2694.25, 1741.0], [2694.5, 5.0], [2695.25, 90000.0], [2695.75, 1730.0], [2696.25, 42116.0], [2696.75, 48000.0], [2697.75, 25262.0]]}}}
{"jsonrpc": "2.0", "method": "subscription", "params": {"channel": "book.ETH-20JUN25.none.20.100ms", "data": {"timestamp": 1749760391731, "change_id": 72412161900, "instrument_name": "ETH-20JUN25", "bids": [[2690.25, 900.0], [2690.0, 3320.0], [2689.75, 8338.0], [2689.5, 1170.0], [2689.25, 2818.0], [2689.0, 6553.0], [2688.5, 2250.0], [2688.25, 7500.0], [2687.75, 430.0], [2687.5, 1434.0], [2687.25, 440.0], [2687.0, 3339.0], [2686.75, 6664.0], [2686.5, 1423.0], [2684.5, 445.0], [2684.25, 1484.0], [2684.0, 431.0], [2683.75, 1438.0], [2682.75, 1484.0], [2682.5, 24455.0]], "asks": [[2690.75, 10200.0], [2691.0, 270.0], [2691.25, 900.0], [2691.5, 430.0], [2691.75, 1166.0], [2692.0, 6010.0], [2692.25, 17333.0], [2692.5, 1000.0], [2692.75, 430.0], [2693.0, 1434.0], [2693.5, 430.0], [2693.75, 1434.0], [2694.0, 427.0], [2694.25, 1423.0], [2694.5, 595.0], [2694.75, 1468.0], [2695.25, 6230.0], [2695.5, 1416.0], [2698.25, 1885.0], [2698.5, 18536.0]]}}}
{"jsonrpc": "2.0", "method": "subscription", "params": {"channel": "book.ETH-13JUN25.none.20.100ms", "data": {"timestamp": 1749760391992, "change_id": 72412162363, "instrument_name": "ETH-13JUN25", "bids": [[2688.75, 1607.0], [2688.5, 6418.0], [2688.25, 22475.0], [2688.0, 35897.0], [2687.75, 3862.0], [2687.5, 3815.0], [2687.25, 4607.0], [2687.0, 6085.0], [2686.75, 21517.0], [2686.5, 59001.0], [2686.25, 18000.0], [2685.25, 1772.0], [2684.75, 524.0], [2684.5, 1748.0], [2684.0, 536.0], [2683.75, 1788.0], [2683.5, 2266.0], [2683.25, 34552.0], [2683.0, 90482.0], [2682.75, 1717.0]], "asks": [[2689.25, 10427.0], [2689.5, 3800.0], [2689.75, 5687.0], [2690.0, 10812.0], [2690.25, 7921.0], [2690.5, 17070.0], [2692.0, 7278.0], [2692.25, 24776.0], [2692.5, 1719.0], [2692.75, 5400.0], [2693.0, 18537.0], [2693.25, 1790.0], [2694.0, 490.0], [2694.25, 1741.0], [2694.5, 5.0], [2695.25, 90000.0], [2695.75, 1730.0], [2696.25, 42116.0], [2696.75, 48000.0], [2697.75, 25262.0]]}}}
{"jsonrpc": "2.0", "method": "subscription", "params": {"channel": "book.ETH-20JUN25.none.20.100ms", "data": {"timestamp": 1749760392045, "change_id": 72412162554, "instrument_name": "ETH-20JUN25", "bids": [[2690.5, 900.0], [2690.25, 1170.0], [2690.0, 4936.0], [2689.75, 20874.0], [2689.5, 21759.0], [2689.25, 900.0], [2688.5, 2250.0], [2688.25, 7930.0], [2688.0, 1434.0], [2687.75, 2248.0], [2687.5, 7671.0], [2687.25, 440.0], [2687.0, 1468.0], [2686.75, 427.0], [2686.5, 1423.0], [2684.5, 445.0], [2684.25, 1484.0], [2684.0, 431.0], [2683.75, 1438.0], [2682.75, 1484.0]], "asks": [[2690.75, 10201.0], [2691.0, 270.0], [2691.25, 900.0], [2691.5, 2547.0], [2691.75, 8334.0], [2692.0, 6010.0], [2692.25, 17333.0], [2692.5, 1000.0], [2693.0, 430.0], [2693.25, 1434.0], [2693.5, 430.0], [2693.75, 1434.0], [2694.0, 427.0], [2694.25, 1423.0], [2694.5, 595.0], [2694.75, 1468.0], [2695.25, 6230.0], [2695.5, 1416.0], [2698.25, 1885.0], [2698.5, 18536.0]]}}}
{"jsonrpc": "2.0", "method": "subscription", "params": {"channel": "book.ETH-13JUN25.none.20.100ms", "data": {"timestamp": 1749760392070, "change_id": 72412162744, "instrument_name": "ETH-13JUN25", "bids": [[2688.75, 1607.0], [2688.5, 6418.0], [2688.25, 12866.0], [2688.0, 3640.0], [2687.75, 3862.0], [2687.5, 3815.0], [2687.25, 4607.0], [2687.0, 6085.0], [2686.75, 21517.0], [2686.5, 59001.0], [2686.25, 18000.0], [2685.25, 1772.0], [2684.75, 524.0], [2684.5, 1748.0], [2684.0, 536.0], [2683.75, 1788.0], [2683.5, 2266.0], [2683.25, 34552.0], [2683.0, 90482.0], [2682.75, 1717.0]], "asks": [[2689.25, 10427.0], [2689.5, 3800.0], [2689.75, 5687.0], [2690.0, 10812.0], [2690.25, 7921.0], [2690.5, 17070.0], [2692.0, 7278.0], [2692.25, 24776.0], [2692.5, 1719.0], [2692.75, 5400.0], [2693.0, 18537.0], [2693.25, 1790.0], [2694.0, 490.0], [2694.25, 1741.0], [2694.5, 5.0], [2695.25, 90000.0], [2695.75, 1730.0], [2696.25, 42116.0], [2696.75, 48000.0], [2697.75, 25262.0]]}}}
{"jsonrpc": "2.0", "method": "subscription", "params": {"channel": "book.ETH-20JUN25.none.20.100ms", "data": {"timestamp": 1749760392379, "change_id": 72412163056, "instrument_name": "ETH-20JUN25", "bids": [[2690.5, 900.0], [2690.25, 1170.0], [2690.0, 4936.0], [2689.75, 20874.0], [2689.5, 21759.0], [2689.25, 900.0], [2688.5, 2250.0], [2688.25, 7930.0], [2688.0, 1434.0], [2687.75, 2248.0], [2687.5, 7671.0], [2687.25, 440.0], [2687.0, 1468.0], [2686.75, 427.0], [2686.5, 1423.0], [2684.5, 445.0], [2684.25, 1484.0], [2684.0, 431.0], [2683.75, 1438.0], [2682.75, 1484.0]], "asks": [[2690.75, 10200.0], [2691.0, 270.0], [2691.25, 900.0], [2691.5, 2547.0], [2691.75, 8334.0], [2692.0, 6010.0], [2692.25, 17333.0], [2692.5, 1000.0], [2693.0, 430.0], [2693.25, 1434.0], [2693.5, 430.0], [2693.75, 1434.0], [2694.0, 427.0], [2694.25, 1423.0], [2694.5, 595.0], [2694.75, 1468.0], [2695.25, 6230.0], [2695.5, 1416.0], [2698.25, 1885.0], [2698.5, 18536.0]]}}}
{"jsonrpc": "2.0", "method": "subscription", "params": {"channel": "book.ETH-13JUN25.none.20.100ms", "data": {"timestamp": 1749760392701, "change_id": 72412163420, "instrument_name": "ETH-13JUN25", "bids": [[2688.75, 3694.0], [2688.5, 6418.0], [2688.25, 10779.0], [2688.0, 3640.0], [2687.75, 3862.0], [2687.5, 3815.0], [2687.25, 4607.0], [2687.0, 6085.0], [2686.75, 21517.0], [2686.5, 59001.0], [2686.25, 18000.0], [2685.5, 532.0], [2685.25, 1772.0], [2684.75, 524.0], [2684.5, 1748.0], [2684.0, 536.0], [2683.75, 1788.0], [2683.5, 2266.0], [2683.25, 34552.0], [2683.0, 90482.0]], "asks": [[2689.25, 10427.0], [2689.5, 3800.0], [2689.75, 5687.0], [2690.0, 10812.0], [2690.25, 7921.0], [2690.5, 17070.0], [2692.0, 7278.0], [2692.25, 24776.0], [2692.5, 1719.0], [2692.75, 5400.0], [2693.0, 18537.0], [2693.25, 1790.0], [2694.0, 490.0], [2694.25, 1741.0], [2694.5, 5.0], [2695.25, 90000.0], [2695.75, 1730.0], [2696.25, 42116.0], [2696.75, 48000.0], [2697.75, 25262.0]]}}}
{"jsonrpc": "2.0", "method": "subscription", "params": {"channel": "book.ETH-20JUN25.none.20.100ms", "data": {"timestamp": 1749760392705, "change_id": 72412163424, "instrument_name": "ETH-20JUN25", "bids": [[2690.5, 901.0], [2690.25, 1170.0], [2690.0, 4936.0], [2689.75, 14731.0], [2689.5, 160.0], [2688.5, 2250.0], [2688.25, 7930.0], [2688.0, 1434.0], [2687.75, 2248.0], [2687.5, 7671.0], [2687.25, 440.0], [2687.0, 1468.0], [2686.75, 427.0], [2686.5, 1423.0], [2684.5, 445.0], [2684.25, 1484.0], [2684.0, 431.0], [2683.75, 1438.0], [2682.75, 1484.0], [2682.5, 24455.0]], "asks": [[2690.75, 10200.0], [2691.0, 270.0], [2691.25, 900.0], [2691.5, 2547.0], [2691.75, 8334.0], [2692.0, 6010.0], [2692.25, 17333.0], [2692.5, 1000.0], [2693.0, 430.0], [2693.25, 1434.0], [2693.5, 430.0], [2693.75, 1434.0], [2694.0, 427.0], [2694.25, 1423.0], [2694.5, 595.0], [2694.75, 1468.0], [2695.25, 6230.0], [2695.5, 1416.0], [2698.25, 1885.0], [2698.5, 18536.0]]}}}
{"jsonrpc": "2.0", "method": "subscription", "params": {"channel": "book.ETH-13JUN25.none.20.100ms", "data": {"timestamp": 1749760392999, "change_id": 72412164083, "instrument_name": "ETH-13JUN25", "bids": [[2688.75, 10866.0], [2688.5, 3607.0], [2688.25, 3607.0], [2688.0, 3640.0], [2687.75, 3862.0], [2687.5, 6243.0], [2687.25, 12107.0], [2687.0, 3640.0], [2686.75, 14017.0], [2686.5, 59001.0], [2686.25, 18000.0], [2685.5, 532.0], [2685.25, 1772.0], [2684.75, 524.0], [2684.5, 1748.0], [2684.0, 536.0], [2683.75, 1788.0], [2683.5, 2266.0], [2683.25, 34552.0], [2683.0, 90482.0]], "asks": [[2689.25, 7500.0], [2689.5, 3800.0], [2689.75, 5687.0], [2690.0, 10812.0], [2690.25, 7921.0], [2690.5, 17070.0], [2691.0, 495.0], [2691.25, 1650.0], [2692.0, 7278.0], [2692.25, 24776.0], [2692.5, 1719.0], [2692.75, 5400.0], [2693.0, 18537.0], [2693.25, 1790.0], [2694.0, 490.0], [2694.25, 1741.0], [2694.5, 5.0], [2695.25, 90000.0], [2695.75, 1730.0], [2696.25, 42116.0]]}}}
{"jsonrpc": "2.0", "method": "subscription", "params": {"channel": "book.ETH-20JUN25.none.20.100ms", "data": {"timestamp": 1749760392964, "change_id": 72412164057, "instrument_name": "ETH-20JUN25", "bids": [[2690.5, 900.0], [2690.25, 1170.0], [2690.0, 4936.0], [2689.75, 14731.0], [2689.5, 160.0], [2689.0, 2250.0], [2688.75, 7500.0], [2688.25, 430.0], [2688.0, 1434.0], [2687.75, 2248.0], [2687.5, 7671.0], [2687.25, 440.0], [2687.0, 1468.0], [2686.75, 427.0], [2686.5, 1423.0], [2684.5, 445.0], [2684.25, 1484.0], [2684.0, 431.0], [2683.75, 1438.0], [2682.75, 1484.0]], "asks": [[2690.75, 7500.0], [2691.0, 2970.0], [2691.25, 900.0], [2691.5, 2547.0], [2691.75, 8334.0], [2692.0, 6010.0], [2692.25, 17333.0], [2692.5, 1000.0], [2693.0, 430.0], [2693.25, 1434.0], [2693.5, 430.0], [2693.75, 1434.0], [2694.0, 427.0], [2694.25, 1423.0], [2694.5, 595.0], [2694.75, 1468.0], [2695.25, 6230.0], [2695.5, 1416.0], [2698.25, 1885.0], [2698.5, 18536.0]]}}}
{"jsonrpc": "2.0", "method": "subscription", "params": {"channel": "book.ETH-13JUN25.none.20.100ms", "data": {"timestamp": 1749760393334, "change_id": 72412164800, "instrument_name": "ETH-13JUN25", "bids": [[2688.75, 10866.0], [2688.5, 3607.0], [2688.25, 3607.0], [2688.0, 3640.0], [2687.75, 3862.0], [2687.5, 6243.0], [2687.25, 12107.0], [2687.0, 3640.0], [2686.75, 14017.0], [2686.5, 59001.0], [2686.25, 18000.0], [2685.5, 532.0], [2685.25, 1772.0], [2684.75, 524.0], [2684.5, 1748.0], [2684.0, 536.0], [2683.75, 1788.0], [2683.5, 2266.0], [2683.25, 34552.0], [2683.0, 90482.0]], "asks": [[2689.25, 9587.0], [2689.5, 3800.0], [2689.75, 5687.0], [2690.0, 10812.0], [2690.25, 7921.0], [2690.5, 17070.0], [2691.0, 495.0], [2691.25, 1650.0], [2692.0, 7278.0], [2692.25, 24776.0], [2692.5, 1719.0], [2692.75, 5400.0], [2693.0, 18537.0], [2693.25, 1790.0], [2694.0, 490.0], [2694.25, 1741.0], [2694.5, 5.0], [2695.25, 90000.0], [2695.75, 1730.0], [2696.25, 42116.0]]}}}
{"jsonrpc": "2.0", "method": "subscription", "params": {"channel": "book.ETH-20JUN25.none.20.100ms", "data": {"timestamp": 1749760393380, "change_id": 72412164811, "instrument_name": "ETH-20JUN25", "bids": [[2690.5, 900.0], [2690.25, 1170.0], [2690.0, 14417.0], [2689.75, 47008.0], [2689.5, 160.0], [2689.0, 2250.0], [2688.75, 7500.0], [2688.25, 430.0], [2688.0, 1434.0], [2687.75, 2248.0], [2687.5, 7671.0], [2687.25, 440.0], [2687.0, 1468.0], [2686.75, 427.0], [2686.5, 1423.0], [2684.5, 445.0], [2684.25, 1484.0], [2684.0, 431.0], [2683.75, 1438.0], [2682.75, 1484.0]], "asks": [[2690.75, 7501.0], [2691.0, 2970.0], [2691.25, 900.0], [2691.5, 2547.0], [2691.75, 8334.0], [2692.0, 6010.0], [2692.25, 17333.0], [2692.5, 1000.0], [2693.0, 430.0], [2693.25, 1434.0], [2693.5, 430.0], [2693.75, 1434.0], [2694.0, 427.0], [2694.25, 1423.0], [2694.5, 595.0], [2694.75, 1468.0], [2695.25, 6230.0], [2695.5, 1416.0], [2698.25, 1885.0], [2698.5, 18536.0]]}}}
{"jsonrpc": "2.0", "method": "subscription", "params": {"channel": "book.ETH-13JUN25.none.20.100ms", "data": {"timestamp": 1749760393681, "change_id": 72412165144, "instrument_name": "ETH-13JUN25", "bids": [[2688.75, 3694.0], [2688.5, 5691.0], [2688.25, 10779.0], [2688.0, 3640.0], [2687.75, 3862.0], [2687.5, 6243.0], [2687.25, 12107.0], [2687.0, 3640.0], [2686.75, 14017.0], [2686.5, 59001.0], [2686.25, 18000.0], [2685.5, 532.0], [2685.25, 1772.0], [2684.75, 524.0], [2684.5, 1748.0], [2684.0, 536.0], [2683.75, 1788.0], [2683.5, 2266.0], [2683.25, 34552.0], [2683.0, 90482.0]], "asks": [[2689.25, 9587.0], [2689.5, 3800.0], [2689.75, 5687.0], [2690.0, 10812.0], [2690.25, 7921.0], [2690.5, 17070.0], [2691.0, 3295.0], [2691.25, 1650.0], [2692.0, 7278.0], [2692.25, 24776.0], [2692.5, 1719.0], [2692.75, 5400.0], [2693.0, 18537.0], [2693.25, 1790.0], [2694.0, 490.0], [2694.25, 1741.0], [2694.5, 5.0], [2695.25, 90000.0], [2695.75, 1730.0], [2696.25, 42116.0]]}}}
{"jsonrpc": "2.0", "method": "subscription", "params": {"channel": "book.ETH-20JUN25.none.20.100ms", "data": {"timestamp": 1749760393644, "change_id": 72412165119, "instrument_name": "ETH-20JUN25", "bids": [[2690.5, 900.0], [2690.25, 1170.0], [2690.0, 4936.0], [2689.75, 14731.0], [2689.5, 160.0], [2689.25, 270.0], [2689.0, 3150.0], [2688.75, 7500.0], [2688.25, 430.0], [2688.0, 1434.0], [2687.75, 2248.0], [2687.5, 7671.0], [2687.25, 440.0], [2687.0, 1468.0], [2686.75, 427.0], [2686.5, 1423.0], [2684.5, 445.0], [2684.25, 1484.0], [2684.0, 431.0], [2683.75, 1438.0]], "asks": [[2690.75, 7500.0], [2691.0, 2970.0], [2691.25, 1218.0], [2691.5, 3447.0], [2691.75, 8334.0], [2692.0, 6010.0], [2692.25, 17333.0], [2692.5, 1000.0], [2693.0, 430.0], [2693.25, 1434.0], [2693.5, 430.0], [2693.75, 1434.0], [2694.0, 427.0], [2694.25, 1423.0], [2694.5, 595.0], [2694.75, 1468.0], [2695.25, 6230.0], [2695.5, 1416.0], [2698.25, 1885.0], [2698.5, 18536.0]]}}}
{"jsonrpc": "2.0", "method": "subscription", "params": {"channel": "book.ETH-13JUN25.none.20.100ms", "data": {"timestamp": 1749760393776, "change_id": 72412165167, "instrument_name": "ETH-13JUN25", "bids": [[2688.75, 3694.0], [2688.5, 15109.0], [2688.25, 43040.0], [2688.0, 3640.0], [2687.75, 3862.0], [2687.5, 6243.0], [2687.25, 12107.0], [2687.0, 3640.0], [2686.75, 14017.0], [2686.5, 59001.0], [2686.25, 18000.0], [2685.5, 532.0], [2685.25, 1772.0], [2684.75, 524.0], [2684.5, 1748.0], [2684.0, 536.0], [2683.75, 1788.0], [2683.5, 2266.0], [2683.25, 34552.0], [2683.0, 90482.0]], "asks": [[2689.25, 9587.0], [2689.5, 3800.0], [2689.75, 5687.0], [2690.0, 10812.0], [2690.25, 7921.0], [2690.5, 17070.0], [2691.0, 3295.0], [2691.25, 1650.0], [2692.0, 7278.0], [2692.25, 24776.0], [2692.5, 1719.0], [2692.75, 5400.0], [2693.0, 18537.0], [2693.25, 1790.0], [2694.0, 490.0], [2694.25, 1741.0], [2694.5, 5.0], [2695.25, 90000.0], [2695.75, 1730.0], [2696.25, 42116.0]]}}}
