{"jsonrpc": "2.0", "method": "subscription", "params": {"channel": "book.ETH-11APR25.none.20.100ms", "data": {"timestamp": 1744317006941, "change_id": 65270332224, "instrument_name": "ETH-11APR25", "bids": [[1518.0, 12601.0], [1517.75, 15795.0], [1517.5, 29947.0], [1517.25, 2040.0], [1517.0, 17110.0], [1516.75, 52094.0], [1516.5, 2084.0], [1516.25, 2044.0], [1516.0, 2047.0], [1515.75, 2595.0], [1515.5, 2050.0], [1515.25, 2050.0], [1515.0, 6839.0], [1514.75, 25490.0], [1514.5, 26357.0], [1514.25, 3018.0], [1514.0, 50189.0], [1513.75, 91604.0], [1513.0, 1564.0], [1512.75, 1984.0]], "asks": [[1518.25, 4001.0], [1518.5, 7367.0], [1518.75, 8191.0], [1519.0, 15375.0], [1519.25, 5345.0], [1519.5, 4544.0], [1519.75, 19610.0], [1520.0, 57732.0], [1520.25, 2047.0], [1520.5, 2072.0], [1520.75, 9434.0], [1521.0, 26316.0], [1521.25, 463.0], [1521.5, 2028.0], [1521.75, 2054.0], [1522.0, 16195.0], [1522.25, 48727.0], [1522.5, 1621.0], [1522.75, 18734.0], [1523.0, 1581.0]]}}}
{"jsonrpc": "2.0", "method": "subscription", "params": {"channel": "book.ETH-11APR25.none.20.100ms", "data": {"timestamp": 1744317007250, "change_id": 65270332427, "instrument_name": "ETH-11APR25", "bids": [[1518.0, 12601.0], [1517.75, 15795.0], [1517.5, 29947.0], [1517.25, 2040.0], [1517.0, 17110.0], [1516.75, 52094.0], [1516.5, 2084.0], [1516.25, 2044.0], [1516.0, 2047.0], [1515.75, 2595.0], [1515.5, 2050.0], [1515.25, 2050.0], [1515.0, 6839.0], [1514.75, 25490.0], [1514.5, 26357.0], [1514.25, 3018.0], [1514.0, 50189.0], [1513.75, 91604.0], [1513.0, 1564.0], [1512.75, 1984.0]], "asks": [[1518.25, 6501.0], [1518.5, 7367.0], [1518.75, 8191.0], [1519.0, 15375.0], [1519.25, 5345.0], [1519.5, 5105.0], [1519.75, 19610.0], [1520.0, 57732.0], [1520.25, 2047.0], [1520.5, 2072.0], [1520.75, 9434.0], [1521.0, 26316.0], [1521.25, 463.0], [1521.5, 2028.0], [1521.75, 2054.0], [1522.0, 16195.0], [1522.25, 48727.0], [1522.5, 1621.0], [1522.75, 18734.0], [1523.0, 1581.0]]}}}
{"jsonrpc": "2.0", "method": "subscription", "params": {"channel": "book.ETH-11APR25.none.20.100ms", "data": {"timestamp": 1744317007633, "change_id": 65270333007, "instrument_name": "ETH-11APR25", "bids": [[1518.0, 12600.0], [1517.75, 15795.0], [1517.5, 29947.0], [1517.25, 2040.0], [1517.0, 17110.0], [1516.75, 52094.0], [1516.5, 2084.0], [1516.25, 2044.0], [1516.0, 2047.0], [1515.75, 2595.0], [1515.5, 2050.0], [1515.25, 2050.0], [1515.0, 6839.0], [1514.75, 25490.0], [1514.5, 26357.0], [1514.25, 3018.0], [1514.0, 50189.0], [1513.75, 91604.0], [1513.0, 1564.0], [1512.75, 1984.0]], "asks": [[1518.25, 4001.0], [1518.5, 7367.0], [1518.75, 8191.0], [1519.0, 15375.0], [1519.25, 5345.0], [1519.5, 4544.0], [1519.75, 17612.0], [1520.0, 57732.0], [1520.25, 2047.0], [1520.5, 2072.0], [1520.75, 9434.0], [1521.0, 26316.0], [1521.25, 463.0], [1521.5, 2028.0], [1521.75, 2054.0], [1522.0, 16195.0], [1522.25, 48727.0], [1522.5, 1621.0], [1522.75, 18734.0], [1523.0, 1581.0]]}}}
{"jsonrpc": "2.0", "method": "subscription", "params": {"channel": "book.ETH-11APR25.none.20.100ms", "data": {"timestamp": 1744317007999, "change_id": 65270333158, "instrument_name": "ETH-11APR25", "bids": [[1518.0, 12600.0], [1517.75, 15795.0], [1517.5, 29947.0], [1517.25, 2040.0], [1517.0, 17110.0], [1516.75, 52094.0], [1516.5, 2084.0], [1516.25, 2044.0], [1516.0, 2047.0], [1515.75, 2595.0], [1515.5, 2050.0], [1515.25, 2050.0], [1515.0, 6839.0], [1514.75, 25490.0], [1514.5, 26357.0], [1514.25, 3018.0], [1514.0, 50189.0], [1513.75, 91604.0], [1513.0, 1564.0], [1512.75, 1984.0]], "asks": [[1518.25, 4001.0], [1518.5, 7367.0], [1518.75, 8191.0], [1519.0, 15375.0], [1519.25, 5345.0], [1519.5, 4544.0], [1519.75, 17612.0], [1520.0, 57732.0], [1520.25, 2047.0], [1520.5, 2072.0], [1520.75, 9434.0], [1521.0, 26316.0], [1521.25, 463.0], [1521.5, 2028.0], [1521.75, 2054.0], [1522.0, 16195.0], [1522.25, 48727.0], [1522.5, 1621.0], [1522.75, 18734.0], [1523.0, 1581.0]]}}}
{"jsonrpc": "2.0", "method": "subscription", "params": {"channel": "book.ETH-11APR25.none.20.100ms", "data": {"timestamp": 1744317008141, "change_id": 65270333206, "instrument_name": "ETH-11APR25", "bids": [[1518.0, 12601.0], [1517.75, 15795.0], [1517.5, 29947.0], [1517.25, 2040.0], [1517.0, 17110.0], [1516.75, 52094.0], [1516.5, 2084.0], [1516.25, 2044.0], [1516.0, 2047.0], [1515.75, 2595.0], [1515.5, 2050.0], [1515.25, 2050.0], [1515.0, 6839.0], [1514.75, 25490.0], [1514.5, 26357.0], [1514.25, 3018.0], [1514.0, 50189.0], [1513.75, 91604.0], [1513.0, 1564.0], [1512.75, 1984.0]], "asks": [[1518.25, 4001.0], [1518.5, 5763.0], [1518.75, 8191.0], [1519.0, 15375.0], [1519.25, 5345.0], [1519.5, 4544.0], [1519.75, 17612.0], [1520.0, 57732.0], [1520.25, 2047.0], [1520.5, 2072.0], [1520.75, 9434.0], [1521.0, 26316.0], [1521.25, 463.0], [1521.5, 2028.0], [1521.75, 2054.0], [1522.0, 16195.0], [1522.25, 48727.0], [1522.5, 1621.0], [1522.75, 18734.0], [1523.0, 1581.0]]}}}
{"jsonrpc": "2.0", "method": "subscription", "params": {"channel": "book.ETH-11APR25.none.20.100ms", "data": {"timestamp": 1744317008523, "change_id": 65270333884, "instrument_name": "ETH-11APR25", "bids": [[1518.0, 14638.0], [1517.75, 13758.0], [1517.5, 29947.0], [1517.25, 2040.0], [1517.0, 17110.0], [1516.75, 52094.0], [1516.5, 2084.0], [1516.25, 2044.0], [1516.0, 2047.0], [1515.75, 2595.0], [1515.5, 2050.0], [1515.25, 2050.0], [1515.0, 6839.0], [1514.75, 25490.0], [1514.5, 26357.0], [1514.25, 3018.0], [1514.0, 50189.0], [1513.75, 91604.0], [1513.0, 1564.0], [1512.75, 1984.0]], "asks": [[1518.25, 4001.0], [1518.5, 5763.0], [1518.75, 8191.0], [1519.0, 15375.0], [1519.25, 5345.0], [1519.5, 4544.0], [1519.75, 17612.0], [1520.0, 57732.0], [1520.25, 2047.0], [1520.5, 2072.0], [1520.75, 9434.0], [1521.0, 26316.0], [1521.25, 463.0], [1521.5, 2028.0], [1521.75, 2054.0], [1522.0, 16195.0], [1522.25, 48727.0], [1522.5, 1621.0], [1522.75, 18734.0], [1523.0, 1581.0]]}}}
{"jsonrpc": "2.0", "method": "subscription", "params": {"channel": "book.ETH-18APR25.none.20.100ms", "data": {"timestamp": 1744317008599, "change_id": 65270334078, "instrument_name": "ETH-18APR25", "bids": [[1517.5, 11924.0], [1517.25, 11633.0], [1517.0, 19141.0], [1516.75, 5992.0], [1516.5, 12342.0], [1516.25, 5789.0], [1516.0, 5831.0], [1515.75, 4723.0], [1515.5, 1323.0], [1515.25, 1323.0], [1515.0, 11760.0], [1514.75, 36498.0], [1514.5, 1337.0], [1514.25, 1324.0], [1514.0, 1351.0], [1513.75, 3515.0], [1513.5, 8110.0], [1513.25, 39365.0], [1513.0, 38868.0], [1512.75, 1117.0]], "asks": [[1518.0, 6962.0], [1518.25, 6493.0], [1518.5, 14754.0], [1518.75, 4420.0], [1519.0, 5806.0], [1519.25, 5786.0], [1519.5, 4749.0], [1519.75, 1076.0], [1520.0, 2171.0], [1520.25, 7581.0], [1520.5, 1349.0], [1520.75, 7157.0], [1521.0, 20254.0], [1522.0, 38836.0], [1522.5, 17359.0], [1523.0, 1097.0], [1523.25, 1075.0], [1523.5, 38617.0], [1523.75, 1118.0], [1524.0, 1494.0]]}}}
{"jsonrpc": "2.0", "method": "subscription", "params": {"channel": "book.ETH-11APR25.none.20.100ms", "data": {"timestamp": 1744317008892, "change_id": 65270334543, "instrument_name": "ETH-11APR25", "bids": [[1518.25, 1.0], [1518.0, 16168.0], [1517.75, 13758.0], [1517.5, 29947.0], [1517.25, 2040.0], [1517.0, 17110.0], [1516.75, 52094.0], [1516.5, 2084.0], [1516.25, 2044.0], [1516.0, 2047.0], [1515.75, 2595.0], [1515.5, 2050.0], [1515.25, 2050.0], [1515.0, 6839.0], [1514.75, 25490.0], [1514.5, 26357.0], [1514.25, 3018.0], [1514.0, 50189.0], [1513.75, 91604.0], [1513.0, 1564.0]], "asks": [[1518.5, 2500.0], [1518.75, 7352.0], [1519.0, 8286.0], [1519.25, 15345.0], [1519.5, 4544.0], [1519.75, 11034.0], [1520.0, 32072.0], [1520.25, 9707.0], [1520.5, 27732.0], [1520.75, 9434.0], [1521.0, 26316.0], [1521.25, 463.0], [1521.5, 2028.0], [1521.75, 2054.0], [1522.0, 16195.0], [1522.25, 48727.0], [1522.5, 1621.0], [1522.75, 18734.0], [1523.0, 1581.0], [1523.25, 1592.0]]}}}
{"jsonrpc": "2.0", "method": "subscription", "params": {"channel": "book.ETH-18APR25.none.20.100ms", "data": {"timestamp": 1744317008776, "change_id": 65270334384, "instrument_name": "ETH-18APR25", "bids": [[1517.5, 13872.0], [1517.25, 8851.0], [1517.0, 19141.0], [1516.75, 5992.0], [1516.5, 12342.0], [1516.25, 5789.0], [1516.0, 5831.0], [1515.75, 4723.0], [1515.5, 1323.0], [1515.25, 1323.0], [1515.0, 11760.0], [1514.75, 36498.0], [1514.5, 1337.0], [1514.25, 1324.0], [1514.0, 1351.0], [1513.75, 3515.0], [1513.5, 8110.0], [1513.25, 39365.0], [1513.0, 38868.0], [1512.75, 1117.0]], "asks": [[1518.0, 4917.0], [1518.25, 9275.0], [1518.5, 14754.0], [1518.75, 4420.0], [1519.0, 5806.0], [1519.25, 5786.0], [1519.5, 4749.0], [1519.75, 1076.0], [1520.0, 2171.0], [1520.25, 7581.0], [1520.5, 1349.0], [1520.75, 7157.0], [1521.0, 20254.0], [1522.0, 38836.0], [1522.5, 17359.0], [1523.0, 1097.0], [1523.25, 1075.0], [1523.5, 38617.0], [1523.75, 1118.0], [1524.0, 1494.0]]}}}
{"jsonrpc": "2.0", "method": "subscription", "params": {"channel": "book.ETH-11APR25.none.20.100ms", "data": {"timestamp": 1744317009231, "change_id": 65270334763, "instrument_name": "ETH-11APR25", "bids": [[1518.0, 16168.0], [1517.75, 13758.0], [1517.5, 29947.0], [1517.25, 2040.0], [1517.0, 17110.0], [1516.75, 52094.0], [1516.5, 2084.0], [1516.25, 2044.0], [1516.0, 2047.0], [1515.75, 2595.0], [1515.5, 2050.0], [1515.25, 2050.0], [1515.0, 6839.0], [1514.75, 25490.0], [1514.5, 26357.0], [1514.25, 3018.0], [1514.0, 50189.0], [1513.75, 91604.0], [1513.0, 1564.0], [1512.75, 1984.0]], "asks": [[1518.5, 4337.0], [1518.75, 7352.0], [1519.0, 8286.0], [1519.25, 15345.0], [1519.5, 4544.0], [1519.75, 11034.0], [1520.0, 32072.0], [1520.25, 9707.0], [1520.5, 27732.0], [1520.75, 9434.0], [1521.0, 26316.0], [1521.25, 463.0], [1521.5, 2028.0], [1521.75, 2054.0], [1522.0, 16195.0], [1522.25, 48727.0], [1522.5, 1621.0], [1522.75, 18734.0], [1523.0, 1581.0], [1523.25, 1592.0]]}}}
{"jsonrpc": "2.0", "method": "subscription", "params": {"channel": "book.ETH-18APR25.none.20.100ms", "data": {"timestamp": 1744317009152, "change_id": 65270334663, "instrument_name": "ETH-18APR25", "bids": [[1517.5, 13872.0], [1517.25, 4300.0], [1517.0, 3970.0], [1516.75, 5992.0], [1516.5, 12342.0], [1516.25, 5789.0], [1516.0, 5831.0], [1515.75, 4723.0], [1515.5, 1323.0], [1515.25, 1323.0], [1515.0, 11760.0], [1514.75, 36498.0], [1514.5, 1337.0], [1514.25, 1324.0], [1514.0, 1351.0], [1513.75, 3515.0], [1513.5, 8110.0], [1513.25, 39365.0], [1513.0, 38868.0], [1512.75, 1117.0]], "asks": [[1518.0, 4917.0], [1518.25, 9275.0], [1518.5, 14754.0], [1518.75, 4420.0], [1519.0, 5806.0], [1519.25, 5786.0], [1519.5, 4749.0], [1519.75, 1076.0], [1520.0, 2171.0], [1520.25, 7581.0], [1520.5, 1349.0], [1520.75, 7157.0], [1521.0, 20254.0], [1522.0, 38836.0], [1522.5, 17359.0], [1523.0, 1097.0], [1523.25, 1075.0], [1523.5, 38617.0], [1523.75, 1118.0], [1524.0, 1494.0]]}}}
{"jsonrpc": "2.0", "method": "subscription", "params": {"channel": "book.ETH-11APR25.none.20.100ms", "data": {"timestamp": 1744317009621, "change_id": 65270335372, "instrument_name": "ETH-11APR25", "bids": [[1518.25, 10100.0], [1518.0, 6068.0], [1517.75, 13758.0], [1517.5, 29947.0], [1517.25, 2040.0], [1517.0, 17110.0], [1516.75, 52094.0], [1516.5, 2084.0], [1516.25, 2044.0], [1516.0, 2047.0], [1515.75, 2595.0], [1515.5, 2050.0], [1515.25, 2050.0], [1515.0, 6839.0], [1514.75, 25490.0], [1514.5, 26357.0], [1514.25, 3018.0], [1514.0, 50189.0], [1513.75, 91604.0], [1513.0, 1564.0]], "asks": [[1518.5, 2500.0], [1518.75, 7352.0], [1519.0, 8286.0], [1519.25, 15345.0], [1519.5, 4544.0], [1519.75, 11034.0], [1520.0, 32072.0], [1520.25, 9707.0], [1520.5, 27732.0], [1520.75, 9434.0], [1521.0, 26316.0], [1521.25, 463.0], [1521.5, 2028.0], [1521.75, 2054.0], [1522.0, 16195.0], [1522.25, 48727.0], [1522.5, 1621.0], [1522.75, 18734.0], [1523.0, 1581.0], [1523.25, 1592.0]]}}}
{"jsonrpc": "2.0", "method": "subscription", "params": {"channel": "book.ETH-18APR25.none.20.100ms", "data": {"timestamp": 1744317009583, "change_id": 65270335298, "instrument_name": "ETH-18APR25", "bids": [[1517.5, 29047.0], [1517.25, 4300.0], [1517.0, 3970.0], [1516.75, 5992.0], [1516.5, 12342.0], [1516.25, 5789.0], [1516.0, 5831.0], [1515.75, 4723.0], [1515.5, 1323.0], [1515.25, 1323.0], [1515.0, 11760.0], [1514.75, 36498.0], [1514.5, 1337.0], [1514.25, 1324.0], [1514.0, 1351.0], [1513.75, 3515.0], [1513.5, 8110.0], [1513.25, 39365.0], [1513.0, 38868.0], [1512.75, 1117.0]], "asks": [[1518.0, 4917.0], [1518.25, 9275.0], [1518.5, 14754.0], [1518.75, 4420.0], [1519.0, 5806.0], [1519.25, 5786.0], [1519.5, 4749.0], [1519.75, 1076.0], [1520.0, 2171.0], [1520.25, 7581.0], [1520.5, 1349.0], [1520.75, 7157.0], [1521.0, 20254.0], [1522.0, 38836.0], [1522.5, 17359.0], [1523.0, 1097.0], [1523.25, 1075.0], [1523.5, 38617.0], [1523.75, 1118.0], [1524.0, 1494.0]]}}}
{"jsonrpc": "2.0", "method": "subscription", "params": {"channel": "book.ETH-11APR25.none.20.100ms", "data": {"timestamp": 1744317009953, "change_id": 65270335534, "instrument_name": "ETH-11APR25", "bids": [[1518.25, 10101.0], [1518.0, 7672.0], [1517.75, 13758.0], [1517.5, 29947.0], [1517.25, 2040.0], [1517.0, 17110.0], [1516.75, 52094.0], [1516.5, 2084.0], [1516.25, 2044.0], [1516.0, 2047.0], [1515.75, 2595.0], [1515.5, 2050.0], [1515.25, 2050.0], [1515.0, 6839.0], [1514.75, 25490.0], [1514.5, 26357.0], [1514.25, 3018.0], [1514.0, 50189.0], [1513.75, 91604.0], [1513.0, 1564.0]], "asks": [[1518.5, 2500.0], [1518.75, 7352.0], [1519.0, 8286.0], [1519.25, 15345.0], [1519.5, 4544.0], [1519.75, 11034.0], [1520.0, 32072.0], [1520.25, 9707.0], [1520.5, 27732.0], [1520.75, 9434.0], [1521.0, 26316.0], [1521.25, 463.0], [1521.5, 2028.0], [1521.75, 2054.0], [1522.0, 16195.0], [1522.25, 48727.0], [1522.5, 1621.0], [1522.75, 18734.0], [1523.0, 1581.0], [1523.25, 1592.0]]}}}
{"jsonrpc": "2.0", "method": "subscription", "params": {"channel": "book.ETH-11APR25.none.20.100ms", "data": {"timestamp": 1744317010216, "change_id": 65270335676, "instrument_name": "ETH-11APR25", "bids": [[1518.25, 10101.0], [1518.0, 7672.0], [1517.75, 13758.0], [1517.5, 29947.0], [1517.25, 2040.0], [1517.0, 17110.0], [1516.75, 52094.0], [1516.5, 2084.0], [1516.25, 2044.0], [1516.0, 2047.0], [1515.75, 2595.0], [1515.5, 2050.0], [1515.25, 2050.0], [1515.0, 6839.0], [1514.75, 25490.0], [1514.5, 26357.0], [1514.25, 3018.0], [1514.0, 50189.0], [1513.75, 91604.0], [1513.0, 1564.0]], "asks": [[1518.5, 2500.0], [1518.75, 7352.0], [1519.0, 8286.0], [1519.25, 15345.0], [1519.5, 4544.0], [1519.75, 11034.0], [1520.0, 33935.0], [1520.25, 9707.0], [1520.5, 27732.0], [1520.75, 9434.0], [1521.0, 26316.0], [1521.25, 463.0], [1521.5, 2028.0], [1521.75, 2054.0], [1522.0, 16195.0], [1522.25, 48727.0], [1522.5, 1621.0], [1522.75, 18734.0], [1523.0, 1581.0], [1523.25, 1592.0]]}}}
{"jsonrpc": "2.0", "method": "subscription", "params": {"channel": "book.ETH-11APR25.none.20.100ms", "data": {"timestamp": 1744317010360, "change_id": 65270335997, "instrument_name": "ETH-11APR25", "bids": [[1518.25, 10100.0], [1518.0, 7672.0], [1517.75, 13758.0], [1517.5, 29947.0], [1517.25, 2040.0], [1517.0, 17110.0], [1516.75, 52094.0], [1516.5, 2084.0], [1516.25, 2044.0], [1516.0, 2047.0], [1515.75, 2595.0], [1515.5, 2050.0], [1515.25, 2050.0], [1515.0, 6839.0], [1514.75, 25490.0], [1514.5, 26357.0], [1514.25, 3018.0], [1514.0, 50189.0], [1513.75, 91604.0], [1513.0, 1564.0]], "asks": [[1518.5, 4537.0], [1518.75, 5315.0], [1519.0, 8286.0], [1519.25, 15345.0], [1519.5, 4544.0], [1519.75, 11034.0], [1520.0, 33935.0], [1520.25, 9707.0], [1520.5, 27732.0], [1520.75, 9434.0], [1521.0, 26316.0], [1521.25, 463.0], [1521.5, 2028.0], [1521.75, 2054.0], [1522.0, 16195.0], [1522.25, 48727.0], [1522.5, 1621.0], [1522.75, 18734.0], [1523.0, 1581.0], [1523.25, 1592.0]]}}}
{"jsonrpc": "2.0", "method": "subscription", "params": {"channel": "book.ETH-18APR25.none.20.100ms", "data": {"timestamp": 1744317010357, "change_id": 65270335967, "instrument_name": "ETH-18APR25", "bids": [[1517.5, 29047.0], [1517.25, 4300.0], [1517.0, 3970.0], [1516.75, 5992.0], [1516.5, 12342.0], [1516.25, 5789.0], [1516.0, 5831.0], [1515.75, 4723.0], [1515.5, 1323.0], [1515.25, 1323.0], [1515.0, 11760.0], [1514.75, 36498.0], [1514.5, 1337.0], [1514.25, 1324.0], [1514.0, 1351.0], [1513.75, 3515.0], [1513.5, 8110.0], [1513.25, 39365.0], [1513.0, 38868.0], [1512.75, 1117.0]], "asks": [[1518.0, 6962.0], [1518.25, 6493.0], [1518.5, 14754.0], [1518.75, 4420.0], [1519.0, 5806.0], [1519.25, 5786.0], [1519.5, 4749.0], [1519.75, 1076.0], [1520.0, 2171.0], [1520.25, 7581.0], [1520.5, 1349.0], [1520.75, 7157.0], [1521.0, 20254.0], [1522.0, 38836.0], [1522.5, 17359.0], [1523.0, 1097.0], [1523.25, 1075.0], [1523.5, 38617.0], [1523.75, 1118.0], [1524.0, 1494.0]]}}}
{"jsonrpc": "2.0", "method": "subscription", "params": {"channel": "book.ETH-11APR25.none.20.100ms", "data": {"timestamp": 1744317010972, "change_id": 65270336574, "instrument_name": "ETH-11APR25", "bids": [[1518.25, 10100.0], [1518.0, 7068.0], [1517.75, 12758.0], [1517.5, 29947.0], [1517.25, 2040.0], [1517.0, 17110.0], [1516.75, 52094.0], [1516.5, 2084.0], [1516.25, 2044.0], [1516.0, 2047.0], [1515.75, 2595.0], [1515.5, 2050.0], [1515.25, 2050.0], [1515.0, 6839.0], [1514.75, 25490.0], [1514.5, 26357.0], [1514.25, 3018.0], [1514.0, 50189.0], [1513.75, 91604.0], [1513.0, 1564.0]], "asks": [[1518.5, 9038.0], [1518.75, 5315.0], [1519.0, 8286.0], [1519.25, 15345.0], [1519.5, 4544.0], [1519.75, 11034.0], [1520.0, 32072.0], [1520.25, 9707.0], [1520.5, 27732.0], [1520.75, 9434.0], [1521.0, 26316.0], [1521.25, 463.0], [1521.5, 2028.0], [1521.75, 2054.0], [1522.0, 16195.0], [1522.25, 48727.0], [1522.5, 1621.0], [1522.75, 18734.0], [1523.0, 1581.0], [1523.25, 1592.0]]}}}
{"jsonrpc": "2.0", "method": "subscription", "params": {"channel": "book.ETH-11APR25.none.20.100ms", "data": {"timestamp": 1744317011190, "change_id": 65270336832, "instrument_name": "ETH-11APR25", "bids": [[1518.25, 10100.0], [1518.0, 1000.0], [1517.75, 13191.0], [1517.5, 29947.0], [1517.25, 2040.0], [1517.0, 17110.0], [1516.75, 52094.0], [1516.5, 2084.0], [1516.25, 2044.0], [1516.0, 2047.0], [1515.75, 2595.0], [1515.5, 2050.0], [1515.25, 2050.0], [1515.0, 6839.0], [1514.75, 25490.0], [1514.5, 26357.0], [1514.25, 3018.0], [1514.0, 50189.0], [1513.75, 91604.0], [1513.0, 1564.0]], "asks": [[1518.5, 9038.0], [1518.75, 5315.0], [1519.0, 8286.0], [1519.25, 15345.0], [1519.5, 4544.0], [1519.75, 11034.0], [1520.0, 32072.0], [1520.25, 9707.0], [1520.5, 27732.0], [1520.75, 9434.0], [1521.0, 26316.0], [1521.25, 463.0], [1521.5, 2028.0], [1521.75, 2054.0], [1522.0, 16195.0], [1522.25, 48727.0], [1522.5, 1621.0], [1522.75, 18734.0], [1523.0, 1581.0], [1523.25, 1592.0]]}}}
{"jsonrpc": "2.0", "method": "subscription", "params": {"channel": "book.ETH-18APR25.none.20.100ms", "data": {"timestamp": 1744317011288, "change_id": 65270336995, "instrument_name": "ETH-18APR25", "bids": [[1517.5, 10342.0], [1517.25, 20226.0], [1517.0, 6752.0], [1516.75, 5992.0], [1516.5, 12342.0], [1516.25, 5789.0], [1516.0, 5831.0], [1515.75, 4723.0], [1515.5, 1323.0], [1515.25, 1323.0], [1515.0, 11760.0], [1514.75, 36498.0], [1514.5, 1337.0], [1514.25, 1324.0], [1514.0, 1351.0], [1513.75, 3515.0], [1513.5, 8110.0], [1513.25, 39365.0], [1513.0, 38868.0], [1512.75, 1117.0]], "asks": [[1517.75, 2782.0], [1518.0, 4180.0], [1518.25, 6493.0], [1518.5, 14754.0], [1518.75, 4420.0], [1519.0, 5806.0], [1519.25, 5786.0], [1519.5, 4749.0], [1519.75, 1076.0], [1520.0, 2171.0], [1520.25, 7581.0], [1520.5, 1349.0], [1520.75, 7157.0], [1521.0, 20254.0], [1522.0, 38836.0], [1522.5, 17359.0], [1523.0, 1097.0], [1523.25, 1075.0], [1523.5, 38617.0], [1523.75, 1118.0]]}}}
{"jsonrpc": "2.0", "method": "subscription", "params": {"channel": "book.ETH-11APR25.none.20.100ms", "data": {"timestamp": 1744317011527, "change_id": 65270337388, "instrument_name": "ETH-11APR25", "bids": [[1518.25, 10000.0], [1518.0, 1000.0], [1517.75, 13291.0], [1517.5, 29947.0], [1517.25, 2040.0], [1517.0, 17110.0], [1516.75, 52094.0], [1516.5, 2084.0], [1516.25, 2044.0], [1516.0, 2047.0], [1515.75, 2595.0], [1515.5, 2050.0], [1515.25, 2050.0], [1515.0, 6839.0], [1514.75, 25490.0], [1514.5, 26357.0], [1514.25, 3018.0], [1514.0, 50189.0], [1513.75, 91604.0], [1513.0, 1564.0]], "asks": [[1518.5, 9038.0], [1518.75, 5315.0], [1519.0, 8286.0], [1519.25, 15345.0], [1519.5, 4544.0], [1519.75, 11034.0], [1520.0, 32072.0], [1520.25, 9707.0], [1520.5, 27732.0], [1520.75, 9434.0], [1521.0, 26316.0], [1521.25, 463.0], [1521.5, 2028.0], [1521.75, 2054.0], [1522.0, 16195.0], [1522.25, 48727.0], [1522.5, 1621.0], [1522.75, 18734.0], [1523.0, 1581.0], [1523.25, 1592.0]]}}}
{"jsonrpc": "2.0", "method": "subscription", "params": {"channel": "book.ETH-11APR25.none.20.100ms", "data": {"timestamp": 1744317011675, "change_id": 65270337579, "instrument_name": "ETH-11APR25", "bids": [[1518.25, 10000.0], [1518.0, 1100.0], [1517.75, 13191.0], [1517.5, 29947.0], [1517.25, 2040.0], [1517.0, 17110.0], [1516.75, 52094.0], [1516.5, 2084.0], [1516.25, 2044.0], [1516.0, 2047.0], [1515.75, 2595.0], [1515.5, 2050.0], [1515.25, 2050.0], [1515.0, 6839.0], [1514.75, 25490.0], [1514.5, 26357.0], [1514.25, 3018.0], [1514.0, 50189.0], [1513.75, 91604.0], [1513.0, 1564.0]], "asks": [[1518.5, 9038.0], [1518.75, 5315.0], [1519.0, 8286.0], [1519.25, 15345.0], [1519.5, 4544.0], [1519.75, 11034.0], [1520.0, 32072.0], [1520.25, 9707.0], [1520.5, 27732.0], [1520.75, 9434.0], [1521.0, 26316.0], [1521.25, 463.0], [1521.5, 2028.0], [1521.75, 2054.0], [1522.0, 16195.0], [1522.25, 48727.0], [1522.5, 1621.0], [1522.75, 18734.0], [1523.0, 1581.0], [1523.25, 1592.0]]}}}
{"jsonrpc": "2.0", "method": "subscription", "params": {"channel": "book.ETH-18APR25.none.20.100ms", "data": {"timestamp": 1744317012123, "change_id": 65270337860, "instrument_name": "ETH-18APR25", "bids": [[1517.5, 11090.0], [1517.25, 5052.0], [1517.0, 6752.0], [1516.75, 5992.0], [1516.5, 12342.0], [1516.25, 5789.0], [1516.0, 5831.0], [1515.75, 4723.0], [1515.5, 1323.0], [1515.25, 1323.0], [1515.0, 11760.0], [1514.75, 36498.0], [1514.5, 1337.0], [1514.25, 1324.0], [1514.0, 1351.0], [1513.75, 3515.0], [1513.5, 8110.0], [1513.25, 39365.0], [1513.0, 38868.0], [1512.75, 1117.0]], "asks": [[1518.0, 6962.0], [1518.25, 6493.0], [1518.5, 14754.0], [1518.75, 4420.0], [1519.0, 5806.0], [1519.25, 5786.0], [1519.5, 4749.0], [1519.75, 1076.0], [1520.0, 2171.0], [1520.25, 7581.0], [1520.5, 1349.0], [1520.75, 7157.0], [1521.0, 20254.0], [1522.0, 38836.0], [1522.5, 17359.0], [1523.0, 1097.0], [1523.25, 1075.0], [1523.5, 38617.0], [1523.75, 1118.0], [1524.0, 1494.0]]}}}
{"jsonrpc": "2.0", "method": "subscription", "params": {"channel": "book.ETH-11APR25.none.20.100ms", "data": {"timestamp": 1744317012632, "change_id": 65270338572, "instrument_name": "ETH-11APR25", "bids": [[1518.0, 1100.0], [1517.75, 23191.0], [1517.5, 29947.0], [1517.25, 2040.0], [1517.0, 17110.0], [1516.75, 52094.0], [1516.5, 2084.0], [1516.25, 2044.0], [1516.0, 2047.0], [1515.75, 2595.0], [1515.5, 2050.0], [1515.25, 2050.0], [1515.0, 6839.0], [1514.75, 25490.0], [1514.5, 26357.0], [1514.25, 3018.0], [1514.0, 50189.0], [1513.75, 91604.0], [1513.0, 1564.0], [1512.75, 1984.0]], "asks": [[1518.5, 10263.0], [1518.75, 8191.0], [1519.0, 15375.0], [1519.25, 5345.0], [1519.5, 4544.0], [1519.75, 11034.0], [1520.0, 32072.0], [1520.25, 9707.0], [1520.5, 27732.0], [1520.75, 9434.0], [1521.0, 26316.0], [1521.25, 463.0], [1521.5, 2028.0], [1521.75, 2054.0], [1522.0, 16195.0], [1522.25, 48727.0], [1522.5, 1621.0], [1522.75, 18734.0], [1523.0, 1581.0], [1523.25, 1592.0]]}}}
{"jsonrpc": "2.0", "method": "subscription", "params": {"channel": "book.ETH-18APR25.none.20.100ms", "data": {"timestamp": 1744317012632, "change_id": 65270338549, "instrument_name": "ETH-18APR25", "bids": [[1517.5, 1090.0], [1517.25, 7958.0], [1517.0, 16752.0], [1516.75, 5992.0], [1516.5, 12342.0], [1516.25, 5789.0], [1516.0, 5831.0], [1515.75, 4723.0], [1515.5, 1323.0], [1515.25, 1323.0], [1515.0, 11760.0], [1514.75, 36498.0], [1514.5, 1337.0], [1514.25, 1324.0], [1514.0, 1351.0], [1513.75, 3515.0], [1513.5, 8110.0], [1513.25, 39365.0], [1513.0, 38868.0], [1512.75, 1117.0]], "asks": [[1518.0, 6962.0], [1518.25, 6493.0], [1518.5, 14754.0], [1518.75, 4420.0], [1519.0, 5806.0], [1519.25, 5786.0], [1519.5, 4749.0], [1519.75, 1076.0], [1520.0, 2171.0], [1520.25, 7581.0], [1520.5, 1349.0], [1520.75, 7157.0], [1521.0, 20254.0], [1522.0, 38836.0], [1522.5, 17359.0], [1523.0, 1097.0], [1523.25, 1075.0], [1523.5, 38617.0], [1523.75, 1118.0], [1524.0, 1494.0]]}}}
{"jsonrpc": "2.0", "method": "subscription", "params": {"channel": "book.ETH-11APR25.none.20.100ms", "data": {"timestamp": 1744317012878, "change_id": 65270338979, "instrument_name": "ETH-11APR25", "bids": [[1518.0, 11100.0], [1517.75, 7640.0], [1517.5, 12133.0], [1517.25, 27420.0], [1517.0, 17110.0], [1516.75, 52094.0], [1516.5, 2084.0], [1516.25, 2044.0], [1516.0, 2047.0], [1515.75, 2595.0], [1515.5, 2050.0], [1515.25, 2050.0], [1515.0, 6839.0], [1514.75, 25490.0], [1514.5, 26357.0], [1514.25, 3018.0], [1514.0, 50189.0], [1513.75, 91604.0], [1513.0, 1564.0], [1512.75, 1984.0]], "asks": [[1518.5, 10263.0], [1518.75, 8191.0], [1519.0, 15375.0], [1519.25, 5345.0], [1519.5, 4544.0], [1519.75, 11034.0], [1520.0, 32072.0], [1520.25, 9707.0], [1520.5, 27732.0], [1520.75, 9434.0], [1521.0, 26316.0], [1521.25, 463.0], [1521.5, 2028.0], [1521.75, 2054.0], [1522.0, 16195.0], [1522.25, 48727.0], [1522.5, 1621.0], [1522.75, 18734.0], [1523.0, 1581.0], [1523.25, 1592.0]]}}}
{"jsonrpc": "2.0", "method": "subscription", "params": {"channel": "book.ETH-18APR25.none.20.100ms", "data": {"timestamp": 1744317012952, "change_id": 65270339073, "instrument_name": "ETH-18APR25", "bids": [[1517.5, 3996.0], [1517.25, 17082.0], [1517.0, 3970.0], [1516.75, 5992.0], [1516.5, 12342.0], [1516.25, 5789.0], [1516.0, 5831.0], [1515.75, 4723.0], [1515.5, 1323.0], [1515.25, 1323.0], [1515.0, 11760.0], [1514.75, 36498.0], [1514.5, 1337.0], [1514.25, 1324.0], [1514.0, 1351.0], [1513.75, 3515.0], [1513.5, 8110.0], [1513.25, 39365.0], [1513.0, 38868.0], [1512.75, 1117.0]], "asks": [[1518.0, 6962.0], [1518.25, 6493.0], [1518.5, 14754.0], [1518.75, 4420.0], [1519.0, 5806.0], [1519.25, 5786.0], [1519.5, 4749.0], [1519.75, 1076.0], [1520.0, 2171.0], [1520.25, 7581.0], [1520.5, 1349.0], [1520.75, 7157.0], [1521.0, 20254.0], [1522.0, 38836.0], [1522.5, 17359.0], [1523.0, 1097.0], [1523.25, 1075.0], [1523.5, 38617.0], [1523.75, 1118.0], [1524.0, 1494.0]]}}}
{"jsonrpc": "2.0", "method": "subscription", "params": {"channel": "book.ETH-11APR25.none.20.100ms", "data": {"timestamp": 1744317013274, "change_id": 65270339431, "instrument_name": "ETH-11APR25", "bids": [[1518.25, 2501.0], [1518.0, 15433.0], [1517.75, 7640.0], [1517.5, 12133.0], [1517.25, 27420.0], [1517.0, 17110.0], [1516.75, 52094.0], [1516.5, 2084.0], [1516.25, 2044.0], [1516.0, 2047.0], [1515.75, 2595.0], [1515.5, 2050.0], [1515.25, 2050.0], [1515.0, 6839.0], [1514.75, 25490.0], [1514.5, 26357.0], [1514.25, 3018.0], [1514.0, 50189.0], [1513.75, 91604.0], [1513.0, 1564.0]], "asks": [[1518.5, 9037.0], [1518.75, 8191.0], [1519.0, 15375.0], [1519.25, 5345.0], [1519.5, 4544.0], [1519.75, 11034.0], [1520.0, 32072.0], [1520.25, 9707.0], [1520.5, 27732.0], [1520.75, 9434.0], [1521.0, 26316.0], [1521.25, 463.0], [1521.5, 2028.0], [1521.75, 2054.0], [1522.0, 16195.0], [1522.25, 48727.0], [1522.5, 1621.0], [1522.75, 18734.0], [1523.0, 1581.0], [1523.25, 1592.0]]}}}
{"jsonrpc": "2.0", "method": "subscription", "params": {"channel": "book.ETH-18APR25.none.20.100ms", "data": {"timestamp": 1744317013230, "change_id": 65270339368, "instrument_name": "ETH-18APR25", "bids": [[1517.5, 11831.0], [1517.25, 7082.0], [1517.0, 3970.0], [1516.75, 5992.0], [1516.5, 12342.0], [1516.25, 5789.0], [1516.0, 5831.0], [1515.75, 4723.0], [1515.5, 1323.0], [1515.25, 1323.0], [1515.0, 11760.0], [1514.75, 36498.0], [1514.5, 1337.0], [1514.25, 1324.0], [1514.0, 1351.0], [1513.75, 3515.0], [1513.5, 8110.0], [1513.25, 39365.0], [1513.0, 38868.0], [1512.75, 1117.0]], "asks": [[1518.0, 6962.0], [1518.25, 6493.0], [1518.5, 14754.0], [1518.75, 4420.0], [1519.0, 5806.0], [1519.25, 5786.0], [1519.5, 4749.0], [1519.75, 1076.0], [1520.0, 2171.0], [1520.25, 7581.0], [1520.5, 1349.0], [1520.75, 7157.0], [1521.0, 20254.0], [1522.0, 38836.0], [1522.5, 17359.0], [1523.0, 1097.0], [1523.25, 1075.0], [1523.5, 38617.0], [1523.75, 1118.0], [1524.0, 1494.0]]}}}
{"jsonrpc": "2.0", "method": "subscription", "params": {"channel": "book.ETH-11APR25.none.20.100ms", "data": {"timestamp": 1744317013584, "change_id": 65270339961, "instrument_name": "ETH-11APR25", "bids": [[1518.25, 2500.0], [1518.0, 15433.0], [1517.75, 7640.0], [1517.5, 12133.0], [1517.25, 27420.0], [1517.0, 17110.0], [1516.75, 52094.0], [1516.5, 2084.0], [1516.25, 2044.0], [1516.0, 2047.0], [1515.75, 2595.0], [1515.5, 2050.0], [1515.25, 2050.0], [1515.0, 6839.0], [1514.75, 25490.0], [1514.5, 26357.0], [1514.25, 3018.0], [1514.0, 50189.0], [1513.75, 91604.0], [1513.0, 1564.0]], "asks": [[1518.5, 9038.0], [1518.75, 8191.0], [1519.0, 15375.0], [1519.25, 5345.0], [1519.5, 4903.0], [1519.75, 12357.0], [1520.0, 32072.0], [1520.25, 9707.0], [1520.5, 27732.0], [1520.75, 9434.0], [1521.0, 26316.0], [1521.25, 463.0], [1521.5, 2028.0], [1521.75, 2054.0], [1522.0, 16195.0], [1522.25, 48727.0], [1522.5, 1621.0], [1522.75, 18734.0], [1523.0, 1581.0], [1523.25, 1592.0]]}}}
{"jsonrpc": "2.0", "method": "subscription", "params": {"channel": "book.ETH-11APR25.none.20.100ms", "data": {"timestamp": 1744317013689, "change_id": 65270340161, "instrument_name": "ETH-11APR25", "bids": [[1518.25, 2500.0], [1518.0, 15433.0], [1517.75, 7640.0], [1517.5, 12133.0], [1517.25, 27420.0], [1517.0, 17110.0], [1516.75, 52094.0], [1516.5, 2084.0], [1516.25, 2044.0], [1516.0, 2047.0], [1515.75, 2595.0], [1515.5, 2050.0], [1515.25, 2050.0], [1515.0, 6839.0], [1514.75, 25490.0], [1514.5, 26357.0], [1514.25, 3018.0], [1514.0, 50189.0], [1513.75, 91604.0], [1513.0, 1564.0]], "asks": [[1518.5, 9037.0], [1518.75, 8191.0], [1519.0, 15375.0], [1519.25, 5345.0], [1519.5, 4903.0], [1519.75, 12357.0], [1520.0, 32072.0], [1520.25, 9707.0], [1520.5, 27732.0], [1520.75, 9434.0], [1521.0, 26316.0], [1521.25, 463.0], [1521.5, 2028.0], [1521.75, 2054.0], [1522.0, 16195.0], [1522.25, 48727.0], [1522.5, 1621.0], [1522.75, 18734.0], [1523.0, 1581.0], [1523.25, 1592.0]]}}}
{"jsonrpc": "2.0", "method": "subscription", "params": {"channel": "book.ETH-18APR25.none.20.100ms", "data": {"timestamp": 1744317013661, "change_id": 65270340090, "instrument_name": "ETH-18APR25", "bids": [[1517.5, 27006.0], [1517.25, 7082.0], [1517.0, 3970.0], [1516.75, 5992.0], [1516.5, 12342.0], [1516.25, 5789.0], [1516.0, 5831.0], [1515.75, 4723.0], [1515.5, 1323.0], [1515.25, 1323.0], [1515.0, 11760.0], [1514.75, 36498.0], [1514.5, 1337.0], [1514.25, 1324.0], [1514.0, 1351.0], [1513.75, 3515.0], [1513.5, 8110.0], [1513.25, 39365.0], [1513.0, 38868.0], [1512.75, 1117.0]], "asks": [[1518.0, 6962.0], [1518.25, 6493.0], [1518.5, 14754.0], [1518.75, 4420.0], [1519.0, 5806.0], [1519.25, 5786.0], [1519.5, 4749.0], [1519.75, 1076.0], [1520.0, 2171.0], [1520.25, 7581.0], [1520.5, 1349.0], [1520.75, 7157.0], [1521.0, 20254.0], [1522.0, 38836.0], [1522.5, 17359.0], [1523.0, 1097.0], [1523.25, 1075.0], [1523.5, 38617.0], [1523.75, 1118.0], [1524.0, 1494.0]]}}}
{"jsonrpc": "2.0", "method": "subscription", "params": {"channel": "book.ETH-11APR25.none.20.100ms", "data": {"timestamp": 1744317014287, "change_id": 65270340531, "instrument_name": "ETH-11APR25", "bids": [[1518.25, 2500.0], [1518.0, 15433.0], [1517.75, 7640.0], [1517.5, 12133.0], [1517.25, 27420.0], [1517.0, 17110.0], [1516.75, 52094.0], [1516.5, 2084.0], [1516.25, 2044.0], [1516.0, 2047.0], [1515.75, 2595.0], [1515.5, 2050.0], [1515.25, 2050.0], [1515.0, 6839.0], [1514.75, 25490.0], [1514.5, 26357.0], [1514.25, 3018.0], [1514.0, 50189.0], [1513.75, 91604.0], [1513.0, 1564.0]], "asks": [[1518.5, 9038.0], [1518.75, 8191.0], [1519.0, 15375.0], [1519.25, 5345.0], [1519.5, 4903.0], [1519.75, 13356.0], [1520.0, 32072.0], [1520.25, 9707.0], [1520.5, 27732.0], [1520.75, 9434.0], [1521.0, 26316.0], [1521.25, 463.0], [1521.5, 2028.0], [1521.75, 2054.0], [1522.0, 16195.0], [1522.25, 48727.0], [1522.5, 1621.0], [1522.75, 18734.0], [1523.0, 1581.0], [1523.25, 1592.0]]}}}
{"jsonrpc": "2.0", "method": "subscription", "params": {"channel": "book.ETH-11APR25.none.20.100ms", "data": {"timestamp": 1744317014289, "change_id": 65270340532, "instrument_name": "ETH-11APR25", "bids": [[1518.25, 2500.0], [1518.0, 15433.0], [1517.75, 7640.0], [1517.5, 12133.0], [1517.25, 27420.0], [1517.0, 17110.0], [1516.75, 52094.0], [1516.5, 2084.0], [1516.25, 2044.0], [1516.0, 2047.0], [1515.75, 2595.0], [1515.5, 2050.0], [1515.25, 2050.0], [1515.0, 6839.0], [1514.75, 25490.0], [1514.5, 26357.0], [1514.25, 3018.0], [1514.0, 50189.0], [1513.75, 91604.0], [1513.0, 1564.0]], "asks": [[1518.5, 9037.0], [1518.75, 8191.0], [1519.0, 15375.0], [1519.25, 5345.0], [1519.5, 4903.0], [1519.75, 13356.0], [1520.0, 32072.0], [1520.25, 9707.0], [1520.5, 27732.0], [1520.75, 9434.0], [1521.0, 26316.0], [1521.25, 463.0], [1521.5, 2028.0], [1521.75, 2054.0], [1522.0, 16195.0], [1522.25, 48727.0], [1522.5, 1621.0], [1522.75, 18734.0], [1523.0, 1581.0], [1523.25, 1592.0]]}}}
{"jsonrpc": "2.0", "method": "subscription", "params": {"channel": "book.ETH-18APR25.none.20.100ms", "data": {"timestamp": 1744317014496, "change_id": 65270340771, "instrument_name": "ETH-18APR25", "bids": [[1517.5, 11831.0], [1517.25, 7082.0], [1517.0, 3970.0], [1516.75, 5992.0], [1516.5, 12342.0], [1516.25, 5789.0], [1516.0, 5831.0], [1515.75, 4723.0], [1515.5, 1323.0], [1515.25, 1323.0], [1515.0, 11760.0], [1514.75, 36498.0], [1514.5, 1337.0], [1514.25, 1324.0], [1514.0, 1351.0], [1513.75, 3515.0], [1513.5, 8110.0], [1513.25, 39365.0], [1513.0, 38868.0], [1512.75, 1117.0]], "asks": [[1518.0, 6962.0], [1518.25, 6493.0], [1518.5, 14754.0], [1518.75, 4420.0], [1519.0, 5806.0], [1519.25, 5786.0], [1519.5, 4749.0], [1519.75, 1076.0], [1520.0, 2171.0], [1520.25, 7581.0], [1520.5, 1349.0], [1520.75, 7157.0], [1521.0, 20254.0], [1522.0, 38836.0], [1522.5, 17359.0], [1523.0, 1097.0], [1523.25, 1075.0], [1523.5, 38617.0], [1523.75, 1118.0], [1524.0, 1494.0]]}}}
{"jsonrpc": "2.0", "method": "subscription", "params": {"channel": "book.ETH-11APR25.none.20.100ms", "data": {"timestamp": 1744317014884, "change_id": 65270341304, "instrument_name": "ETH-11APR25", "bids": [[1518.25, 12601.0], [1518.0, 8273.0], [1517.75, 5603.0], [1517.5, 12133.0], [1517.25, 27420.0], [1517.0, 17110.0], [1516.75, 52094.0], [1516.5, 2084.0], [1516.25, 2044.0], [1516.0, 2047.0], [1515.75, 2595.0], [1515.5, 2050.0], [1515.25, 2050.0], [1515.0, 6839.0], [1514.75, 25490.0], [1514.5, 26357.0], [1514.25, 3018.0], [1514.0, 50189.0], [1513.75, 91604.0], [1513.0, 1564.0]], "asks": [[1518.5, 6537.0], [1518.75, 5301.0], [1519.0, 5375.0], [1519.25, 15345.0], [1519.5, 4903.0], [1519.75, 13356.0], [1520.0, 32072.0], [1520.25, 9707.0], [1520.5, 27732.0], [1520.75, 9434.0], [1521.0, 26316.0], [1521.25, 463.0], [1521.5, 2028.0], [1521.75, 2054.0], [1522.0, 16195.0], [1522.25, 48727.0], [1522.5, 1621.0], [1522.75, 18734.0], [1523.0, 1581.0], [1523.25, 1592.0]]}}}
{"jsonrpc": "2.0", "method": "subscription", "params": {"channel": "book.ETH-18APR25.none.20.100ms", "data": {"timestamp": 1744317014933, "change_id": 65270341337, "instrument_name": "ETH-18APR25", "bids": [[1517.5, 15096.0], [1517.25, 7082.0], [1517.0, 3970.0], [1516.75, 7069.0], [1516.5, 12342.0], [1516.25, 5789.0], [1516.0, 5831.0], [1515.75, 4723.0], [1515.5, 1323.0], [1515.25, 1323.0], [1515.0, 11760.0], [1514.75, 36498.0], [1514.5, 1337.0], [1514.25, 1324.0], [1514.0, 1351.0], [1513.75, 3515.0], [1513.5, 8110.0], [1513.25, 39365.0], [1513.0, 38868.0], [1512.75, 1117.0]], "asks": [[1518.0, 4917.0], [1518.25, 9275.0], [1518.5, 14754.0], [1518.75, 4420.0], [1519.0, 5806.0], [1519.25, 5786.0], [1519.5, 4749.0], [1519.75, 1076.0], [1520.0, 2171.0], [1520.25, 7581.0], [1520.5, 1349.0], [1520.75, 7157.0], [1521.0, 20254.0], [1522.0, 38836.0], [1522.5, 17359.0], [1523.0, 1097.0], [1523.25, 1075.0], [1523.5, 38617.0], [1523.75, 1118.0], [1524.0, 1494.0]]}}}
{"jsonrpc": "2.0", "method": "subscription", "params": {"channel": "book.ETH-11APR25.none.20.100ms", "data": {"timestamp": 1744317015116, "change_id": 65270341445, "instrument_name": "ETH-11APR25", "bids": [[1518.25, 12600.0], [1518.0, 8273.0], [1517.75, 5603.0], [1517.5, 12133.0], [1517.25, 27420.0], [1517.0, 17110.0], [1516.75, 52094.0], [1516.5, 2084.0], [1516.25, 2044.0], [1516.0, 2047.0], [1515.75, 2595.0], [1515.5, 2050.0], [1515.25, 2050.0], [1515.0, 6839.0], [1514.75, 25490.0], [1514.5, 26357.0], [1514.25, 3018.0], [1514.0, 50189.0], [1513.75, 91604.0], [1513.0, 1564.0]], "asks": [[1518.5, 9038.0], [1518.75, 5301.0], [1519.0, 5375.0], [1519.25, 15345.0], [1519.5, 4903.0], [1519.75, 13356.0], [1520.0, 32072.0], [1520.25, 9707.0], [1520.5, 27732.0], [1520.75, 9434.0], [1521.0, 26316.0], [1521.25, 463.0], [1521.5, 2028.0], [1521.75, 2054.0], [1522.0, 16195.0], [1522.25, 48727.0], [1522.5, 1621.0], [1522.75, 18734.0], [1523.0, 1581.0], [1523.25, 1592.0]]}}}
{"jsonrpc": "2.0", "method": "subscription", "params": {"channel": "book.ETH-11APR25.none.20.100ms", "data": {"timestamp": 1744317015601, "change_id": 65270342125, "instrument_name": "ETH-11APR25", "bids": [[1518.25, 10100.0], [1518.0, 6759.0], [1517.75, 7640.0], [1517.5, 12133.0], [1517.25, 27420.0], [1517.0, 17110.0], [1516.75, 52094.0], [1516.5, 2084.0], [1516.25, 2044.0], [1516.0, 2047.0], [1515.75, 2595.0], [1515.5, 2050.0], [1515.25, 2050.0], [1515.0, 6839.0], [1514.75, 25490.0], [1514.5, 26357.0], [1514.25, 3018.0], [1514.0, 50189.0], [1513.75, 91604.0], [1513.0, 1564.0]], "asks": [[1518.5, 9038.0], [1518.75, 5301.0], [1519.0, 5375.0], [1519.25, 15345.0], [1519.5, 4903.0], [1519.75, 13356.0], [1520.0, 32072.0], [1520.25, 9707.0], [1520.5, 27732.0], [1520.75, 9434.0], [1521.0, 26316.0], [1521.25, 463.0], [1521.5, 2028.0], [1521.75, 2054.0], [1522.0, 16195.0], [1522.25, 48727.0], [1522.5, 1621.0], [1522.75, 18734.0], [1523.0, 1581.0], [1523.25, 1592.0]]}}}
{"jsonrpc": "2.0", "method": "subscription", "params": {"channel": "book.ETH-18APR25.none.20.100ms", "data": {"timestamp": 1744317015548, "change_id": 65270342099, "instrument_name": "ETH-18APR25", "bids": [[1517.5, 15096.0], [1517.25, 7082.0], [1517.0, 6084.0], [1516.75, 11559.0], [1516.5, 6010.0], [1516.25, 5789.0], [1516.0, 5831.0], [1515.75, 4723.0], [1515.5, 1323.0], [1515.25, 1323.0], [1515.0, 11760.0], [1514.75, 36498.0], [1514.5, 1337.0], [1514.25, 1324.0], [1514.0, 1351.0], [1513.75, 3515.0], [1513.5, 8110.0], [1513.25, 39365.0], [1513.0, 38868.0], [1512.75, 1117.0]], "asks": [[1518.0, 6962.0], [1518.25, 6493.0], [1518.5, 14754.0], [1518.75, 4420.0], [1519.0, 5806.0], [1519.25, 5786.0], [1519.5, 4749.0], [1519.75, 1076.0], [1520.0, 2171.0], [1520.25, 7581.0], [1520.5, 1349.0], [1520.75, 7157.0], [1521.0, 20254.0], [1522.0, 38836.0], [1522.5, 17359.0], [1523.0, 1097.0], [1523.25, 1075.0], [1523.5, 38617.0], [1523.75, 1118.0], [1524.0, 1494.0]]}}}
{"jsonrpc": "2.0", "method": "subscription", "params": {"channel": "book.ETH-11APR25.none.20.100ms", "data": {"timestamp": 1744317015928, "change_id": 65270342517, "instrument_name": "ETH-11APR25", "bids": [[1518.25, 10100.0], [1518.0, 3500.0], [1517.75, 14763.0], [1517.5, 29947.0], [1517.25, 2040.0], [1517.0, 17110.0], [1516.75, 52094.0], [1516.5, 2084.0], [1516.25, 2044.0], [1516.0, 2047.0], [1515.75, 2595.0], [1515.5, 2050.0], [1515.25, 2050.0], [1515.0, 6839.0], [1514.75, 25490.0], [1514.5, 26357.0], [1514.25, 3018.0], [1514.0, 50189.0], [1513.75, 91604.0], [1513.0, 1564.0]], "asks": [[1518.5, 9038.0], [1518.75, 5301.0], [1519.0, 5375.0], [1519.25, 15345.0], [1519.5, 4903.0], [1519.75, 13356.0], [1520.0, 32072.0], [1520.25, 9707.0], [1520.5, 27732.0], [1520.75, 9434.0], [1521.0, 26316.0], [1521.25, 463.0], [1521.5, 2028.0], [1521.75, 2054.0], [1522.0, 16195.0], [1522.25, 48727.0], [1522.5, 1621.0], [1522.75, 18734.0], [1523.0, 1581.0], [1523.25, 1592.0]]}}}
{"jsonrpc": "2.0", "method": "subscription", "params": {"channel": "book.ETH-11APR25.none.20.100ms", "data": {"timestamp": 1744317016255, "change_id": 65270342844, "instrument_name": "ETH-11APR25", "bids": [[1518.25, 10000.0], [1518.0, 1000.0], [1517.75, 14863.0], [1517.5, 29947.0], [1517.25, 2040.0], [1517.0, 17110.0], [1516.75, 52094.0], [1516.5, 2084.0], [1516.25, 2044.0], [1516.0, 2047.0], [1515.75, 2595.0], [1515.5, 2050.0], [1515.25, 2050.0], [1515.0, 6839.0], [1514.75, 25490.0], [1514.5, 26357.0], [1514.25, 3018.0], [1514.0, 50189.0], [1513.75, 91604.0], [1513.0, 1564.0]], "asks": [[1518.5, 9038.0], [1518.75, 5301.0], [1519.0, 5375.0], [1519.25, 15345.0], [1519.5, 4903.0], [1519.75, 13356.0], [1520.0, 32072.0], [1520.25, 9707.0], [1520.5, 27732.0], [1520.75, 9434.0], [1521.0, 26316.0], [1521.25, 463.0], [1521.5, 2028.0], [1521.75, 2054.0], [1522.0, 16195.0], [1522.25, 48727.0], [1522.5, 1621.0], [1522.75, 18734.0], [1523.0, 1581.0], [1523.25, 1592.0]]}}}
{"jsonrpc": "2.0", "method": "subscription", "params": {"channel": "book.ETH-18APR25.none.20.100ms", "data": {"timestamp": 1744317016243, "change_id": 65270342767, "instrument_name": "ETH-18APR25", "bids": [[1517.5, 11831.0], [1517.25, 7082.0], [1517.0, 6084.0], [1516.75, 11559.0], [1516.5, 6010.0], [1516.25, 5789.0], [1516.0, 5831.0], [1515.75, 4723.0], [1515.5, 1323.0], [1515.25, 1323.0], [1515.0, 11760.0], [1514.75, 36498.0], [1514.5, 1337.0], [1514.25, 1324.0], [1514.0, 1351.0], [1513.75, 3515.0], [1513.5, 8110.0], [1513.25, 39365.0], [1513.0, 38868.0], [1512.75, 1117.0]], "asks": [[1518.0, 6962.0], [1518.25, 6493.0], [1518.5, 14754.0], [1518.75, 4420.0], [1519.0, 5806.0], [1519.25, 5786.0], [1519.5, 4749.0], [1519.75, 1076.0], [1520.0, 2171.0], [1520.25, 7581.0], [1520.5, 1349.0], [1520.75, 7157.0], [1521.0, 20254.0], [1522.0, 38836.0], [1522.5, 17359.0], [1523.0, 1097.0], [1523.25, 1075.0], [1523.5, 38617.0], [1523.75, 1118.0], [1524.0, 1494.0]]}}}
{"jsonrpc": "2.0", "method": "subscription", "params": {"channel": "book.ETH-11APR25.none.20.100ms", "data": {"timestamp": 1744317016564, "change_id": 65270343537, "instrument_name": "ETH-11APR25", "bids": [[1518.25, 10000.0], [1518.0, 1100.0], [1517.75, 14763.0], [1517.5, 29947.0], [1517.25, 2040.0], [1517.0, 17110.0], [1516.75, 52094.0], [1516.5, 2084.0], [1516.25, 2044.0], [1516.0, 2047.0], [1515.75, 2595.0], [1515.5, 2050.0], [1515.25, 2050.0], [1515.0, 6839.0], [1514.75, 25490.0], [1514.5, 26357.0], [1514.25, 3018.0], [1514.0, 50189.0], [1513.75, 91604.0], [1513.0, 1564.0]], "asks": [[1518.5, 9038.0], [1518.75, 5301.0], [1519.0, 5375.0], [1519.25, 15345.0], [1519.5, 4903.0], [1519.75, 13356.0], [1520.0, 32072.0], [1520.25, 9707.0], [1520.5, 27732.0], [1520.75, 9434.0], [1521.0, 26316.0], [1521.25, 463.0], [1521.5, 2028.0], [1521.75, 2054.0], [1522.0, 16195.0], [1522.25, 48727.0], [1522.5, 1621.0], [1522.75, 18734.0], [1523.0, 1581.0], [1523.25, 1592.0]]}}}
{"jsonrpc": "2.0", "method": "subscription", "params": {"channel": "book.ETH-18APR25.none.20.100ms", "data": {"timestamp": 1744317016371, "change_id": 65270343234, "instrument_name": "ETH-18APR25", "bids": [[1517.5, 11831.0], [1517.25, 7082.0], [1517.0, 6084.0], [1516.75, 11559.0], [1516.5, 6010.0], [1516.25, 5789.0], [1516.0, 5831.0], [1515.75, 4723.0], [1515.5, 1323.0], [1515.25, 1323.0], [1515.0, 11760.0], [1514.75, 36498.0], [1514.5, 1337.0], [1514.25, 1324.0], [1514.0, 1351.0], [1513.75, 3515.0], [1513.5, 8110.0], [1513.25, 39365.0], [1513.0, 38868.0], [1512.75, 1117.0]], "asks": [[1518.0, 6962.0], [1518.25, 6493.0], [1518.5, 14754.0], [1518.75, 4420.0], [1519.0, 5806.0], [1519.25, 5786.0], [1519.5, 4749.0], [1519.75, 1076.0], [1520.0, 2171.0], [1520.25, 7581.0], [1520.5, 1349.0], [1520.75, 7157.0], [1521.0, 20254.0], [1522.0, 38836.0], [1522.5, 17359.0], [1523.0, 1097.0], [1523.25, 1075.0], [1523.5, 38617.0], [1523.75, 1118.0], [1524.0, 1494.0]]}}}
{"jsonrpc": "2.0", "method": "subscription", "params": {"channel": "book.ETH-11APR25.none.20.100ms", "data": {"timestamp": 1744317016866, "change_id": 65270344028, "instrument_name": "ETH-11APR25", "bids": [[1518.25, 10001.0], [1518.0, 4505.0], [1517.75, 14763.0], [1517.5, 4567.0], [1517.25, 2040.0], [1517.0, 17110.0], [1516.75, 52094.0], [1516.5, 2084.0], [1516.25, 2044.0], [1516.0, 2047.0], [1515.75, 2595.0], [1515.5, 2050.0], [1515.25, 2050.0], [1515.0, 6839.0], [1514.75, 25490.0], [1514.5, 26357.0], [1514.25, 3018.0], [1514.0, 50189.0], [1513.75, 91604.0], [1513.0, 1564.0]], "asks": [[1518.5, 4500.0], [1518.75, 1229.0], [1519.0, 8186.0], [1519.25, 15345.0], [1519.5, 5003.0], [1519.75, 13356.0], [1520.0, 32072.0], [1520.25, 9707.0], [1520.5, 27732.0], [1520.75, 9434.0], [1521.0, 26316.0], [1521.25, 463.0], [1521.5, 2028.0], [1521.75, 2054.0], [1522.0, 16195.0], [1522.25, 48727.0], [1522.5, 1621.0], [1522.75, 18734.0], [1523.0, 1581.0], [1523.25, 1592.0]]}}}
{"jsonrpc": "2.0", "method": "subscription", "params": {"channel": "book.ETH-18APR25.none.20.100ms", "data": {"timestamp": 1744317016924, "change_id": 65270344040, "instrument_name": "ETH-18APR25", "bids": [[1517.75, 3030.0], [1517.5, 16290.0], [1517.25, 22256.0], [1517.0, 3970.0], [1516.75, 11559.0], [1516.5, 6010.0], [1516.25, 5789.0], [1516.0, 5831.0], [1515.75, 4723.0], [1515.5, 1323.0], [1515.25, 1323.0], [1515.0, 11760.0], [1514.75, 36498.0], [1514.5, 1337.0], [1514.25, 1324.0], [1514.0, 1351.0], [1513.75, 3515.0], [1513.5, 8110.0], [1513.25, 39365.0], [1513.0, 38868.0]], "asks": [[1518.25, 3620.0], [1518.5, 4654.0], [1518.75, 4420.0], [1519.0, 4811.0], [1519.25, 4713.0], [1519.5, 4749.0], [1519.75, 1076.0], [1520.0, 2171.0], [1520.25, 7581.0], [1520.5, 1349.0], [1520.75, 7157.0], [1521.0, 20254.0], [1522.0, 38836.0], [1522.5, 17359.0], [1523.0, 1097.0], [1523.25, 1075.0], [1523.5, 38617.0], [1523.75, 1118.0], [1524.0, 1494.0], [1524.25, 1074.0]]}}}
{"jsonrpc": "2.0", "method": "subscription", "params": {"channel": "book.ETH-11APR25.none.20.100ms", "data": {"timestamp": 1744317017235, "change_id": 65270344965, "instrument_name": "ETH-11APR25", "bids": [[1518.5, 2500.0], [1518.25, 14974.0], [1518.0, 11498.0], [1517.75, 31489.0], [1517.5, 4104.0], [1517.25, 1577.0], [1517.0, 16647.0], [1516.75, 51631.0], [1516.5, 1621.0], [1516.25, 1581.0], [1516.0, 1584.0], [1515.75, 2132.0], [1515.5, 1587.0], [1515.25, 1587.0], [1515.0, 1564.0], [1514.75, 17583.0], [1514.5, 26357.0], [1514.25, 3018.0], [1514.0, 50189.0], [1513.75, 91604.0]], "asks": [[1518.75, 2500.0], [1519.0, 5694.0], [1519.25, 5345.0], [1519.5, 4181.0], [1519.75, 12072.0], [1520.0, 31609.0], [1520.25, 2047.0], [1520.5, 27269.0], [1520.75, 1597.0], [1521.0, 1609.0], [1521.25, 1572.0], [1521.5, 1565.0], [1521.75, 1591.0], [1522.0, 40902.0], [1522.25, 48727.0], [1522.5, 1621.0], [1522.75, 18734.0], [1523.0, 1581.0], [1523.25, 1592.0], [1523.5, 1592.0]]}}}
{"jsonrpc": "2.0", "method": "subscription", "params": {"channel": "book.ETH-18APR25.none.20.100ms", "data": {"timestamp": 1744317017088, "change_id": 65270344545, "instrument_name": "ETH-18APR25", "bids": [[1517.75, 10934.0], [1517.5, 3772.0], [1517.25, 6440.0], [1517.0, 11379.0], [1516.75, 5227.0], [1516.5, 6010.0], [1516.25, 5789.0], [1516.0, 5831.0], [1515.75, 4723.0], [1515.5, 1323.0], [1515.25, 1323.0], [1515.0, 11760.0], [1514.75, 36498.0], [1514.5, 1337.0], [1514.25, 1324.0], [1514.0, 1351.0], [1513.75, 3515.0], [1513.5, 8110.0], [1513.25, 39365.0], [1513.0, 38868.0]], "asks": [[1518.25, 4327.0], [1518.5, 7436.0], [1518.75, 7323.0], [1519.0, 14811.0], [1519.25, 4713.0], [1519.5, 4749.0], [1519.75, 1318.0], [1520.0, 3248.0], [1520.25, 7581.0], [1520.5, 1349.0], [1520.75, 7157.0], [1521.0, 20254.0], [1522.0, 38836.0], [1522.5, 17359.0], [1523.0, 1097.0], [1523.25, 1075.0], [1523.5, 38617.0], [1523.75, 1118.0], [1524.0, 1494.0], [1524.25, 1074.0]]}}}
{"jsonrpc": "2.0", "method": "subscription", "params": {"channel": "book.ETH-11APR25.none.20.100ms", "data": {"timestamp": 1744317017576, "change_id": 65270345713, "instrument_name": "ETH-11APR25", "bids": [[1518.75, 1.0], [1518.5, 12600.0], [1518.25, 4874.0], [1518.0, 11498.0], [1517.75, 32720.0], [1517.5, 4567.0], [1517.25, 2040.0], [1517.0, 16647.0], [1516.75, 52094.0], [1516.5, 2084.0], [1516.25, 2044.0], [1516.0, 2047.0], [1515.75, 2595.0], [1515.5, 2050.0], [1515.25, 1587.0], [1515.0, 1564.0], [1514.75, 17583.0], [1514.5, 26357.0], [1514.25, 3018.0], [1514.0, 50189.0]], "asks": [[1519.0, 5694.0], [1519.25, 5345.0], [1519.5, 7664.0], [1519.75, 21034.0], [1520.0, 32072.0], [1520.25, 9707.0], [1520.5, 27732.0], [1520.75, 2060.0], [1521.0, 2072.0], [1521.25, 2035.0], [1521.5, 2028.0], [1521.75, 1591.0], [1522.0, 40902.0], [1522.25, 48727.0], [1522.5, 1621.0], [1522.75, 18734.0], [1523.0, 1581.0], [1523.25, 1592.0], [1523.5, 1592.0], [1523.75, 91594.0]]}}}
{"jsonrpc": "2.0", "method": "subscription", "params": {"channel": "book.ETH-18APR25.none.20.100ms", "data": {"timestamp": 1744317017569, "change_id": 65270345700, "instrument_name": "ETH-18APR25", "bids": [[1517.75, 26112.0], [1517.5, 3772.0], [1517.25, 6440.0], [1517.0, 11379.0], [1516.75, 5227.0], [1516.5, 6010.0], [1516.25, 5789.0], [1516.0, 5831.0], [1515.75, 4723.0], [1515.5, 1323.0], [1515.25, 1323.0], [1515.0, 11760.0], [1514.75, 36498.0], [1514.5, 1337.0], [1514.25, 1324.0], [1514.0, 1351.0], [1513.75, 3515.0], [1513.5, 8110.0], [1513.25, 39365.0], [1513.0, 38868.0]], "asks": [[1518.5, 7436.0], [1518.75, 7323.0], [1519.0, 14811.0], [1519.25, 4713.0], [1519.5, 4749.0], [1519.75, 1318.0], [1520.0, 3248.0], [1520.25, 7581.0], [1520.5, 1349.0], [1520.75, 7157.0], [1521.0, 20254.0], [1522.0, 38836.0], [1522.5, 17359.0], [1523.0, 1097.0], [1523.25, 1075.0], [1523.5, 38617.0], [1523.75, 1118.0], [1524.0, 1494.0], [1524.25, 1074.0], [1524.5, 1118.0]]}}}
{"jsonrpc": "2.0", "method": "subscription", "params": {"channel": "book.ETH-11APR25.none.20.100ms", "data": {"timestamp": 1744317017909, "change_id": 65270346755, "instrument_name": "ETH-11APR25", "bids": [[1518.75, 2500.0], [1518.5, 15859.0], [1518.25, 13100.0], [1518.0, 28116.0], [1517.75, 5303.0], [1517.5, 4567.0], [1517.25, 2040.0], [1517.0, 16647.0], [1516.75, 52094.0], [1516.5, 2084.0], [1516.25, 2044.0], [1516.0, 2047.0], [1515.75, 2595.0], [1515.5, 2050.0], [1515.25, 1587.0], [1515.0, 1564.0], [1514.75, 17583.0], [1514.5, 26357.0], [1514.25, 3018.0], [1514.0, 50189.0]], "asks": [[1519.0, 1582.0], [1519.25, 7412.0], [1519.5, 7664.0], [1519.75, 12072.0], [1520.0, 2072.0], [1520.25, 1584.0], [1520.5, 9728.0], [1520.75, 27257.0], [1521.0, 1609.0], [1521.25, 1572.0], [1521.5, 1565.0], [1521.75, 1591.0], [1522.0, 26284.0], [1522.25, 48727.0], [1522.5, 1621.0], [1522.75, 18734.0], [1523.0, 1581.0], [1523.25, 1592.0], [1523.5, 1592.0], [1523.75, 91594.0]]}}}
{"jsonrpc": "2.0", "method": "subscription", "params": {"channel": "book.ETH-18APR25.none.20.100ms", "data": {"timestamp": 1744317017807, "change_id": 65270346754, "instrument_name": "ETH-18APR25", "bids": [[1518.0, 12882.0], [1517.25, 10809.0], [1517.0, 4177.0], [1516.75, 3977.0], [1516.5, 4495.0], [1516.25, 4495.0], [1516.0, 4487.0], [1515.75, 4481.0], [1515.5, 1081.0], [1515.25, 1081.0], [1515.0, 1125.0], [1514.75, 36256.0], [1514.5, 1095.0], [1514.25, 1082.0], [1514.0, 1109.0], [1513.75, 1082.0], [1513.5, 8110.0], [1513.25, 39365.0], [1513.0, 38868.0], [1512.75, 1117.0]], "asks": [[1518.75, 6182.0], [1519.0, 3500.0], [1519.25, 13400.0], [1519.5, 4477.0], [1519.75, 1076.0], [1520.0, 1077.0], [1520.25, 7339.0], [1520.5, 1107.0], [1520.75, 1081.0], [1521.0, 20254.0], [1522.0, 38836.0], [1522.5, 18436.0], [1523.0, 1097.0], [1523.25, 1075.0], [1523.5, 38617.0], [1523.75, 1118.0], [1524.0, 1494.0], [1524.25, 1074.0], [1524.5, 1118.0], [1524.75, 1072.0]]}}}
{"jsonrpc": "2.0", "method": "subscription", "params": {"channel": "book.ETH-11APR25.none.20.100ms", "data": {"timestamp": 1744317018228, "change_id": 65270347442, "instrument_name": "ETH-11APR25", "bids": [[1518.75, 2501.0], [1518.5, 15859.0], [1518.25, 13100.0], [1518.0, 28116.0], [1517.75, 2035.0], [1517.5, 2067.0], [1517.25, 2040.0], [1517.0, 16647.0], [1516.75, 52094.0], [1516.5, 2084.0], [1516.25, 2044.0], [1516.0, 2047.0], [1515.75, 2595.0], [1515.5, 2050.0], [1515.25, 1587.0], [1515.0, 1564.0], [1514.75, 17583.0], [1514.5, 26357.0], [1514.25, 3018.0], [1514.0, 50189.0]], "asks": [[1519.0, 4547.0], [1519.25, 5375.0], [1519.5, 7564.0], [1519.75, 12172.0], [1520.0, 2072.0], [1520.25, 2047.0], [1520.5, 9728.0], [1520.75, 27720.0], [1521.0, 2072.0], [1521.25, 2035.0], [1521.5, 2028.0], [1521.75, 9418.0], [1522.0, 40902.0], [1522.25, 49190.0], [1522.5, 1621.0], [1522.75, 18734.0], [1523.0, 1581.0], [1523.25, 1592.0], [1523.5, 1592.0], [1523.75, 91594.0]]}}}
{"jsonrpc": "2.0", "method": "subscription", "params": {"channel": "book.ETH-18APR25.none.20.100ms", "data": {"timestamp": 1744317018158, "change_id": 65270347286, "instrument_name": "ETH-18APR25", "bids": [[1518.0, 10342.0], [1517.75, 2782.0], [1517.5, 242.0], [1517.25, 9732.0], [1517.0, 4177.0], [1516.75, 3977.0], [1516.5, 4495.0], [1516.25, 4495.0], [1516.0, 4487.0], [1515.75, 4481.0], [1515.5, 1081.0], [1515.25, 1081.0], [1515.0, 1125.0], [1514.75, 36256.0], [1514.5, 1095.0], [1514.25, 1082.0], [1514.0, 1109.0], [1513.75, 1082.0], [1513.5, 8110.0], [1513.25, 39365.0]], "asks": [[1518.5, 6182.0], [1519.0, 3400.0], [1519.25, 13500.0], [1519.5, 4477.0], [1519.75, 1076.0], [1520.0, 1077.0], [1520.25, 7339.0], [1520.5, 1107.0], [1520.75, 1081.0], [1521.0, 20254.0], [1522.0, 38836.0], [1522.5, 18436.0], [1523.0, 1097.0], [1523.25, 1075.0], [1523.5, 38617.0], [1523.75, 1118.0], [1524.0, 1494.0], [1524.25, 1074.0], [1524.5, 1118.0], [1524.75, 1072.0]]}}}
{"jsonrpc": "2.0", "method": "subscription", "params": {"channel": "book.ETH-11APR25.none.20.100ms", "data": {"timestamp": 1744317018574, "change_id": 65270348331, "instrument_name": "ETH-11APR25", "bids": [[1518.75, 2500.0], [1518.5, 15859.0], [1518.25, 13100.0], [1518.0, 28116.0], [1517.75, 2035.0], [1517.5, 2067.0], [1517.25, 2040.0], [1517.0, 16647.0], [1516.75, 52094.0], [1516.5, 2084.0], [1516.25, 2044.0], [1516.0, 2047.0], [1515.75, 2595.0], [1515.5, 2050.0], [1515.25, 1587.0], [1515.0, 1564.0], [1514.75, 17583.0], [1514.5, 26357.0], [1514.25, 3018.0], [1514.0, 50189.0]], "asks": [[1519.0, 4548.0], [1519.25, 5375.0], [1519.5, 7564.0], [1519.75, 12172.0], [1520.0, 2072.0], [1520.25, 2047.0], [1520.5, 9728.0], [1520.75, 27720.0], [1521.0, 2072.0], [1521.25, 2035.0], [1521.5, 2028.0], [1521.75, 9418.0], [1522.0, 40902.0], [1522.25, 49190.0], [1522.5, 1621.0], [1522.75, 18734.0], [1523.0, 1581.0], [1523.25, 1592.0], [1523.5, 1592.0], [1523.75, 91594.0]]}}}
{"jsonrpc": "2.0", "method": "subscription", "params": {"channel": "book.ETH-18APR25.none.20.100ms", "data": {"timestamp": 1744317018363, "change_id": 65270347748, "instrument_name": "ETH-18APR25", "bids": [[1518.0, 26084.0], [1517.75, 2782.0], [1517.5, 2889.0], [1517.25, 10985.0], [1517.0, 5370.0], [1516.75, 4219.0], [1516.5, 4737.0], [1516.25, 5841.0], [1516.0, 4487.0], [1515.75, 4481.0], [1515.5, 1081.0], [1515.25, 1081.0], [1515.0, 1125.0], [1514.75, 36256.0], [1514.5, 1095.0], [1514.25, 1082.0], [1514.0, 1109.0], [1513.75, 1082.0], [1513.5, 8110.0], [1513.25, 39365.0]], "asks": [[1518.5, 6182.0], [1518.75, 1020.0], [1519.0, 7450.0], [1519.25, 13500.0], [1519.5, 4477.0], [1519.75, 1076.0], [1520.0, 1077.0], [1520.25, 7339.0], [1520.5, 1107.0], [1520.75, 1081.0], [1521.0, 20254.0], [1522.0, 38836.0], [1522.5, 18436.0], [1523.0, 1097.0], [1523.25, 1075.0], [1523.5, 38617.0], [1523.75, 1118.0], [1524.0, 1494.0], [1524.25, 1074.0], [1524.5, 1118.0]]}}}
{"jsonrpc": "2.0", "method": "subscription", "params": {"channel": "book.ETH-11APR25.none.20.100ms", "data": {"timestamp": 1744317018863, "change_id": 65270348785, "instrument_name": "ETH-11APR25", "bids": [[1518.5, 12600.0], [1518.25, 15137.0], [1518.0, 28116.0], [1517.75, 2035.0], [1517.5, 2067.0], [1517.25, 2040.0], [1517.0, 16647.0], [1516.75, 52094.0], [1516.5, 2084.0], [1516.25, 2044.0], [1516.0, 2047.0], [1515.75, 2595.0], [1515.5, 2050.0], [1515.25, 2050.0], [1515.0, 1564.0], [1514.75, 17583.0], [1514.5, 26357.0], [1514.25, 3018.0], [1514.0, 50189.0], [1513.75, 91604.0]], "asks": [[1519.0, 7297.0], [1519.25, 5375.0], [1519.5, 7564.0], [1519.75, 12172.0], [1520.0, 2072.0], [1520.25, 2047.0], [1520.5, 9728.0], [1520.75, 27720.0], [1521.0, 2072.0], [1521.25, 2035.0], [1521.5, 2028.0], [1521.75, 9418.0], [1522.0, 40902.0], [1522.25, 49190.0], [1522.5, 1621.0], [1522.75, 18734.0], [1523.0, 1581.0], [1523.25, 1592.0], [1523.5, 1592.0], [1523.75, 91594.0]]}}}
{"jsonrpc": "2.0", "method": "subscription", "params": {"channel": "book.ETH-18APR25.none.20.100ms", "data": {"timestamp": 1744317018674, "change_id": 65270348519, "instrument_name": "ETH-18APR25", "bids": [[1518.0, 26084.0], [1517.75, 2782.0], [1517.5, 2889.0], [1517.25, 10985.0], [1517.0, 5370.0], [1516.75, 5295.0], [1516.5, 5813.0], [1516.25, 5841.0], [1516.0, 5831.0], [1515.75, 4723.0], [1515.5, 1323.0], [1515.25, 1323.0], [1515.0, 12002.0], [1514.75, 36498.0], [1514.5, 1095.0], [1514.25, 1082.0], [1514.0, 1109.0], [1513.75, 1082.0], [1513.5, 8110.0], [1513.25, 39365.0]], "asks": [[1518.5, 6182.0], [1518.75, 1020.0], [1519.0, 7450.0], [1519.25, 14843.0], [1519.5, 4719.0], [1519.75, 1318.0], [1520.0, 3279.0], [1520.25, 7581.0], [1520.5, 1349.0], [1520.75, 7157.0], [1521.0, 20254.0], [1522.0, 38836.0], [1522.5, 18436.0], [1523.0, 1097.0], [1523.25, 1075.0], [1523.5, 38617.0], [1523.75, 1118.0], [1524.0, 1494.0], [1524.25, 1074.0], [1524.5, 1118.0]]}}}
{"jsonrpc": "2.0", "method": "subscription", "params": {"channel": "book.ETH-11APR25.none.20.100ms", "data": {"timestamp": 1744317019244, "change_id": 65270349284, "instrument_name": "ETH-11APR25", "bids": [[1518.5, 12600.0], [1518.25, 13565.0], [1518.0, 28116.0], [1517.75, 2035.0], [1517.5, 2067.0], [1517.25, 2040.0], [1517.0, 16647.0], [1516.75, 52094.0], [1516.5, 2084.0], [1516.25, 2044.0], [1516.0, 2047.0], [1515.75, 2595.0], [1515.5, 2050.0], [1515.25, 2050.0], [1515.0, 1564.0], [1514.75, 17583.0], [1514.5, 26357.0], [1514.25, 3018.0], [1514.0, 50189.0], [1513.75, 91604.0]], "asks": [[1518.75, 8037.0], [1519.0, 5260.0], [1519.25, 5375.0], [1519.5, 7664.0], [1519.75, 12072.0], [1520.0, 2072.0], [1520.25, 2047.0], [1520.5, 9728.0], [1520.75, 27720.0], [1521.0, 2072.0], [1521.25, 2035.0], [1521.5, 2028.0], [1521.75, 9418.0], [1522.0, 40902.0], [1522.25, 49190.0], [1522.5, 1621.0], [1522.75, 18734.0], [1523.0, 1581.0], [1523.25, 1592.0], [1523.5, 1592.0]]}}}
{"jsonrpc": "2.0", "method": "subscription", "params": {"channel": "book.ETH-18APR25.none.20.100ms", "data": {"timestamp": 1744317019074, "change_id": 65270349097, "instrument_name": "ETH-18APR25", "bids": [[1518.0, 10100.0], [1517.75, 835.0], [1517.5, 3772.0], [1517.25, 6117.0], [1517.0, 10625.0], [1516.75, 5295.0], [1516.5, 5813.0], [1516.25, 5841.0], [1516.0, 5831.0], [1515.75, 4723.0], [1515.5, 1323.0], [1515.25, 1323.0], [1515.0, 12002.0], [1514.75, 36498.0], [1514.5, 1095.0], [1514.25, 1082.0], [1514.0, 1109.0], [1513.75, 1082.0], [1513.5, 8110.0], [1513.25, 39365.0]], "asks": [[1518.25, 6182.0], [1518.5, 4420.0], [1518.75, 7293.0], [1519.0, 14520.0], [1519.25, 4743.0], [1519.5, 4719.0], [1519.75, 1318.0], [1520.0, 3279.0], [1520.25, 7581.0], [1520.5, 1349.0], [1520.75, 7157.0], [1521.0, 20254.0], [1522.0, 38836.0], [1522.5, 18436.0], [1523.0, 1097.0], [1523.25, 1075.0], [1523.5, 38617.0], [1523.75, 1118.0], [1524.0, 1494.0], [1524.25, 1074.0]]}}}
{"jsonrpc": "2.0", "method": "subscription", "params": {"channel": "book.ETH-11APR25.none.20.100ms", "data": {"timestamp": 1744317019506, "change_id": 65270349941, "instrument_name": "ETH-11APR25", "bids": [[1518.5, 10100.0], [1518.25, 1000.0], [1518.0, 30153.0], [1517.75, 2035.0], [1517.5, 2067.0], [1517.25, 2040.0], [1517.0, 16647.0], [1516.75, 52094.0], [1516.5, 2084.0], [1516.25, 2044.0], [1516.0, 2047.0], [1515.75, 2595.0], [1515.5, 2050.0], [1515.25, 2050.0], [1515.0, 1564.0], [1514.75, 17583.0], [1514.5, 26357.0], [1514.25, 3018.0], [1514.0, 50189.0], [1513.75, 91604.0]], "asks": [[1518.75, 8037.0], [1519.0, 5260.0], [1519.25, 8219.0], [1519.5, 14644.0], [1519.75, 2072.0], [1520.0, 2072.0], [1520.25, 2047.0], [1520.5, 9728.0], [1520.75, 27720.0], [1521.0, 2072.0], [1521.25, 2035.0], [1521.5, 2028.0], [1521.75, 9418.0], [1522.0, 40902.0], [1522.25, 49190.0], [1522.5, 1621.0], [1522.75, 18734.0], [1523.0, 1581.0], [1523.25, 1592.0], [1523.5, 1592.0]]}}}
{"jsonrpc": "2.0", "method": "subscription", "params": {"channel": "book.ETH-18APR25.none.20.100ms", "data": {"timestamp": 1744317019541, "change_id": 65270350126, "instrument_name": "ETH-18APR25", "bids": [[1517.75, 26013.0], [1517.5, 3872.0], [1517.25, 6117.0], [1517.0, 10272.0], [1516.75, 4218.0], [1516.5, 5813.0], [1516.25, 5841.0], [1516.0, 5831.0], [1515.75, 4723.0], [1515.5, 1323.0], [1515.25, 1323.0], [1515.0, 12002.0], [1514.75, 36498.0], [1514.5, 1337.0], [1514.25, 1082.0], [1514.0, 1109.0], [1513.75, 1082.0], [1513.5, 8110.0], [1513.25, 39365.0], [1513.0, 38868.0]], "asks": [[1518.25, 7202.0], [1518.5, 4420.0], [1518.75, 7293.0], [1519.0, 14520.0], [1519.25, 5820.0], [1519.5, 4719.0], [1519.75, 1318.0], [1520.0, 3279.0], [1520.25, 7581.0], [1520.5, 1349.0], [1520.75, 7157.0], [1521.0, 20254.0], [1522.0, 38836.0], [1522.5, 18436.0], [1523.0, 1097.0], [1523.25, 1075.0], [1523.5, 38617.0], [1523.75, 1118.0], [1524.0, 1494.0], [1524.25, 1074.0]]}}}
{"jsonrpc": "2.0", "method": "subscription", "params": {"channel": "book.ETH-18APR25.none.20.100ms", "data": {"timestamp": 1744317019681, "change_id": 65270350407, "instrument_name": "ETH-18APR25", "bids": [[1517.75, 10935.0], [1517.5, 3772.0], [1517.25, 6117.0], [1517.0, 10272.0], [1516.75, 4218.0], [1516.5, 5813.0], [1516.25, 5841.0], [1516.0, 5831.0], [1515.75, 4723.0], [1515.5, 1323.0], [1515.25, 1323.0], [1515.0, 12002.0], [1514.75, 36498.0], [1514.5, 1337.0], [1514.25, 1082.0], [1514.0, 1109.0], [1513.75, 1082.0], [1513.5, 8110.0], [1513.25, 39365.0], [1513.0, 38868.0]], "asks": [[1518.25, 7202.0], [1518.5, 7293.0], [1518.75, 14420.0], [1519.0, 4520.0], [1519.25, 5820.0], [1519.5, 4719.0], [1519.75, 1318.0], [1520.0, 3279.0], [1520.25, 7581.0], [1520.5, 1349.0], [1520.75, 7157.0], [1521.0, 20254.0], [1522.0, 38836.0], [1522.5, 18436.0], [1523.0, 1097.0], [1523.25, 1075.0], [1523.5, 38617.0], [1523.75, 1118.0], [1524.0, 1494.0], [1524.25, 1074.0]]}}}
{"jsonrpc": "2.0", "method": "subscription", "params": {"channel": "book.ETH-11APR25.none.20.100ms", "data": {"timestamp": 1744317020181, "change_id": 65270350820, "instrument_name": "ETH-11APR25", "bids": [[1518.25, 13500.0], [1518.0, 4172.0], [1517.75, 9609.0], [1517.5, 27447.0], [1517.25, 2040.0], [1517.0, 16647.0], [1516.75, 52094.0], [1516.5, 2084.0], [1516.25, 2044.0], [1516.0, 2047.0], [1515.75, 2595.0], [1515.5, 2050.0], [1515.25, 2050.0], [1515.0, 6839.0], [1514.75, 17583.0], [1514.5, 26357.0], [1514.25, 3018.0], [1514.0, 50189.0], [1513.75, 91604.0], [1513.0, 1564.0]], "asks": [[1518.75, 9262.0], [1519.0, 5260.0], [1519.25, 8319.0], [1519.5, 14544.0], [1519.75, 2072.0], [1520.0, 2072.0], [1520.25, 2047.0], [1520.5, 9728.0], [1520.75, 27720.0], [1521.0, 2072.0], [1521.25, 2035.0], [1521.5, 2028.0], [1521.75, 9418.0], [1522.0, 40902.0], [1522.25, 49190.0], [1522.5, 1621.0], [1522.75, 18734.0], [1523.0, 1581.0], [1523.25, 1592.0], [1523.5, 1592.0]]}}}
{"jsonrpc": "2.0", "method": "subscription", "params": {"channel": "book.ETH-18APR25.none.20.100ms", "data": {"timestamp": 1744317020095, "change_id": 65270350719, "instrument_name": "ETH-18APR25", "bids": [[1517.75, 14400.0], [1517.5, 3772.0], [1517.25, 4300.0], [1517.0, 5765.0], [1516.75, 10550.0], [1516.5, 5813.0], [1516.25, 5841.0], [1516.0, 5831.0], [1515.75, 4723.0], [1515.5, 1323.0], [1515.25, 1323.0], [1515.0, 12002.0], [1514.75, 36498.0], [1514.5, 1337.0], [1514.25, 1082.0], [1514.0, 1109.0], [1513.75, 1082.0], [1513.5, 8110.0], [1513.25, 39365.0], [1513.0, 38868.0]], "asks": [[1518.25, 7202.0], [1518.5, 7293.0], [1518.75, 14520.0], [1519.0, 4420.0], [1519.25, 5820.0], [1519.5, 4719.0], [1519.75, 1318.0], [1520.0, 3279.0], [1520.25, 7581.0], [1520.5, 1349.0], [1520.75, 7157.0], [1521.0, 20254.0], [1522.0, 38836.0], [1522.5, 18436.0], [1523.0, 1097.0], [1523.25, 1075.0], [1523.5, 38617.0], [1523.75, 1118.0], [1524.0, 1494.0], [1524.25, 1074.0]]}}}
{"jsonrpc": "2.0", "method": "subscription", "params": {"channel": "book.ETH-11APR25.none.20.100ms", "data": {"timestamp": 1744317020473, "change_id": 65270351344, "instrument_name": "ETH-11APR25", "bids": [[1518.25, 16100.0], [1518.0, 2035.0], [1517.75, 9609.0], [1517.5, 27447.0], [1517.25, 2040.0], [1517.0, 16647.0], [1516.75, 52094.0], [1516.5, 2084.0], [1516.25, 2044.0], [1516.0, 2047.0], [1515.75, 2595.0], [1515.5, 2050.0], [1515.25, 2050.0], [1515.0, 6839.0], [1514.75, 17583.0], [1514.5, 26357.0], [1514.25, 3018.0], [1514.0, 50189.0], [1513.75, 91604.0], [1513.0, 1564.0]], "asks": [[1518.75, 7224.0], [1519.0, 5260.0], [1519.25, 8319.0], [1519.5, 14544.0], [1519.75, 2473.0], [1520.0, 4535.0], [1520.25, 2047.0], [1520.5, 9728.0], [1520.75, 27720.0], [1521.0, 2072.0], [1521.25, 2035.0], [1521.5, 2028.0], [1521.75, 9418.0], [1522.0, 40902.0], [1522.25, 49190.0], [1522.5, 1621.0], [1522.75, 18734.0], [1523.0, 1581.0], [1523.25, 1592.0], [1523.5, 1592.0]]}}}
{"jsonrpc": "2.0", "method": "subscription", "params": {"channel": "book.ETH-18APR25.none.20.100ms", "data": {"timestamp": 1744317020420, "change_id": 65270351248, "instrument_name": "ETH-18APR25", "bids": [[1517.75, 10935.0], [1517.5, 3772.0], [1517.25, 4300.0], [1517.0, 5765.0], [1516.75, 11628.0], [1516.5, 5813.0], [1516.25, 5841.0], [1516.0, 5831.0], [1515.75, 4723.0], [1515.5, 1323.0], [1515.25, 1323.0], [1515.0, 12002.0], [1514.75, 36498.0], [1514.5, 1337.0], [1514.25, 1082.0], [1514.0, 1109.0], [1513.75, 1082.0], [1513.5, 8110.0], [1513.25, 39365.0], [1513.0, 38868.0]], "asks": [[1518.25, 4420.0], [1518.5, 7293.0], [1518.75, 14520.0], [1519.0, 4420.0], [1519.25, 5820.0], [1519.5, 4719.0], [1519.75, 1318.0], [1520.0, 3279.0], [1520.25, 7581.0], [1520.5, 1349.0], [1520.75, 7157.0], [1521.0, 20254.0], [1522.0, 38836.0], [1522.5, 18436.0], [1523.0, 1097.0], [1523.25, 1075.0], [1523.5, 38617.0], [1523.75, 1118.0], [1524.0, 1494.0], [1524.25, 1074.0]]}}}
{"jsonrpc": "2.0", "method": "subscription", "params": {"channel": "book.ETH-11APR25.none.20.100ms", "data": {"timestamp": 1744317020708, "change_id": 65270351758, "instrument_name": "ETH-11APR25", "bids": [[1518.25, 15637.0], [1518.0, 2035.0], [1517.75, 9609.0], [1517.5, 27447.0], [1517.25, 2040.0], [1517.0, 16647.0], [1516.75, 52094.0], [1516.5, 2084.0], [1516.25, 2044.0], [1516.0, 2047.0], [1515.75, 2595.0], [1515.5, 2050.0], [1515.25, 2050.0], [1515.0, 6839.0], [1514.75, 17583.0], [1514.5, 26357.0], [1514.25, 3018.0], [1514.0, 50189.0], [1513.75, 91604.0], [1513.0, 1564.0]], "asks": [[1518.75, 7224.0], [1519.0, 7297.0], [1519.25, 8319.0], [1519.5, 14544.0], [1519.75, 2072.0], [1520.0, 2072.0], [1520.25, 2047.0], [1520.5, 9728.0], [1520.75, 36682.0], [1521.0, 32072.0], [1521.25, 2035.0], [1521.5, 2028.0], [1521.75, 9418.0], [1522.0, 40902.0], [1522.25, 49190.0], [1522.5, 1621.0], [1522.75, 18734.0], [1523.0, 1581.0], [1523.25, 1592.0], [1523.5, 1592.0]]}}}
{"jsonrpc": "2.0", "method": "subscription", "params": {"channel": "book.ETH-18APR25.none.20.100ms", "data": {"timestamp": 1744317020738, "change_id": 65270351768, "instrument_name": "ETH-18APR25", "bids": [[1517.75, 15383.0], [1517.5, 18948.0], [1517.25, 4300.0], [1517.0, 5765.0], [1516.75, 11628.0], [1516.5, 5813.0], [1516.25, 5841.0], [1516.0, 5831.0], [1515.75, 4723.0], [1515.5, 1323.0], [1515.25, 1323.0], [1515.0, 12002.0], [1514.75, 36498.0], [1514.5, 1337.0], [1514.25, 1082.0], [1514.0, 1109.0], [1513.75, 1082.0], [1513.5, 8110.0], [1513.25, 39365.0], [1513.0, 38868.0]], "asks": [[1518.25, 7202.0], [1518.5, 7293.0], [1518.75, 14520.0], [1519.0, 4420.0], [1519.25, 5820.0], [1519.5, 4719.0], [1519.75, 1318.0], [1520.0, 3279.0], [1520.25, 7581.0], [1520.5, 1349.0], [1520.75, 7157.0], [1521.0, 20254.0], [1522.0, 38836.0], [1522.5, 18436.0], [1523.0, 1097.0], [1523.25, 1075.0], [1523.5, 38617.0], [1523.75, 1118.0], [1524.0, 1494.0], [1524.25, 1074.0]]}}}
{"jsonrpc": "2.0", "method": "subscription", "params": {"channel": "book.ETH-11APR25.none.20.100ms", "data": {"timestamp": 1744317021093, "change_id": 65270351925, "instrument_name": "ETH-11APR25", "bids": [[1518.25, 15637.0], [1518.0, 4535.0], [1517.75, 9609.0], [1517.5, 27447.0], [1517.25, 2040.0], [1517.0, 16647.0], [1516.75, 52094.0], [1516.5, 2084.0], [1516.25, 2044.0], [1516.0, 2047.0], [1515.75, 2595.0], [1515.5, 2050.0], [1515.25, 2050.0], [1515.0, 6839.0], [1514.75, 17583.0], [1514.5, 26357.0], [1514.25, 8620.0], [1514.0, 50189.0], [1513.75, 91604.0], [1513.0, 1564.0]], "asks": [[1518.75, 7224.0], [1519.0, 7297.0], [1519.25, 8319.0], [1519.5, 14544.0], [1519.75, 2072.0], [1520.0, 2072.0], [1520.25, 2047.0], [1520.5, 9728.0], [1520.75, 36682.0], [1521.0, 32072.0], [1521.25, 2035.0], [1521.5, 2028.0], [1521.75, 9418.0], [1522.0, 40902.0], [1522.25, 49190.0], [1522.5, 1621.0], [1522.75, 18734.0], [1523.0, 1581.0], [1523.25, 1592.0], [1523.5, 1592.0]]}}}
{"jsonrpc": "2.0", "method": "subscription", "params": {"channel": "book.ETH-11APR25.none.20.100ms", "data": {"timestamp": 1744317021866, "change_id": 65270352835, "instrument_name": "ETH-11APR25", "bids": [[1518.25, 15637.0], [1518.0, 4535.0], [1517.75, 9609.0], [1517.5, 27447.0], [1517.25, 2040.0], [1517.0, 16647.0], [1516.75, 52094.0], [1516.5, 2084.0], [1516.25, 2044.0], [1516.0, 2047.0], [1515.75, 2595.0], [1515.5, 2050.0], [1515.25, 2050.0], [1515.0, 6839.0], [1514.75, 17583.0], [1514.5, 26357.0], [1514.25, 8620.0], [1514.0, 50189.0], [1513.75, 91604.0], [1513.0, 1564.0]], "asks": [[1518.75, 9261.0], [1519.0, 5260.0], [1519.25, 8319.0], [1519.5, 14544.0], [1519.75, 2072.0], [1520.0, 2072.0], [1520.25, 2047.0], [1520.5, 9728.0], [1520.75, 36682.0], [1521.0, 32072.0], [1521.25, 2035.0], [1521.5, 2028.0], [1521.75, 9418.0], [1522.0, 40902.0], [1522.25, 49190.0], [1522.5, 1621.0], [1522.75, 18734.0], [1523.0, 1581.0], [1523.25, 1592.0], [1523.5, 1592.0]]}}}
{"jsonrpc": "2.0", "method": "subscription", "params": {"channel": "book.ETH-11APR25.none.20.100ms", "data": {"timestamp": 1744317022534, "change_id": 65270353578, "instrument_name": "ETH-11APR25", "bids": [[1518.5, 2501.0], [1518.25, 16859.0], [1518.0, 4535.0], [1517.75, 9609.0], [1517.5, 27447.0], [1517.25, 2040.0], [1517.0, 16647.0], [1516.75, 52094.0], [1516.5, 2084.0], [1516.25, 2044.0], [1516.0, 2047.0], [1515.75, 2595.0], [1515.5, 2050.0], [1515.25, 2050.0], [1515.0, 6839.0], [1514.75, 17583.0], [1514.5, 26357.0], [1514.25, 8620.0], [1514.0, 50189.0], [1513.75, 91604.0]], "asks": [[1518.75, 3499.0], [1519.0, 7297.0], [1519.25, 8319.0], [1519.5, 14544.0], [1519.75, 2072.0], [1520.0, 2072.0], [1520.25, 2047.0], [1520.5, 9728.0], [1520.75, 36682.0], [1521.0, 32072.0], [1521.25, 2035.0], [1521.5, 2028.0], [1521.75, 9418.0], [1522.0, 40902.0], [1522.25, 49190.0], [1522.5, 1621.0], [1522.75, 18734.0], [1523.0, 1581.0], [1523.25, 1592.0], [1523.5, 1592.0]]}}}
{"jsonrpc": "2.0", "method": "subscription", "params": {"channel": "book.ETH-18APR25.none.20.100ms", "data": {"timestamp": 1744317022469, "change_id": 65270353469, "instrument_name": "ETH-18APR25", "bids": [[1517.75, 15383.0], [1517.5, 18948.0], [1517.25, 4300.0], [1517.0, 6843.0], [1516.75, 11628.0], [1516.5, 5813.0], [1516.25, 5841.0], [1516.0, 5831.0], [1515.75, 4723.0], [1515.5, 1323.0], [1515.25, 1323.0], [1515.0, 12002.0], [1514.75, 36498.0], [1514.5, 1337.0], [1514.25, 1082.0], [1514.0, 1109.0], [1513.75, 1082.0], [1513.5, 8110.0], [1513.25, 39365.0], [1513.0, 38868.0]], "asks": [[1518.25, 1727.0], [1518.5, 10075.0], [1518.75, 14520.0], [1519.0, 4420.0], [1519.25, 5820.0], [1519.5, 4719.0], [1519.75, 1318.0], [1520.0, 3279.0], [1520.25, 7581.0], [1520.5, 1349.0], [1520.75, 7157.0], [1521.0, 20254.0], [1522.0, 38836.0], [1522.5, 18436.0], [1523.0, 1097.0], [1523.25, 1075.0], [1523.5, 38617.0], [1523.75, 1118.0], [1524.0, 1494.0], [1524.25, 1074.0]]}}}
{"jsonrpc": "2.0", "method": "subscription", "params": {"channel": "book.ETH-11APR25.none.20.100ms", "data": {"timestamp": 1744317022780, "change_id": 65270353975, "instrument_name": "ETH-11APR25", "bids": [[1518.5, 2500.0], [1518.25, 16859.0], [1518.0, 4535.0], [1517.75, 9609.0], [1517.5, 27447.0], [1517.25, 2040.0], [1517.0, 16647.0], [1516.75, 52094.0], [1516.5, 2084.0], [1516.25, 2044.0], [1516.0, 2047.0], [1515.75, 2595.0], [1515.5, 2050.0], [1515.25, 2050.0], [1515.0, 6839.0], [1514.75, 17583.0], [1514.5, 26357.0], [1514.25, 8620.0], [1514.0, 50189.0], [1513.75, 91604.0]], "asks": [[1518.75, 3499.0], [1519.0, 7297.0], [1519.25, 8319.0], [1519.5, 14544.0], [1519.75, 2072.0], [1520.0, 2072.0], [1520.25, 2047.0], [1520.5, 9728.0], [1520.75, 36682.0], [1521.0, 32072.0], [1521.25, 2035.0], [1521.5, 2028.0], [1521.75, 9418.0], [1522.0, 40902.0], [1522.25, 49190.0], [1522.5, 1621.0], [1522.75, 18734.0], [1523.0, 1581.0], [1523.25, 1592.0], [1523.5, 1592.0]]}}}
{"jsonrpc": "2.0", "method": "subscription", "params": {"channel": "book.ETH-18APR25.none.20.100ms", "data": {"timestamp": 1744317022639, "change_id": 65270353848, "instrument_name": "ETH-18APR25", "bids": [[1517.75, 10935.0], [1517.5, 3772.0], [1517.25, 4300.0], [1517.0, 6843.0], [1516.75, 11628.0], [1516.5, 5813.0], [1516.25, 5841.0], [1516.0, 5831.0], [1515.75, 4723.0], [1515.5, 1323.0], [1515.25, 1323.0], [1515.0, 12002.0], [1514.75, 36498.0], [1514.5, 1337.0], [1514.25, 1082.0], [1514.0, 1109.0], [1513.75, 1082.0], [1513.5, 8110.0], [1513.25, 39365.0], [1513.0, 38868.0]], "asks": [[1518.25, 1727.0], [1518.5, 10075.0], [1518.75, 14520.0], [1519.0, 4420.0], [1519.25, 5820.0], [1519.5, 4719.0], [1519.75, 1318.0], [1520.0, 3279.0], [1520.25, 7581.0], [1520.5, 1349.0], [1520.75, 7157.0], [1521.0, 20254.0], [1522.0, 38836.0], [1522.5, 18436.0], [1523.0, 1097.0], [1523.25, 1075.0], [1523.5, 38617.0], [1523.75, 1118.0], [1524.0, 1494.0], [1524.25, 1074.0]]}}}
{"jsonrpc": "2.0", "method": "subscription", "params": {"channel": "book.ETH-11APR25.none.20.100ms", "data": {"timestamp": 1744317022993, "change_id": 65270354069, "instrument_name": "ETH-11APR25", "bids": [[1518.5, 2500.0], [1518.25, 16859.0], [1518.0, 4535.0], [1517.75, 9609.0], [1517.5, 27447.0], [1517.25, 2040.0], [1517.0, 16647.0], [1516.75, 52094.0], [1516.5, 2084.0], [1516.25, 2044.0], [1516.0, 2047.0], [1515.75, 2595.0], [1515.5, 2050.0], [1515.25, 2050.0], [1515.0, 6839.0], [1514.75, 17583.0], [1514.5, 26357.0], [1514.25, 8620.0], [1514.0, 50189.0], [1513.75, 91604.0]], "asks": [[1518.75, 5999.0], [1519.0, 7297.0], [1519.25, 8319.0], [1519.5, 14544.0], [1519.75, 2072.0], [1520.0, 2072.0], [1520.25, 2047.0], [1520.5, 9728.0], [1520.75, 36682.0], [1521.0, 32072.0], [1521.25, 2035.0], [1521.5, 2028.0], [1521.75, 9418.0], [1522.0, 40902.0], [1522.25, 49190.0], [1522.5, 1621.0], [1522.75, 18734.0], [1523.0, 1581.0], [1523.25, 1592.0], [1523.5, 1592.0]]}}}
{"jsonrpc": "2.0", "method": "subscription", "params": {"channel": "book.ETH-18APR25.none.20.100ms", "data": {"timestamp": 1744317023085, "change_id": 65270354093, "instrument_name": "ETH-18APR25", "bids": [[1517.75, 26113.0], [1517.5, 3772.0], [1517.25, 4300.0], [1517.0, 6843.0], [1516.75, 11628.0], [1516.5, 5813.0], [1516.25, 5841.0], [1516.0, 5831.0], [1515.75, 4723.0], [1515.5, 1323.0], [1515.25, 1323.0], [1515.0, 12002.0], [1514.75, 36498.0], [1514.5, 1337.0], [1514.25, 1082.0], [1514.0, 1109.0], [1513.75, 1082.0], [1513.5, 8110.0], [1513.25, 39365.0], [1513.0, 38868.0]], "asks": [[1518.25, 5127.0], [1518.5, 10075.0], [1518.75, 14520.0], [1519.0, 4420.0], [1519.25, 5820.0], [1519.5, 4719.0], [1519.75, 1318.0], [1520.0, 3279.0], [1520.25, 7581.0], [1520.5, 1349.0], [1520.75, 7157.0], [1521.0, 20254.0], [1522.0, 38836.0], [1522.5, 18436.0], [1523.0, 1097.0], [1523.25, 1075.0], [1523.5, 38617.0], [1523.75, 1118.0], [1524.0, 1494.0], [1524.25, 1074.0]]}}}
{"jsonrpc": "2.0", "method": "subscription", "params": {"channel": "book.ETH-11APR25.none.20.100ms", "data": {"timestamp": 1744317023503, "change_id": 65270354579, "instrument_name": "ETH-11APR25", "bids": [[1518.25, 15637.0], [1518.0, 4535.0], [1517.75, 9609.0], [1517.5, 27447.0], [1517.25, 2040.0], [1517.0, 16647.0], [1516.75, 52094.0], [1516.5, 2084.0], [1516.25, 2044.0], [1516.0, 2047.0], [1515.75, 2595.0], [1515.5, 2050.0], [1515.25, 2050.0], [1515.0, 6839.0], [1514.75, 17583.0], [1514.5, 26357.0], [1514.25, 8620.0], [1514.0, 50189.0], [1513.75, 91604.0], [1513.0, 1564.0]], "asks": [[1518.75, 7835.0], [1519.0, 7297.0], [1519.25, 8319.0], [1519.5, 14544.0], [1519.75, 2072.0], [1520.0, 2649.0], [1520.25, 3046.0], [1520.5, 9728.0], [1520.75, 36682.0], [1521.0, 32072.0], [1521.25, 2035.0], [1521.5, 2028.0], [1521.75, 9418.0], [1522.0, 40902.0], [1522.25, 49190.0], [1522.5, 1621.0], [1522.75, 18734.0], [1523.0, 1581.0], [1523.25, 1592.0], [1523.5, 1592.0]]}}}
{"jsonrpc": "2.0", "method": "subscription", "params": {"channel": "book.ETH-18APR25.none.20.100ms", "data": {"timestamp": 1744317023512, "change_id": 65270354583, "instrument_name": "ETH-18APR25", "bids": [[1517.75, 26113.0], [1517.5, 3772.0], [1517.25, 4300.0], [1517.0, 6843.0], [1516.75, 11628.0], [1516.5, 5813.0], [1516.25, 5841.0], [1516.0, 5831.0], [1515.75, 4723.0], [1515.5, 1323.0], [1515.25, 1323.0], [1515.0, 12002.0], [1514.75, 36498.0], [1514.5, 1337.0], [1514.25, 1082.0], [1514.0, 1109.0], [1513.75, 1082.0], [1513.5, 8110.0], [1513.25, 39365.0], [1513.0, 38868.0]], "asks": [[1518.25, 7202.0], [1518.5, 7293.0], [1518.75, 14520.0], [1519.0, 4420.0], [1519.25, 5820.0], [1519.5, 4719.0], [1519.75, 1318.0], [1520.0, 3279.0], [1520.25, 7581.0], [1520.5, 1349.0], [1520.75, 7157.0], [1521.0, 20254.0], [1522.0, 38836.0], [1522.5, 18436.0], [1523.0, 1097.0], [1523.25, 1075.0], [1523.5, 38617.0], [1523.75, 1118.0], [1524.0, 1494.0], [1524.25, 1074.0]]}}}
{"jsonrpc": "2.0", "method": "subscription", "params": {"channel": "book.ETH-11APR25.none.20.100ms", "data": {"timestamp": 1744317023893, "change_id": 65270355013, "instrument_name": "ETH-11APR25", "bids": [[1518.25, 15637.0], [1518.0, 4535.0], [1517.75, 9609.0], [1517.5, 27447.0], [1517.25, 2040.0], [1517.0, 16647.0], [1516.75, 52094.0], [1516.5, 2084.0], [1516.25, 2044.0], [1516.0, 2047.0], [1515.75, 2595.0], [1515.5, 2050.0], [1515.25, 2050.0], [1515.0, 6839.0], [1514.75, 17583.0], [1514.5, 26357.0], [1514.25, 8620.0], [1514.0, 50189.0], [1513.75, 91604.0], [1513.0, 1564.0]], "asks": [[1518.75, 7835.0], [1519.0, 7297.0], [1519.25, 8319.0], [1519.5, 14544.0], [1519.75, 2072.0], [1520.0, 2326.0], [1520.25, 3046.0], [1520.5, 9728.0], [1520.75, 36682.0], [1521.0, 32072.0], [1521.25, 2035.0], [1521.5, 2028.0], [1521.75, 9418.0], [1522.0, 40902.0], [1522.25, 49190.0], [1522.5, 1621.0], [1522.75, 18734.0], [1523.0, 1581.0], [1523.25, 1592.0], [1523.5, 1592.0]]}}}
{"jsonrpc": "2.0", "method": "subscription", "params": {"channel": "book.ETH-11APR25.none.20.100ms", "data": {"timestamp": 1744317024317, "change_id": 65270355300, "instrument_name": "ETH-11APR25", "bids": [[1518.25, 15637.0], [1518.0, 4535.0], [1517.75, 9609.0], [1517.5, 27447.0], [1517.25, 2040.0], [1517.0, 16647.0], [1516.75, 52094.0], [1516.5, 2084.0], [1516.25, 2044.0], [1516.0, 2047.0], [1515.75, 2595.0], [1515.5, 2050.0], [1515.25, 2050.0], [1515.0, 6839.0], [1514.75, 17583.0], [1514.5, 26357.0], [1514.25, 8620.0], [1514.0, 50189.0], [1513.75, 91604.0], [1513.0, 1564.0]], "asks": [[1518.75, 5335.0], [1519.0, 7297.0], [1519.25, 8319.0], [1519.5, 14544.0], [1519.75, 2072.0], [1520.0, 2326.0], [1520.25, 3046.0], [1520.5, 9728.0], [1520.75, 36682.0], [1521.0, 32072.0], [1521.25, 2035.0], [1521.5, 2028.0], [1521.75, 9418.0], [1522.0, 40902.0], [1522.25, 49190.0], [1522.5, 1621.0], [1522.75, 18734.0], [1523.0, 1581.0], [1523.25, 1592.0], [1523.5, 1592.0]]}}}
{"jsonrpc": "2.0", "method": "subscription", "params": {"channel": "book.ETH-11APR25.none.20.100ms", "data": {"timestamp": 1744317024855, "change_id": 65270355908, "instrument_name": "ETH-11APR25", "bids": [[1518.5, 2500.0], [1518.25, 16859.0], [1518.0, 12100.0], [1517.75, 27415.0], [1517.5, 2067.0], [1517.25, 2040.0], [1517.0, 16647.0], [1516.75, 52094.0], [1516.5, 2084.0], [1516.25, 2044.0], [1516.0, 2047.0], [1515.75, 2595.0], [1515.5, 2050.0], [1515.25, 2050.0], [1515.0, 6839.0], [1514.75, 17583.0], [1514.5, 26357.0], [1514.25, 8620.0], [1514.0, 50189.0], [1513.75, 91604.0]], "asks": [[1518.75, 3499.0], [1519.0, 7297.0], [1519.25, 8319.0], [1519.5, 14544.0], [1519.75, 2072.0], [1520.0, 2072.0], [1520.25, 2047.0], [1520.5, 9728.0], [1520.75, 36682.0], [1521.0, 32072.0], [1521.25, 2035.0], [1521.5, 2028.0], [1521.75, 9418.0], [1522.0, 40902.0], [1522.25, 49190.0], [1522.5, 1621.0], [1522.75, 18734.0], [1523.0, 1581.0], [1523.25, 1592.0], [1523.5, 1592.0]]}}}
{"jsonrpc": "2.0", "method": "subscription", "params": {"channel": "book.ETH-18APR25.none.20.100ms", "data": {"timestamp": 1744317024789, "change_id": 65270355896, "instrument_name": "ETH-18APR25", "bids": [[1517.75, 26113.0], [1517.5, 3772.0], [1517.25, 6441.0], [1517.0, 11350.0], [1516.75, 5296.0], [1516.5, 5813.0], [1516.25, 5841.0], [1516.0, 5831.0], [1515.75, 4723.0], [1515.5, 1323.0], [1515.25, 1323.0], [1515.0, 12002.0], [1514.75, 36498.0], [1514.5, 1337.0], [1514.25, 1082.0], [1514.0, 1109.0], [1513.75, 1082.0], [1513.5, 8110.0], [1513.25, 39365.0], [1513.0, 38868.0]], "asks": [[1518.25, 5127.0], [1518.5, 10075.0], [1518.75, 14520.0], [1519.0, 4420.0], [1519.25, 5820.0], [1519.5, 4719.0], [1519.75, 1318.0], [1520.0, 3279.0], [1520.25, 7581.0], [1520.5, 1349.0], [1520.75, 7157.0], [1521.0, 20254.0], [1522.0, 38836.0], [1522.5, 18436.0], [1523.0, 1097.0], [1523.25, 1075.0], [1523.5, 38617.0], [1523.75, 1118.0], [1524.0, 1494.0], [1524.25, 1074.0]]}}}
{"jsonrpc": "2.0", "method": "subscription", "params": {"channel": "book.ETH-11APR25.none.20.100ms", "data": {"timestamp": 1744317025148, "change_id": 65270356066, "instrument_name": "ETH-11APR25", "bids": [[1518.5, 2501.0], [1518.25, 18466.0], [1518.0, 12100.0], [1517.75, 27415.0], [1517.5, 2067.0], [1517.25, 2040.0], [1517.0, 16647.0], [1516.75, 52094.0], [1516.5, 2084.0], [1516.25, 2044.0], [1516.0, 2047.0], [1515.75, 2595.0], [1515.5, 2050.0], [1515.25, 2050.0], [1515.0, 6839.0], [1514.75, 17583.0], [1514.5, 26357.0], [1514.25, 8620.0], [1514.0, 50189.0], [1513.75, 91604.0]], "asks": [[1518.75, 3499.0], [1519.0, 7297.0], [1519.25, 8319.0], [1519.5, 14544.0], [1519.75, 2072.0], [1520.0, 2072.0], [1520.25, 2047.0], [1520.5, 9728.0], [1520.75, 36682.0], [1521.0, 32072.0], [1521.25, 2035.0], [1521.5, 2028.0], [1521.75, 9418.0], [1522.0, 40902.0], [1522.25, 49190.0], [1522.5, 1621.0], [1522.75, 18734.0], [1523.0, 1581.0], [1523.25, 1592.0], [1523.5, 1592.0]]}}}
{"jsonrpc": "2.0", "method": "subscription", "params": {"channel": "book.ETH-18APR25.none.20.100ms", "data": {"timestamp": 1744317025144, "change_id": 65270356060, "instrument_name": "ETH-18APR25", "bids": [[1517.75, 26113.0], [1517.5, 3772.0], [1517.25, 6441.0], [1517.0, 11350.0], [1516.75, 5296.0], [1516.5, 5813.0], [1516.25, 5841.0], [1516.0, 5831.0], [1515.75, 4723.0], [1515.5, 1323.0], [1515.25, 1323.0], [1515.0, 12002.0], [1514.75, 36498.0], [1514.5, 1337.0], [1514.25, 1082.0], [1514.0, 1109.0], [1513.75, 1082.0], [1513.5, 8110.0], [1513.25, 39365.0], [1513.0, 38868.0]], "asks": [[1518.25, 1727.0], [1518.5, 10075.0], [1518.75, 14520.0], [1519.0, 4420.0], [1519.25, 5820.0], [1519.5, 4719.0], [1519.75, 1318.0], [1520.0, 3279.0], [1520.25, 7581.0], [1520.5, 1349.0], [1520.75, 7157.0], [1521.0, 20254.0], [1522.0, 38836.0], [1522.5, 18436.0], [1523.0, 1097.0], [1523.25, 1075.0], [1523.5, 38617.0], [1523.75, 1118.0], [1524.0, 1494.0], [1524.25, 1074.0]]}}}
{"jsonrpc": "2.0", "method": "subscription", "params": {"channel": "book.ETH-11APR25.none.20.100ms", "data": {"timestamp": 1744317025395, "change_id": 65270356454, "instrument_name": "ETH-11APR25", "bids": [[1518.5, 2501.0], [1518.25, 18466.0], [1518.0, 12100.0], [1517.75, 27415.0], [1517.5, 2067.0], [1517.25, 2040.0], [1517.0, 16647.0], [1516.75, 52094.0], [1516.5, 2084.0], [1516.25, 2044.0], [1516.0, 2047.0], [1515.75, 2595.0], [1515.5, 2050.0], [1515.25, 2050.0], [1515.0, 6839.0], [1514.75, 17583.0], [1514.5, 26357.0], [1514.25, 8620.0], [1514.0, 50189.0], [1513.75, 91604.0]], "asks": [[1518.75, 3499.0], [1519.0, 7297.0], [1519.25, 8319.0], [1519.5, 14544.0], [1519.75, 2072.0], [1520.0, 2072.0], [1520.25, 2047.0], [1520.5, 9728.0], [1520.75, 36682.0], [1521.0, 32072.0], [1521.25, 2035.0], [1521.5, 2028.0], [1521.75, 9418.0], [1522.0, 40902.0], [1522.25, 49190.0], [1522.5, 1621.0], [1522.75, 18734.0], [1523.0, 1581.0], [1523.25, 1592.0], [1523.5, 1592.0]]}}}
{"jsonrpc": "2.0", "method": "subscription", "params": {"channel": "book.ETH-18APR25.none.20.100ms", "data": {"timestamp": 1744317025475, "change_id": 65270356467, "instrument_name": "ETH-18APR25", "bids": [[1517.75, 28895.0], [1517.5, 990.0], [1517.25, 6441.0], [1517.0, 11350.0], [1516.75, 5296.0], [1516.5, 5813.0], [1516.25, 5841.0], [1516.0, 5831.0], [1515.75, 4723.0], [1515.5, 1323.0], [1515.25, 1323.0], [1515.0, 12002.0], [1514.75, 36498.0], [1514.5, 1337.0], [1514.25, 1082.0], [1514.0, 1109.0], [1513.75, 1082.0], [1513.5, 8110.0], [1513.25, 39365.0], [1513.0, 38868.0]], "asks": [[1518.25, 1727.0], [1518.5, 10075.0], [1518.75, 14520.0], [1519.0, 4420.0], [1519.25, 5820.0], [1519.5, 4719.0], [1519.75, 1318.0], [1520.0, 3279.0], [1520.25, 7581.0], [1520.5, 1349.0], [1520.75, 7157.0], [1521.0, 20254.0], [1522.0, 38836.0], [1522.5, 18436.0], [1523.0, 1097.0], [1523.25, 1075.0], [1523.5, 38617.0], [1523.75, 1118.0], [1524.0, 1494.0], [1524.25, 1074.0]]}}}
{"jsonrpc": "2.0", "method": "subscription", "params": {"channel": "book.ETH-11APR25.none.20.100ms", "data": {"timestamp": 1744317025839, "change_id": 65270357115, "instrument_name": "ETH-11APR25", "bids": [[1518.5, 14108.0], [1518.25, 6429.0], [1518.0, 12100.0], [1517.75, 27415.0], [1517.5, 2067.0], [1517.25, 2040.0], [1517.0, 16647.0], [1516.75, 52094.0], [1516.5, 2084.0], [1516.25, 2044.0], [1516.0, 2047.0], [1515.75, 2595.0], [1515.5, 2050.0], [1515.25, 2050.0], [1515.0, 6839.0], [1514.75, 17583.0], [1514.5, 26357.0], [1514.25, 8620.0], [1514.0, 50189.0], [1513.75, 91604.0]], "asks": [[1518.75, 3499.0], [1519.0, 3225.0], [1519.25, 8219.0], [1519.5, 14544.0], [1519.75, 2172.0], [1520.0, 2072.0], [1520.25, 2047.0], [1520.5, 9728.0], [1520.75, 36682.0], [1521.0, 32072.0], [1521.25, 2035.0], [1521.5, 2028.0], [1521.75, 9418.0], [1522.0, 40902.0], [1522.25, 49190.0], [1522.5, 1621.0], [1522.75, 18734.0], [1523.0, 1581.0], [1523.25, 1592.0], [1523.5, 1592.0]]}}}
{"jsonrpc": "2.0", "method": "subscription", "params": {"channel": "book.ETH-18APR25.none.20.100ms", "data": {"timestamp": 1744317025838, "change_id": 65270357109, "instrument_name": "ETH-18APR25", "bids": [[1518.0, 8418.0], [1517.75, 28895.0], [1517.5, 990.0], [1517.25, 7519.0], [1517.0, 11350.0], [1516.75, 5296.0], [1516.5, 5813.0], [1516.25, 5841.0], [1516.0, 5831.0], [1515.75, 4723.0], [1515.5, 1323.0], [1515.25, 1323.0], [1515.0, 12002.0], [1514.75, 36498.0], [1514.5, 1337.0], [1514.25, 1082.0], [1514.0, 1109.0], [1513.75, 1082.0], [1513.5, 8110.0], [1513.25, 39365.0]], "asks": [[1518.5, 6675.0], [1518.75, 11020.0], [1519.0, 4420.0], [1519.25, 4843.0], [1519.5, 3642.0], [1519.75, 1318.0], [1520.0, 3279.0], [1520.25, 7581.0], [1520.5, 1349.0], [1520.75, 7157.0], [1521.0, 20254.0], [1522.0, 38836.0], [1522.5, 18436.0], [1523.0, 1097.0], [1523.25, 1075.0], [1523.5, 38617.0], [1523.75, 1118.0], [1524.0, 1494.0], [1524.25, 1074.0], [1524.5, 1118.0]]}}}
{"jsonrpc": "2.0", "method": "subscription", "params": {"channel": "book.ETH-11APR25.none.20.100ms", "data": {"timestamp": 1744317026112, "change_id": 65270358221, "instrument_name": "ETH-11APR25", "bids": [[1518.75, 14638.0], [1518.5, 6339.0], [1518.25, 4107.0], [1518.0, 29452.0], [1517.75, 1572.0], [1517.5, 1604.0], [1517.25, 1577.0], [1517.0, 16647.0], [1516.75, 52094.0], [1516.5, 1621.0], [1516.25, 2044.0], [1516.0, 2047.0], [1515.75, 2469.0], [1515.5, 1587.0], [1515.25, 1587.0], [1515.0, 1564.0], [1514.75, 17583.0], [1514.5, 26357.0], [1514.25, 8620.0], [1514.0, 50189.0]], "asks": [[1519.0, 10.0], [1519.25, 10400.0], [1519.5, 4081.0], [1519.75, 4672.0], [1520.0, 11609.0], [1520.25, 1584.0], [1520.5, 9728.0], [1520.75, 36682.0], [1521.0, 32072.0], [1521.25, 1903.0], [1521.5, 1565.0], [1521.75, 1591.0], [1522.0, 26284.0], [1522.25, 50797.0], [1522.5, 1621.0], [1522.75, 18734.0], [1523.0, 1581.0], [1523.25, 1592.0], [1523.5, 1592.0], [1523.75, 91594.0]]}}}
{"jsonrpc": "2.0", "method": "subscription", "params": {"channel": "book.ETH-18APR25.none.20.100ms", "data": {"timestamp": 1744317026145, "change_id": 65270358334, "instrument_name": "ETH-18APR25", "bids": [[1518.25, 3100.0], [1518.0, 13024.0], [1517.5, 3119.0], [1517.25, 11710.0], [1517.0, 5018.0], [1516.75, 5296.0], [1516.5, 5813.0], [1516.25, 5841.0], [1516.0, 4729.0], [1515.75, 1323.0], [1515.5, 1323.0], [1515.25, 1323.0], [1515.0, 12002.0], [1514.75, 36498.0], [1514.5, 1337.0], [1514.25, 1082.0], [1514.0, 1109.0], [1513.75, 1482.0], [1513.5, 8110.0], [1513.25, 39365.0]], "asks": [[1518.75, 7202.0], [1519.0, 7323.0], [1519.25, 14843.0], [1519.5, 3642.0], [1519.75, 2389.0], [1520.0, 4719.0], [1520.25, 1318.0], [1520.5, 3280.0], [1520.75, 13420.0], [1521.0, 20254.0], [1522.0, 38836.0], [1522.5, 18436.0], [1523.0, 1097.0], [1523.25, 1075.0], [1523.5, 38617.0], [1523.75, 1118.0], [1524.0, 1494.0], [1524.25, 1074.0], [1524.5, 1118.0], [1524.75, 1072.0]]}}}
{"jsonrpc": "2.0", "method": "subscription", "params": {"channel": "book.ETH-11APR25.none.20.100ms", "data": {"timestamp": 1744317026417, "change_id": 65270359102, "instrument_name": "ETH-11APR25", "bids": [[1518.75, 12600.0], [1518.5, 4732.0], [1518.25, 6144.0], [1518.0, 29452.0], [1517.75, 1572.0], [1517.5, 1604.0], [1517.25, 1577.0], [1517.0, 16647.0], [1516.75, 52094.0], [1516.5, 1621.0], [1516.25, 2044.0], [1516.0, 2047.0], [1515.75, 2469.0], [1515.5, 1587.0], [1515.25, 1587.0], [1515.0, 1564.0], [1514.75, 17583.0], [1514.5, 26357.0], [1514.25, 8620.0], [1514.0, 50189.0]], "asks": [[1519.0, 2047.0], [1519.25, 8363.0], [1519.5, 4081.0], [1519.75, 4672.0], [1520.0, 11609.0], [1520.25, 1584.0], [1520.5, 9728.0], [1520.75, 36682.0], [1521.0, 32072.0], [1521.25, 1903.0], [1521.5, 1565.0], [1521.75, 1591.0], [1522.0, 26284.0], [1522.25, 50797.0], [1522.5, 1621.0], [1522.75, 18734.0], [1523.0, 1581.0], [1523.25, 1592.0], [1523.5, 1592.0], [1523.75, 91594.0]]}}}
{"jsonrpc": "2.0", "method": "subscription", "params": {"channel": "book.ETH-18APR25.none.20.100ms", "data": {"timestamp": 1744317026382, "change_id": 65270359029, "instrument_name": "ETH-18APR25", "bids": [[1518.25, 100.0], [1518.0, 10804.0], [1517.75, 2782.0], [1517.5, 3119.0], [1517.25, 10632.0], [1517.0, 5018.0], [1516.75, 5296.0], [1516.5, 5813.0], [1516.25, 5841.0], [1516.0, 4729.0], [1515.75, 1323.0], [1515.5, 1323.0], [1515.25, 1323.0], [1515.0, 12002.0], [1514.75, 36498.0], [1514.5, 1337.0], [1514.25, 1082.0], [1514.0, 1109.0], [1513.75, 1482.0], [1513.5, 8110.0]], "asks": [[1518.5, 6182.0], [1518.75, 4420.0], [1519.0, 7323.0], [1519.25, 14843.0], [1519.5, 4720.0], [1519.75, 2389.0], [1520.0, 4719.0], [1520.25, 1318.0], [1520.5, 3280.0], [1520.75, 13420.0], [1521.0, 20254.0], [1522.0, 38836.0], [1522.5, 18436.0], [1523.0, 1097.0], [1523.25, 1075.0], [1523.5, 38617.0], [1523.75, 1118.0], [1524.0, 1494.0], [1524.25, 1074.0], [1524.5, 1118.0]]}}}
{"jsonrpc": "2.0", "method": "subscription", "params": {"channel": "book.ETH-11APR25.none.20.100ms", "data": {"timestamp": 1744317026828, "change_id": 65270359691, "instrument_name": "ETH-11APR25", "bids": [[1518.75, 10100.0], [1518.5, 5537.0], [1518.25, 12943.0], [1518.0, 29452.0], [1517.75, 1572.0], [1517.5, 1604.0], [1517.25, 2040.0], [1517.0, 16647.0], [1516.75, 52094.0], [1516.5, 1621.0], [1516.25, 2044.0], [1516.0, 2047.0], [1515.75, 2469.0], [1515.5, 1587.0], [1515.25, 1587.0], [1515.0, 1564.0], [1514.75, 17583.0], [1514.5, 26357.0], [1514.25, 8620.0], [1514.0, 50189.0]], "asks": [[1519.0, 1618.0], [1519.25, 10400.0], [1519.5, 4081.0], [1519.75, 14672.0], [1520.0, 1609.0], [1520.25, 1584.0], [1520.5, 9728.0], [1520.75, 36682.0], [1521.0, 32072.0], [1521.25, 1903.0], [1521.5, 1565.0], [1521.75, 1591.0], [1522.0, 26284.0], [1522.25, 50797.0], [1522.5, 1621.0], [1522.75, 18734.0], [1523.0, 1581.0], [1523.25, 1592.0], [1523.5, 1592.0], [1523.75, 91594.0]]}}}
{"jsonrpc": "2.0", "method": "subscription", "params": {"channel": "book.ETH-18APR25.none.20.100ms", "data": {"timestamp": 1744317026730, "change_id": 65270359186, "instrument_name": "ETH-18APR25", "bids": [[1518.25, 100.0], [1518.0, 24077.0], [1517.75, 2782.0], [1517.5, 3119.0], [1517.25, 10632.0], [1517.0, 5018.0], [1516.75, 5296.0], [1516.5, 5813.0], [1516.25, 5841.0], [1516.0, 4729.0], [1515.75, 1323.0], [1515.5, 1323.0], [1515.25, 1323.0], [1515.0, 12002.0], [1514.75, 36498.0], [1514.5, 1337.0], [1514.25, 1082.0], [1514.0, 1109.0], [1513.75, 1482.0], [1513.5, 8110.0]], "asks": [[1518.5, 6182.0], [1518.75, 4420.0], [1519.0, 7323.0], [1519.25, 14843.0], [1519.5, 4720.0], [1519.75, 2389.0], [1520.0, 4719.0], [1520.25, 1318.0], [1520.5, 3280.0], [1520.75, 13420.0], [1521.0, 20254.0], [1522.0, 38836.0], [1522.5, 18436.0], [1523.0, 1097.0], [1523.25, 1075.0], [1523.5, 38617.0], [1523.75, 1118.0], [1524.0, 1494.0], [1524.25, 1074.0], [1524.5, 1118.0]]}}}
{"jsonrpc": "2.0", "method": "subscription", "params": {"channel": "book.ETH-11APR25.none.20.100ms", "data": {"timestamp": 1744317026981, "change_id": 65270359881, "instrument_name": "ETH-11APR25", "bids": [[1518.5, 13500.0], [1518.25, 15080.0], [1518.0, 29452.0], [1517.75, 1572.0], [1517.5, 1604.0], [1517.25, 2040.0], [1517.0, 16647.0], [1516.75, 52094.0], [1516.5, 1621.0], [1516.25, 2044.0], [1516.0, 2047.0], [1515.75, 2469.0], [1515.5, 1587.0], [1515.25, 1587.0], [1515.0, 1564.0], [1514.75, 17583.0], [1514.5, 26357.0], [1514.25, 8620.0], [1514.0, 50189.0], [1513.75, 91604.0]], "asks": [[1519.0, 7328.0], [1519.25, 5361.0], [1519.5, 4081.0], [1519.75, 14672.0], [1520.0, 1609.0], [1520.25, 1584.0], [1520.5, 9728.0], [1520.75, 36682.0], [1521.0, 32072.0], [1521.25, 1903.0], [1521.5, 1565.0], [1521.75, 1591.0], [1522.0, 26284.0], [1522.25, 50797.0], [1522.5, 1621.0], [1522.75, 18734.0], [1523.0, 1581.0], [1523.25, 1592.0], [1523.5, 1592.0], [1523.75, 91594.0]]}}}
{"jsonrpc": "2.0", "method": "subscription", "params": {"channel": "book.ETH-18APR25.none.20.100ms", "data": {"timestamp": 1744317027133, "change_id": 65270360063, "instrument_name": "ETH-18APR25", "bids": [[1518.0, 14104.0], [1517.75, 2882.0], [1517.5, 3119.0], [1517.25, 10632.0], [1517.0, 5018.0], [1516.75, 5296.0], [1516.5, 5813.0], [1516.25, 5841.0], [1516.0, 4729.0], [1515.75, 1323.0], [1515.5, 1323.0], [1515.25, 1323.0], [1515.0, 12002.0], [1514.75, 36498.0], [1514.5, 1337.0], [1514.25, 1082.0], [1514.0, 1109.0], [1513.75, 1482.0], [1513.5, 8110.0], [1513.25, 39365.0]], "asks": [[1518.5, 7202.0], [1518.75, 7293.0], [1519.0, 14420.0], [1519.25, 4843.0], [1519.5, 4720.0], [1519.75, 2389.0], [1520.0, 4719.0], [1520.25, 1318.0], [1520.5, 3280.0], [1520.75, 13420.0], [1521.0, 20254.0], [1522.0, 38836.0], [1522.5, 18436.0], [1523.0, 1097.0], [1523.25, 1075.0], [1523.5, 38617.0], [1523.75, 1118.0], [1524.0, 1494.0], [1524.25, 1074.0], [1524.5, 1118.0]]}}}
{"jsonrpc": "2.0", "method": "subscription", "params": {"channel": "book.ETH-11APR25.none.20.100ms", "data": {"timestamp": 1744317027488, "change_id": 65270361130, "instrument_name": "ETH-11APR25", "bids": [[1518.5, 10100.0], [1518.25, 4537.0], [1518.0, 5072.0], [1517.75, 26952.0], [1517.5, 1604.0], [1517.25, 2040.0], [1517.0, 16647.0], [1516.75, 52094.0], [1516.5, 1621.0], [1516.25, 2044.0], [1516.0, 2047.0], [1515.75, 2469.0], [1515.5, 1587.0], [1515.25, 1587.0], [1515.0, 1564.0], [1514.75, 17583.0], [1514.5, 26357.0], [1514.25, 8620.0], [1514.0, 50189.0], [1513.75, 91604.0]], "asks": [[1518.75, 6145.0], [1519.0, 5291.0], [1519.25, 5361.0], [1519.5, 14181.0], [1519.75, 4572.0], [1520.0, 1609.0], [1520.25, 1584.0], [1520.5, 9728.0], [1520.75, 36682.0], [1521.0, 32072.0], [1521.25, 1903.0], [1521.5, 1565.0], [1521.75, 1591.0], [1522.0, 26284.0], [1522.25, 50797.0], [1522.5, 1621.0], [1522.75, 18734.0], [1523.0, 1581.0], [1523.25, 1592.0], [1523.5, 1592.0]]}}}
{"jsonrpc": "2.0", "method": "subscription", "params": {"channel": "book.ETH-18APR25.none.20.100ms", "data": {"timestamp": 1744317027439, "change_id": 65270361014, "instrument_name": "ETH-18APR25", "bids": [[1517.75, 6546.0], [1517.5, 13772.0], [1517.25, 4300.0], [1517.0, 5765.0], [1516.75, 10550.0], [1516.5, 5813.0], [1516.25, 5841.0], [1516.0, 4729.0], [1515.75, 1323.0], [1515.5, 1323.0], [1515.25, 1323.0], [1515.0, 12002.0], [1514.75, 36498.0], [1514.5, 1337.0], [1514.25, 1082.0], [1514.0, 1109.0], [1513.75, 1482.0], [1513.5, 8110.0], [1513.25, 39365.0], [1513.0, 38868.0]], "asks": [[1518.25, 6402.0], [1518.5, 4420.0], [1518.75, 7293.0], [1519.0, 14520.0], [1519.25, 5821.0], [1519.5, 4720.0], [1519.75, 2389.0], [1520.0, 4719.0], [1520.25, 1318.0], [1520.5, 3280.0], [1520.75, 13420.0], [1521.0, 20254.0], [1522.0, 38836.0], [1522.5, 18436.0], [1523.0, 1097.0], [1523.25, 1075.0], [1523.5, 38617.0], [1523.75, 1118.0], [1524.0, 1494.0], [1524.25, 1074.0]]}}}
{"jsonrpc": "2.0", "method": "subscription", "params": {"channel": "book.ETH-11APR25.none.20.100ms", "data": {"timestamp": 1744317027792, "change_id": 65270361878, "instrument_name": "ETH-11APR25", "bids": [[1518.25, 2500.0], [1518.0, 16100.0], [1517.75, 9667.0], [1517.5, 27447.0], [1517.25, 2040.0], [1517.0, 16647.0], [1516.75, 52094.0], [1516.5, 2084.0], [1516.25, 2044.0], [1516.0, 2047.0], [1515.75, 2469.0], [1515.5, 2050.0], [1515.25, 2050.0], [1515.0, 6839.0], [1514.75, 17583.0], [1514.5, 26357.0], [1514.25, 8620.0], [1514.0, 50189.0], [1513.75, 91604.0], [1513.0, 1564.0]], "asks": [[1518.5, 2501.0], [1518.75, 7379.0], [1519.0, 5291.0], [1519.25, 8305.0], [1519.5, 15314.0], [1519.75, 4572.0], [1520.0, 2072.0], [1520.25, 2047.0], [1520.5, 9728.0], [1520.75, 36682.0], [1521.0, 32072.0], [1521.25, 1903.0], [1521.5, 2028.0], [1521.75, 9476.0], [1522.0, 26284.0], [1522.25, 50797.0], [1522.5, 1621.0], [1522.75, 18734.0], [1523.0, 1581.0], [1523.25, 1592.0]]}}}
{"jsonrpc": "2.0", "method": "subscription", "params": {"channel": "book.ETH-18APR25.none.20.100ms", "data": {"timestamp": 1744317027788, "change_id": 65270361873, "instrument_name": "ETH-18APR25", "bids": [[1517.75, 3830.0], [1517.5, 13772.0], [1517.25, 4300.0], [1517.0, 5765.0], [1516.75, 10550.0], [1516.5, 5813.0], [1516.25, 5841.0], [1516.0, 4729.0], [1515.75, 1323.0], [1515.5, 1323.0], [1515.25, 1323.0], [1515.0, 12002.0], [1514.75, 36498.0], [1514.5, 1337.0], [1514.25, 1082.0], [1514.0, 1109.0], [1513.75, 1082.0], [1513.5, 8110.0], [1513.25, 39365.0], [1513.0, 39268.0]], "asks": [[1518.25, 6402.0], [1518.5, 7293.0], [1518.75, 14520.0], [1519.0, 4420.0], [1519.25, 5821.0], [1519.5, 4720.0], [1519.75, 2389.0], [1520.0, 4719.0], [1520.25, 1318.0], [1520.5, 3280.0], [1520.75, 13420.0], [1521.0, 20254.0], [1522.0, 38836.0], [1522.5, 18436.0], [1523.0, 1097.0], [1523.25, 1075.0], [1523.5, 38617.0], [1523.75, 1118.0], [1524.0, 1494.0], [1524.25, 1074.0]]}}}
