{"jsonrpc": "2.0", "id": 1, "result": ["book.ETH-19SEP25.none.20.100ms"], "usIn": 1758140616239327, "usOut": 1758140616239542, "usDiff": 215, "testnet": false}
{"jsonrpc": "2.0", "method": "subscription", "params": {"channel": "book.ETH-19SEP25.none.20.100ms", "data": {"timestamp": 1758140616018, "change_id": 86919411046, "instrument_name": "ETH-19SEP25", "bids": [[4532.25, 7660.0], [4531.5, 22576.0], [4531.25, 4600.0], [4531.0, 1350.0], [4530.75, 4500.0], [4530.5, 1870.0], [4530.25, 4500.0], [4530.0, 530.0], [4529.75, 1350.0], [4529.5, 4500.0], [4529.25, 535.0], [4529.0, 3055.0], [4528.75, 10183.0], [4528.25, 2035.0], [4528.0, 11159.0], [4527.75, 20525.0], [4526.75, 520.0], [4526.25, 520.0], [4525.75, 520.0], [4524.25, 520.0]], "asks": [[4532.75, 38238.0], [4533.0, 4588.0], [4533.25, 15743.0], [4533.5, 1500.0], [4534.0, 1350.0], [4534.25, 6643.0], [4534.5, 6610.0], [4534.75, 4180.0], [4535.0, 13932.0], [4535.5, 535.0], [4536.25, 9787.0], [4536.5, 32622.0], [4537.5, 529.0], [4538.0, 791.0], [4538.25, 2636.0], [4539.0, 535.0], [4539.25, 15159.0], [4539.5, 50530.0], [4540.0, 6875.0], [4540.25, 22915.0]]}}}
{"jsonrpc": "2.0", "method": "subscription", "params": {"channel": "book.ETH-19SEP25.none.20.100ms", "data": {"timestamp": 1758140616018, "change_id": 86919411046, "instrument_name": "ETH-19SEP25", "bids": [[4532.25, 7660.0], [4531.5, 22576.0], [4531.25, 4600.0], [4531.0, 1350.0], [4530.75, 4500.0], [4530.5, 1870.0], [4530.25, 4500.0], [4530.0, 530.0], [4529.75, 1350.0], [4529.5, 4500.0], [4529.25, 535.0], [4529.0, 3055.0], [4528.75, 10183.0], [4528.25, 2035.0], [4528.0, 11159.0], [4527.75, 20525.0], [4526.75, 520.0], [4526.25, 520.0], [4525.75, 520.0], [4524.25, 520.0]], "asks": [[4532.75, 38238.0], [4533.0, 4588.0], [4533.25, 15743.0], [4533.5, 1500.0], [4534.0, 1350.0], [4534.25, 6643.0], [4534.5, 6610.0], [4534.75, 4180.0], [4535.0, 13932.0], [4535.5, 535.0], [4536.25, 9787.0], [4536.5, 32622.0], [4537.5, 529.0], [4538.0, 791.0], [4538.25, 2636.0], [4539.0, 535.0], [4539.25, 15159.0], [4539.5, 50530.0], [4540.0, 6875.0], [4540.25, 22915.0]]}}}
{"jsonrpc": "2.0", "method": "subscription", "params": {"channel": "book.ETH-19SEP25.none.20.100ms", "data": {"timestamp": 1758140616549, "change_id": 86919411507, "instrument_name": "ETH-19SEP25", "bids": [[4532.25, 7660.0], [4531.5, 7283.0], [4531.25, 9188.0], [4531.0, 16643.0], [4530.75, 4500.0], [4530.5, 1870.0], [4530.25, 4500.0], [4530.0, 530.0], [4529.75, 1350.0], [4529.5, 4500.0], [4529.25, 535.0], [4529.0, 3055.0], [4528.75, 10183.0], [4528.25, 2035.0], [4528.0, 11159.0], [4527.75, 20525.0], [4526.75, 520.0], [4526.25, 520.0], [4525.75, 520.0], [4524.25, 520.0]], "asks": [[4532.75, 27771.0], [4533.0, 4588.0], [4533.25, 47021.0], [4533.5, 1500.0], [4534.0, 1350.0], [4534.25, 6643.0], [4534.5, 6610.0], [4534.75, 4180.0], [4535.0, 13932.0], [4535.5, 535.0], [4536.25, 9787.0], [4536.5, 32622.0], [4537.5, 529.0], [4538.0, 791.0], [4538.25, 2636.0], [4539.0, 535.0], [4539.25, 15159.0], [4539.5, 50530.0], [4540.0, 6875.0], [4540.25, 22915.0]]}}}
{"jsonrpc": "2.0", "method": "subscription", "params": {"channel": "book.ETH-19SEP25.none.20.100ms", "data": {"timestamp": 1758140616861, "change_id": 86919411954, "instrument_name": "ETH-19SEP25", "bids": [[4532.25, 4660.0], [4532.0, 3000.0], [4531.5, 7283.0], [4531.25, 9188.0], [4531.0, 16643.0], [4530.75, 4500.0], [4530.5, 1870.0], [4530.25, 4500.0], [4530.0, 530.0], [4529.75, 1350.0], [4529.5, 4500.0], [4529.25, 535.0], [4529.0, 3055.0], [4528.75, 10183.0], [4528.25, 2035.0], [4528.0, 11159.0], [4527.75, 20525.0], [4526.75, 520.0], [4526.25, 520.0], [4525.75, 520.0]], "asks": [[4532.5, 12393.0], [4532.75, 24000.0], [4533.0, 4588.0], [4533.25, 47021.0], [4533.5, 1500.0], [4534.0, 1350.0], [4534.25, 6643.0], [4534.5, 6610.0], [4534.75, 18657.0], [4535.0, 63932.0], [4535.5, 535.0], [4536.25, 9787.0], [4536.5, 32622.0], [4537.5, 529.0], [4538.0, 791.0], [4538.25, 2636.0], [4539.0, 535.0], [4539.5, 530.0], [4540.0, 6875.0], [4540.25, 22915.0]]}}}
{"jsonrpc": "2.0", "method": "subscription", "params": {"channel": "book.ETH-19SEP25.none.20.100ms", "data": {"timestamp": 1758140617207, "change_id": 86919412410, "instrument_name": "ETH-19SEP25", "bids": [[4532.25, 4660.0], [4532.0, 3000.0], [4531.5, 7283.0], [4531.25, 9188.0], [4531.0, 16643.0], [4530.75, 4500.0], [4530.5, 1870.0], [4530.25, 4500.0], [4530.0, 530.0], [4529.25, 535.0], [4529.0, 3055.0], [4528.75, 10183.0], [4528.25, 2035.0], [4528.0, 11159.0], [4527.75, 20525.0], [4526.75, 520.0], [4526.25, 520.0], [4525.75, 520.0], [4524.25, 520.0], [4524.0, 7647.0]], "asks": [[4532.5, 16260.0], [4532.75, 24000.0], [4533.0, 4588.0], [4533.25, 47021.0], [4533.5, 1500.0], [4534.0, 1350.0], [4534.25, 6643.0], [4534.5, 6610.0], [4534.75, 18657.0], [4535.0, 63932.0], [4535.5, 535.0], [4536.25, 9787.0], [4536.5, 32622.0], [4537.5, 529.0], [4538.0, 791.0], [4538.25, 2636.0], [4539.0, 535.0], [4539.5, 530.0], [4540.0, 6875.0], [4540.25, 22915.0]]}}}
{"jsonrpc": "2.0", "method": "subscription", "params": {"channel": "book.ETH-19SEP25.none.20.100ms", "data": {"timestamp": 1758140617913, "change_id": 86919413305, "instrument_name": "ETH-19SEP25", "bids": [[4532.25, 4660.0], [4532.0, 3000.0], [4531.5, 5903.0], [4531.25, 9188.0], [4531.0, 16643.0], [4530.75, 4500.0], [4530.5, 1870.0], [4530.25, 4500.0], [4530.0, 530.0], [4529.25, 535.0], [4529.0, 3055.0], [4528.75, 10183.0], [4528.25, 2035.0], [4528.0, 11159.0], [4527.75, 20525.0], [4527.25, 24947.0], [4526.75, 520.0], [4526.25, 8028.0], [4526.0, 25027.0], [4525.75, 520.0]], "asks": [[4532.5, 16260.0], [4532.75, 24000.0], [4533.0, 8191.0], [4533.25, 47021.0], [4533.5, 1500.0], [4534.0, 1350.0], [4534.25, 6643.0], [4534.5, 6610.0], [4534.75, 18657.0], [4535.0, 63932.0], [4535.5, 535.0], [4536.25, 9787.0], [4536.5, 32622.0], [4537.0, 8135.0], [4537.25, 25382.0], [4537.5, 529.0], [4538.0, 791.0], [4538.25, 2636.0], [4539.0, 535.0], [4539.5, 530.0]]}}}
{"jsonrpc": "2.0", "method": "subscription", "params": {"channel": "book.ETH-19SEP25.none.20.100ms", "data": {"timestamp": 1758140618196, "change_id": 86919413601, "instrument_name": "ETH-19SEP25", "bids": [[4532.25, 4660.0], [4532.0, 3000.0], [4531.5, 5903.0], [4531.25, 9188.0], [4531.0, 16643.0], [4530.75, 4500.0], [4530.5, 1870.0], [4530.25, 4500.0], [4530.0, 530.0], [4529.25, 535.0], [4529.0, 3055.0], [4528.75, 10183.0], [4528.25, 2035.0], [4528.0, 11159.0], [4527.75, 20525.0], [4527.25, 24947.0], [4526.75, 520.0], [4526.25, 8028.0], [4526.0, 25027.0], [4525.75, 520.0]], "asks": [[4532.5, 19860.0], [4532.75, 24000.0], [4533.0, 8191.0], [4533.25, 47021.0], [4533.5, 1500.0], [4534.0, 1350.0], [4534.25, 6643.0], [4534.5, 6610.0], [4534.75, 18657.0], [4535.0, 63932.0], [4535.5, 535.0], [4536.25, 9787.0], [4536.5, 32622.0], [4537.0, 8135.0], [4537.25, 25382.0], [4537.5, 529.0], [4538.0, 791.0], [4538.25, 2636.0], [4539.0, 535.0], [4539.5, 530.0]]}}}
{"jsonrpc": "2.0", "method": "subscription", "params": {"channel": "book.ETH-19SEP25.none.20.100ms", "data": {"timestamp": 1758140618582, "change_id": 86919414086, "instrument_name": "ETH-19SEP25", "bids": [[4532.25, 4660.0], [4532.0, 3000.0], [4531.5, 7283.0], [4531.25, 9188.0], [4531.0, 16643.0], [4530.75, 4500.0], [4530.5, 1870.0], [4530.25, 4500.0], [4530.0, 530.0], [4529.25, 535.0], [4529.0, 3055.0], [4528.75, 10183.0], [4528.25, 2035.0], [4528.0, 11159.0], [4527.75, 20525.0], [4527.25, 24947.0], [4526.75, 520.0], [4526.25, 8028.0], [4526.0, 25027.0], [4525.75, 520.0]], "asks": [[4532.5, 16259.0], [4532.75, 24000.0], [4533.0, 8191.0], [4533.25, 46571.0], [4534.0, 1350.0], [4534.25, 12061.0], [4534.5, 21030.0], [4534.75, 18657.0], [4535.0, 50162.0], [4535.5, 535.0], [4536.25, 9787.0], [4536.5, 32622.0], [4537.0, 8135.0], [4537.25, 25382.0], [4537.5, 529.0], [4538.0, 791.0], [4538.25, 2636.0], [4539.0, 535.0], [4539.5, 530.0], [4540.0, 6875.0]]}}}
{"jsonrpc": "2.0", "method": "subscription", "params": {"channel": "book.ETH-19SEP25.none.20.100ms", "data": {"timestamp": 1758140618699, "change_id": 86919414156, "instrument_name": "ETH-19SEP25", "bids": [[4532.25, 4660.0], [4532.0, 3000.0], [4531.5, 7283.0], [4531.25, 9188.0], [4531.0, 16643.0], [4530.75, 4500.0], [4530.5, 1870.0], [4530.25, 4500.0], [4530.0, 530.0], [4529.25, 535.0], [4529.0, 3055.0], [4528.75, 10183.0], [4528.25, 2035.0], [4528.0, 11159.0], [4527.75, 20525.0], [4527.25, 24947.0], [4526.75, 520.0], [4526.25, 8028.0], [4526.0, 25027.0], [4524.25, 520.0]], "asks": [[4532.5, 12392.0], [4532.75, 24000.0], [4533.0, 8191.0], [4533.25, 46571.0], [4533.75, 1500.0], [4534.0, 1350.0], [4534.25, 10561.0], [4534.5, 21190.0], [4534.75, 18657.0], [4535.0, 50002.0], [4535.5, 535.0], [4536.25, 9787.0], [4536.5, 32622.0], [4537.0, 8135.0], [4537.25, 25382.0], [4537.5, 529.0], [4538.0, 791.0], [4538.25, 2636.0], [4539.5, 530.0], [4540.0, 6875.0]]}}}
{"jsonrpc": "2.0", "method": "subscription", "params": {"channel": "book.ETH-19SEP25.none.20.100ms", "data": {"timestamp": 1758140618948, "change_id": 86919414574, "instrument_name": "ETH-19SEP25", "bids": [[4532.25, 4660.0], [4532.0, 3000.0], [4531.5, 7283.0], [4531.25, 9188.0], [4531.0, 16643.0], [4530.75, 4500.0], [4530.5, 1870.0], [4530.25, 4500.0], [4530.0, 530.0], [4529.25, 535.0], [4529.0, 3055.0], [4528.75, 10183.0], [4528.25, 2035.0], [4528.0, 11159.0], [4527.75, 20525.0], [4527.5, 7484.0], [4527.25, 24947.0], [4526.75, 520.0], [4526.25, 8028.0], [4526.0, 25027.0]], "asks": [[4532.5, 16176.0], [4532.75, 24000.0], [4533.0, 8191.0], [4533.25, 46571.0], [4533.75, 1500.0], [4534.0, 1350.0], [4534.25, 10561.0], [4534.5, 21190.0], [4534.75, 18657.0], [4535.0, 50002.0], [4535.5, 535.0], [4536.25, 9787.0], [4536.5, 32622.0], [4537.0, 8135.0], [4537.25, 25382.0], [4537.5, 529.0], [4538.0, 791.0], [4538.25, 2636.0], [4539.5, 530.0], [4540.0, 6875.0]]}}}
{"jsonrpc": "2.0", "method": "subscription", "params": {"channel": "book.ETH-19SEP25.none.20.100ms", "data": {"timestamp": 1758140619905, "change_id": 86919415713, "instrument_name": "ETH-19SEP25", "bids": [[4532.25, 4660.0], [4532.0, 3000.0], [4531.75, 6137.0], [4531.5, 22576.0], [4531.25, 4600.0], [4531.0, 1350.0], [4530.75, 4500.0], [4530.5, 1870.0], [4530.25, 4500.0], [4530.0, 530.0], [4529.25, 535.0], [4529.0, 3055.0], [4528.75, 10183.0], [4528.25, 2035.0], [4528.0, 11159.0], [4527.75, 20525.0], [4527.5, 7484.0], [4527.25, 24947.0], [4526.75, 520.0], [4526.25, 8028.0]], "asks": [[4532.5, 3784.0], [4532.75, 24000.0], [4533.25, 46571.0], [4533.75, 1500.0], [4534.0, 1350.0], [4534.25, 10561.0], [4534.5, 21190.0], [4534.75, 18657.0], [4535.0, 50002.0], [4535.5, 535.0], [4536.25, 9787.0], [4536.5, 32622.0], [4537.0, 8135.0], [4537.25, 25382.0], [4537.5, 529.0], [4538.0, 791.0], [4538.25, 2636.0], [4539.5, 530.0], [4540.0, 6875.0], [4540.25, 22915.0]]}}}
{"jsonrpc": "2.0", "method": "subscription", "params": {"channel": "book.ETH-19SEP25.none.20.100ms", "data": {"timestamp": 1758140620228, "change_id": 86919416196, "instrument_name": "ETH-19SEP25", "bids": [[4532.25, 4660.0], [4532.0, 7500.0], [4531.75, 6137.0], [4531.5, 22576.0], [4531.25, 4600.0], [4531.0, 1350.0], [4530.75, 4500.0], [4530.5, 1870.0], [4530.25, 4500.0], [4530.0, 530.0], [4529.25, 535.0], [4529.0, 3055.0], [4528.75, 10183.0], [4528.25, 2035.0], [4528.0, 11159.0], [4527.75, 20525.0], [4527.5, 7484.0], [4527.25, 24947.0], [4526.75, 520.0], [4526.25, 8028.0]], "asks": [[4532.5, 12392.0], [4533.0, 31483.0], [4533.25, 46571.0], [4533.5, 450.0], [4533.75, 1500.0], [4534.0, 1350.0], [4534.25, 8787.0], [4534.5, 15115.0], [4534.75, 18657.0], [4535.0, 50522.0], [4535.5, 6610.0], [4536.25, 9787.0], [4536.5, 32622.0], [4537.0, 520.0], [4537.25, 25382.0], [4537.5, 529.0], [4538.0, 791.0], [4538.25, 2636.0], [4539.5, 530.0], [4540.0, 6875.0]]}}}
{"jsonrpc": "2.0", "method": "subscription", "params": {"channel": "book.ETH-19SEP25.none.20.100ms", "data": {"timestamp": 1758140620527, "change_id": 86919416497, "instrument_name": "ETH-19SEP25", "bids": [[4532.25, 7660.0], [4532.0, 4500.0], [4531.75, 6137.0], [4531.5, 22576.0], [4531.25, 4600.0], [4531.0, 1350.0], [4530.75, 4500.0], [4530.5, 1870.0], [4530.25, 4500.0], [4530.0, 530.0], [4529.25, 535.0], [4529.0, 3055.0], [4528.75, 10183.0], [4528.25, 2035.0], [4528.0, 11159.0], [4527.75, 20525.0], [4527.5, 7484.0], [4527.25, 24947.0], [4526.75, 520.0], [4526.25, 8028.0]], "asks": [[4532.5, 12392.0], [4533.0, 31483.0], [4533.25, 46571.0], [4533.5, 450.0], [4533.75, 1500.0], [4534.0, 1350.0], [4534.25, 8787.0], [4534.5, 15115.0], [4534.75, 18657.0], [4535.0, 50522.0], [4535.5, 6610.0], [4536.25, 9787.0], [4536.5, 32622.0], [4537.0, 520.0], [4537.25, 25382.0], [4537.5, 529.0], [4538.0, 791.0], [4538.25, 2636.0], [4539.5, 530.0], [4540.0, 6875.0]]}}}
{"jsonrpc": "2.0", "method": "subscription", "params": {"channel": "book.ETH-19SEP25.none.20.100ms", "data": {"timestamp": 1758140620841, "change_id": 86919416966, "instrument_name": "ETH-19SEP25", "bids": [[4532.25, 7660.0], [4532.0, 4500.0], [4531.75, 6137.0], [4531.5, 22576.0], [4531.25, 4600.0], [4531.0, 1350.0], [4530.75, 4500.0], [4530.5, 1870.0], [4530.25, 4500.0], [4530.0, 530.0], [4529.25, 535.0], [4529.0, 3055.0], [4528.75, 10183.0], [4528.25, 2035.0], [4528.0, 11159.0], [4527.75, 20525.0], [4527.5, 7484.0], [4527.25, 24947.0], [4526.75, 520.0], [4526.25, 8028.0]], "asks": [[4532.75, 12391.0], [4533.0, 34981.0], [4533.25, 46571.0], [4533.5, 450.0], [4533.75, 1500.0], [4534.0, 1350.0], [4534.25, 8787.0], [4534.5, 15115.0], [4534.75, 18657.0], [4535.0, 50522.0], [4535.5, 6610.0], [4536.25, 9787.0], [4536.5, 32622.0], [4537.0, 520.0], [4537.25, 25382.0], [4537.5, 529.0], [4538.0, 791.0], [4538.25, 2636.0], [4539.5, 530.0], [4540.0, 6875.0]]}}}
{"jsonrpc": "2.0", "method": "subscription", "params": {"channel": "book.ETH-19SEP25.none.20.100ms", "data": {"timestamp": 1758140621162, "change_id": 86919417412, "instrument_name": "ETH-19SEP25", "bids": [[4532.25, 7660.0], [4532.0, 4500.0], [4531.75, 10637.0], [4531.5, 22576.0], [4531.25, 4600.0], [4531.0, 1350.0], [4530.75, 4500.0], [4530.5, 1870.0], [4530.25, 4500.0], [4530.0, 530.0], [4529.25, 535.0], [4529.0, 3055.0], [4528.75, 10183.0], [4528.25, 2035.0], [4528.0, 11159.0], [4527.75, 20525.0], [4527.5, 7484.0], [4527.25, 24947.0], [4526.75, 520.0], [4526.25, 8028.0]], "asks": [[4533.0, 31483.0], [4533.25, 46571.0], [4533.5, 450.0], [4533.75, 1500.0], [4534.0, 1350.0], [4534.25, 8787.0], [4534.5, 15115.0], [4534.75, 18657.0], [4535.0, 50522.0], [4535.5, 6610.0], [4536.25, 9787.0], [4536.5, 32622.0], [4537.0, 520.0], [4537.25, 25382.0], [4537.5, 529.0], [4538.0, 791.0], [4538.25, 2636.0], [4539.5, 530.0], [4540.0, 6875.0], [4540.25, 22915.0]]}}}
{"jsonrpc": "2.0", "method": "subscription", "params": {"channel": "book.ETH-19SEP25.none.20.100ms", "data": {"timestamp": 1758140621517, "change_id": 86919417707, "instrument_name": "ETH-19SEP25", "bids": [[4532.25, 7660.0], [4532.0, 5850.0], [4531.75, 10637.0], [4531.5, 22576.0], [4531.25, 4600.0], [4531.0, 1350.0], [4530.75, 4500.0], [4530.5, 1870.0], [4530.25, 4500.0], [4530.0, 530.0], [4529.25, 535.0], [4529.0, 3055.0], [4528.75, 10183.0], [4528.25, 2035.0], [4528.0, 11159.0], [4527.75, 20525.0], [4527.5, 7484.0], [4527.25, 24947.0], [4526.75, 520.0], [4526.25, 8028.0]], "asks": [[4532.75, 12391.0], [4533.0, 24000.0], [4533.25, 46571.0], [4533.5, 450.0], [4533.75, 1500.0], [4534.0, 1350.0], [4534.25, 8787.0], [4534.5, 15115.0], [4534.75, 18657.0], [4535.0, 50522.0], [4535.5, 6610.0], [4536.25, 9787.0], [4536.5, 32622.0], [4537.0, 520.0], [4537.25, 25382.0], [4537.5, 529.0], [4538.0, 791.0], [4538.25, 2636.0], [4539.5, 530.0], [4540.0, 6875.0]]}}}
{"jsonrpc": "2.0", "method": "subscription", "params": {"channel": "book.ETH-19SEP25.none.20.100ms", "data": {"timestamp": 1758140621869, "change_id": 86919418098, "instrument_name": "ETH-19SEP25", "bids": [[4532.25, 7660.0], [4532.0, 5850.0], [4531.75, 10637.0], [4531.5, 22576.0], [4531.25, 4600.0], [4531.0, 1350.0], [4530.75, 4500.0], [4530.5, 1870.0], [4530.25, 4500.0], [4530.0, 530.0], [4529.25, 535.0], [4529.0, 3055.0], [4528.75, 10183.0], [4528.25, 2035.0], [4528.0, 11159.0], [4527.75, 20525.0], [4527.5, 7484.0], [4527.25, 24947.0], [4526.75, 520.0], [4526.25, 8028.0]], "asks": [[4532.75, 15352.0], [4533.0, 24000.0], [4533.25, 46571.0], [4533.5, 450.0], [4533.75, 1500.0], [4534.0, 1350.0], [4534.25, 8787.0], [4534.5, 15115.0], [4534.75, 18657.0], [4535.0, 50522.0], [4535.5, 6610.0], [4536.25, 9787.0], [4536.5, 32622.0], [4537.0, 520.0], [4537.25, 25382.0], [4537.5, 529.0], [4538.0, 791.0], [4538.25, 2636.0], [4539.5, 530.0], [4540.0, 6875.0]]}}}
{"jsonrpc": "2.0", "method": "subscription", "params": {"channel": "book.ETH-19SEP25.none.20.100ms", "data": {"timestamp": 1758140622175, "change_id": 86919418912, "instrument_name": "ETH-19SEP25", "bids": [[4532.25, 160.0], [4532.0, 7500.0], [4531.5, 4403.0], [4531.25, 5950.0], [4531.0, 5850.0], [4530.75, 10744.0], [4530.5, 16643.0], [4530.25, 4500.0], [4530.0, 530.0], [4529.25, 535.0], [4528.25, 2035.0], [4528.0, 6980.0], [4527.75, 6597.0], [4527.5, 7484.0], [4527.25, 25467.0], [4526.75, 14726.0], [4526.25, 8028.0], [4526.0, 25027.0], [4524.25, 520.0], [4524.0, 14820.0]], "asks": [[4532.5, 4500.0], [4532.75, 54645.0], [4533.0, 6078.0], [4533.25, 31278.0], [4533.5, 450.0], [4533.75, 1500.0], [4534.0, 1870.0], [4534.25, 8787.0], [4534.5, 15115.0], [4534.75, 18657.0], [4535.0, 50522.0], [4535.5, 6610.0], [4536.25, 9787.0], [4536.5, 32622.0], [4537.0, 8135.0], [4537.25, 25382.0], [4537.5, 529.0], [4538.0, 791.0], [4538.25, 2636.0], [4539.5, 530.0]]}}}
{"jsonrpc": "2.0", "method": "subscription", "params": {"channel": "book.ETH-19SEP25.none.20.100ms", "data": {"timestamp": 1758140622499, "change_id": 86919419502, "instrument_name": "ETH-19SEP25", "bids": [[4532.25, 160.0], [4532.0, 3000.0], [4531.5, 4403.0], [4531.25, 5950.0], [4531.0, 5850.0], [4530.75, 10744.0], [4530.5, 16643.0], [4530.25, 4500.0], [4530.0, 530.0], [4529.25, 535.0], [4529.0, 12391.0], [4528.25, 2035.0], [4528.0, 6980.0], [4527.75, 6597.0], [4527.5, 7484.0], [4527.25, 25467.0], [4526.75, 14726.0], [4526.25, 8028.0], [4526.0, 25027.0], [4524.25, 520.0]], "asks": [[4532.5, 16891.0], [4532.75, 39293.0], [4533.0, 8624.0], [4533.25, 32778.0], [4533.75, 204.0], [4534.0, 2030.0], [4534.25, 8787.0], [4534.5, 14955.0], [4534.75, 18657.0], [4535.0, 50522.0], [4535.5, 6610.0], [4536.25, 9787.0], [4536.5, 32622.0], [4537.0, 8135.0], [4537.25, 25382.0], [4537.5, 529.0], [4538.0, 791.0], [4538.25, 2636.0], [4539.5, 530.0], [4540.0, 6875.0]]}}}
{"jsonrpc": "2.0", "method": "subscription", "params": {"channel": "book.ETH-19SEP25.none.20.100ms", "data": {"timestamp": 1758140622632, "change_id": 86919419747, "instrument_name": "ETH-19SEP25", "bids": [[4532.25, 160.0], [4532.0, 3000.0], [4531.5, 4403.0], [4531.25, 7450.0], [4531.0, 5850.0], [4530.75, 9244.0], [4530.5, 16643.0], [4530.25, 4500.0], [4530.0, 530.0], [4529.25, 535.0], [4529.0, 12391.0], [4528.25, 2035.0], [4528.0, 6980.0], [4527.75, 6597.0], [4527.5, 7484.0], [4527.25, 25467.0], [4526.75, 14726.0], [4526.25, 8028.0], [4526.0, 25027.0], [4524.25, 520.0]], "asks": [[4532.5, 20597.0], [4532.75, 39293.0], [4533.0, 450.0], [4533.25, 1500.0], [4533.75, 204.0], [4534.0, 2030.0], [4534.25, 8787.0], [4534.5, 14955.0], [4534.75, 18657.0], [4535.0, 50522.0], [4535.25, 1983.0], [4535.5, 6610.0], [4536.25, 9787.0], [4536.5, 32622.0], [4537.0, 8135.0], [4537.25, 25382.0], [4537.5, 529.0], [4538.0, 791.0], [4538.25, 2636.0], [4539.5, 530.0]]}}}
{"jsonrpc": "2.0", "method": "subscription", "params": {"channel": "book.ETH-19SEP25.none.20.100ms", "data": {"timestamp": 1758140623218, "change_id": 86919421597, "instrument_name": "ETH-19SEP25", "bids": [[4531.5, 160.0], [4531.25, 7600.0], [4530.75, 4500.0], [4530.25, 4500.0], [4530.0, 4598.0], [4529.75, 15293.0], [4529.25, 535.0], [4528.25, 1922.0], [4528.0, 6980.0], [4527.75, 6597.0], [4527.25, 520.0], [4526.75, 520.0], [4526.25, 520.0], [4525.75, 533.0], [4525.25, 533.0], [4524.25, 520.0], [4524.0, 14820.0], [4523.75, 49392.0], [4523.5, 26710.0], [4523.25, 92032.0]], "asks": [[4531.75, 16891.0], [4532.0, 44775.0], [4532.25, 5612.0], [4532.5, 3706.0], [4532.75, 7437.0], [4533.0, 450.0], [4533.25, 1500.0], [4533.5, 160.0], [4534.0, 1772.0], [4534.25, 8692.0], [4534.5, 14955.0], [4534.75, 14477.0], [4535.0, 50522.0], [4535.25, 1983.0], [4535.5, 6610.0], [4536.25, 9787.0], [4536.5, 32622.0], [4537.0, 8135.0], [4537.25, 25382.0], [4537.5, 529.0]]}}}
{"jsonrpc": "2.0", "method": "subscription", "params": {"channel": "book.ETH-19SEP25.none.20.100ms", "data": {"timestamp": 1758140623515, "change_id": 86919423288, "instrument_name": "ETH-19SEP25", "bids": [[4531.25, 100.0], [4531.0, 3000.0], [4530.25, 4500.0], [4530.0, 10.0], [4529.75, 160.0], [4528.75, 15293.0], [4528.25, 535.0], [4527.75, 6597.0], [4527.25, 520.0], [4527.0, 3540.0], [4526.75, 520.0], [4526.25, 520.0], [4525.75, 533.0], [4525.25, 533.0], [4524.75, 533.0], [4524.25, 520.0], [4524.0, 2.0], [4523.75, 537.0], [4523.25, 104617.0], [4522.75, 533.0]], "asks": [[4531.5, 43793.0], [4531.75, 20842.0], [4532.0, 4500.0], [4532.5, 160.0], [4533.25, 1500.0], [4534.0, 520.0], [4534.25, 4500.0], [4534.5, 14955.0], [4535.0, 50522.0], [4535.5, 6610.0], [4536.5, 2622.0], [4537.0, 520.0], [4537.25, 25382.0], [4537.5, 529.0], [4538.25, 2636.0], [4539.5, 530.0], [4540.25, 22915.0], [4541.25, 537.0], [4541.75, 4123.0], [4543.0, 13500.0]]}}}
{"jsonrpc": "2.0", "method": "subscription", "params": {"channel": "book.ETH-19SEP25.none.20.100ms", "data": {"timestamp": 1758140623762, "change_id": 86919423890, "instrument_name": "ETH-19SEP25", "bids": [[4531.25, 100.0], [4531.0, 3000.0], [4530.25, 4500.0], [4530.0, 10.0], [4529.75, 160.0], [4529.25, 450.0], [4529.0, 6088.0], [4528.75, 15293.0], [4528.25, 535.0], [4528.0, 1979.0], [4527.75, 6597.0], [4527.25, 1582.0], [4527.0, 3540.0], [4526.75, 520.0], [4526.25, 520.0], [4525.75, 533.0], [4525.25, 533.0], [4524.75, 533.0], [4524.25, 520.0], [4524.0, 4351.0]], "asks": [[4531.5, 43793.0], [4531.75, 19741.0], [4532.0, 4660.0], [4534.0, 1870.0], [4534.25, 8987.0], [4534.5, 14955.0], [4534.75, 15157.0], [4535.0, 50522.0], [4535.25, 1983.0], [4535.5, 6610.0], [4536.25, 787.0], [4536.5, 2622.0], [4537.0, 8135.0], [4537.25, 25382.0], [4537.5, 529.0], [4538.0, 791.0], [4538.25, 2636.0], [4539.5, 530.0], [4540.25, 22915.0], [4541.25, 537.0]]}}}
{"jsonrpc": "2.0", "method": "subscription", "params": {"channel": "book.ETH-19SEP25.none.20.100ms", "data": {"timestamp": 1758140624176, "change_id": 86919424921, "instrument_name": "ETH-19SEP25", "bids": [[4531.25, 100.0], [4531.0, 3000.0], [4530.25, 4660.0], [4530.0, 10.0], [4529.25, 450.0], [4529.0, 6088.0], [4528.75, 15293.0], [4528.25, 535.0], [4528.0, 1979.0], [4527.75, 6597.0], [4527.25, 1582.0], [4527.0, 3540.0], [4526.25, 520.0], [4525.75, 533.0], [4525.25, 533.0], [4524.75, 533.0], [4524.25, 520.0], [4524.0, 4349.0], [4523.75, 14495.0], [4523.5, 27160.0]], "asks": [[4531.5, 47420.0], [4531.75, 18391.0], [4532.0, 160.0], [4534.0, 1872.0], [4534.25, 8987.0], [4534.5, 14955.0], [4534.75, 15157.0], [4535.0, 50520.0], [4535.25, 1983.0], [4535.5, 6610.0], [4536.25, 787.0], [4536.5, 2622.0], [4537.0, 8135.0], [4537.25, 25382.0], [4537.5, 529.0], [4538.0, 791.0], [4538.25, 2636.0], [4539.5, 530.0], [4540.25, 22915.0], [4541.25, 537.0]]}}}
{"jsonrpc": "2.0", "method": "subscription", "params": {"channel": "book.ETH-19SEP25.none.20.100ms", "data": {"timestamp": 1758140624319, "change_id": 86919425162, "instrument_name": "ETH-19SEP25", "bids": [[4531.25, 100.0], [4531.0, 3000.0], [4530.25, 4660.0], [4530.0, 10.0], [4529.5, 1500.0], [4529.0, 4588.0], [4528.75, 15293.0], [4528.25, 535.0], [4528.0, 1979.0], [4527.75, 6597.0], [4527.25, 1582.0], [4527.0, 3540.0], [4526.25, 520.0], [4525.75, 533.0], [4525.25, 533.0], [4524.75, 533.0], [4524.25, 520.0], [4524.0, 4349.0], [4523.75, 14495.0], [4523.5, 27160.0]], "asks": [[4531.5, 47420.0], [4531.75, 18391.0], [4532.0, 160.0], [4534.0, 1872.0], [4534.25, 8987.0], [4534.5, 14955.0], [4534.75, 15157.0], [4535.0, 50520.0], [4535.25, 1983.0], [4535.5, 6610.0], [4536.25, 787.0], [4536.5, 2622.0], [4537.0, 8135.0], [4537.25, 25382.0], [4537.5, 529.0], [4538.0, 791.0], [4538.25, 2636.0], [4539.5, 530.0], [4540.25, 22915.0], [4541.25, 537.0]]}}}
{"jsonrpc": "2.0", "method": "subscription", "params": {"channel": "book.ETH-19SEP25.none.20.100ms", "data": {"timestamp": 1758140624806, "change_id": 86919426069, "instrument_name": "ETH-19SEP25", "bids": [[4531.25, 100.0], [4531.0, 3000.0], [4530.25, 4660.0], [4530.0, 10.0], [4529.5, 6088.0], [4529.25, 15293.0], [4528.25, 535.0], [4528.0, 1979.0], [4527.75, 6597.0], [4527.25, 1582.0], [4527.0, 3540.0], [4526.25, 520.0], [4525.75, 533.0], [4525.25, 533.0], [4524.75, 533.0], [4524.25, 520.0], [4524.0, 4349.0], [4523.75, 14495.0], [4523.5, 27160.0], [4523.25, 90532.0]], "asks": [[4531.5, 47420.0], [4531.75, 18391.0], [4532.0, 160.0], [4534.0, 1872.0], [4534.25, 8987.0], [4534.5, 14955.0], [4534.75, 15157.0], [4535.0, 50520.0], [4535.25, 1983.0], [4535.5, 6610.0], [4536.25, 787.0], [4536.5, 2622.0], [4537.0, 8135.0], [4537.25, 25382.0], [4537.5, 529.0], [4538.0, 791.0], [4538.25, 2636.0], [4539.5, 530.0], [4540.25, 22915.0], [4541.25, 537.0]]}}}
{"jsonrpc": "2.0", "method": "subscription", "params": {"channel": "book.ETH-19SEP25.none.20.100ms", "data": {"timestamp": 1758140625074, "change_id": 86919426683, "instrument_name": "ETH-19SEP25", "bids": [[4531.25, 100.0], [4530.5, 3000.0], [4530.25, 4660.0], [4530.0, 10.0], [4529.5, 6088.0], [4529.25, 15293.0], [4528.25, 535.0], [4527.75, 522.0], [4527.25, 1582.0], [4527.0, 3540.0], [4526.25, 520.0], [4525.75, 2356.0], [4525.5, 6075.0], [4525.25, 533.0], [4524.75, 533.0], [4524.25, 520.0], [4524.0, 4349.0], [4523.75, 14495.0], [4523.5, 27160.0], [4523.25, 90532.0]], "asks": [[4531.5, 47420.0], [4531.75, 18391.0], [4532.0, 160.0], [4534.0, 1872.0], [4534.25, 8987.0], [4534.5, 14955.0], [4534.75, 15157.0], [4535.0, 50520.0], [4535.25, 1983.0], [4535.5, 6610.0], [4536.25, 787.0], [4536.5, 2622.0], [4537.0, 8135.0], [4537.25, 25382.0], [4537.5, 529.0], [4538.0, 791.0], [4538.25, 2636.0], [4539.5, 530.0], [4540.25, 22915.0], [4541.25, 537.0]]}}}
{"jsonrpc": "2.0", "method": "subscription", "params": {"channel": "book.ETH-19SEP25.none.20.100ms", "data": {"timestamp": 1758140625477, "change_id": 86919427118, "instrument_name": "ETH-19SEP25", "bids": [[4531.25, 100.0], [4530.5, 3000.0], [4530.25, 4660.0], [4530.0, 10.0], [4529.75, 450.0], [4529.5, 6088.0], [4529.25, 15293.0], [4528.25, 535.0], [4527.75, 522.0], [4527.25, 520.0], [4526.25, 520.0], [4525.75, 2356.0], [4525.5, 6075.0], [4525.25, 533.0], [4524.75, 533.0], [4524.25, 520.0], [4524.0, 4349.0], [4523.75, 14495.0], [4523.5, 27160.0], [4523.25, 90532.0]], "asks": [[4531.5, 47420.0], [4531.75, 18391.0], [4532.0, 160.0], [4534.0, 1872.0], [4534.25, 8987.0], [4534.5, 14955.0], [4534.75, 15157.0], [4535.0, 50520.0], [4535.25, 1983.0], [4535.5, 6610.0], [4536.25, 787.0], [4536.5, 2622.0], [4537.0, 8135.0], [4537.25, 25382.0], [4537.5, 529.0], [4538.0, 791.0], [4538.25, 2636.0], [4539.5, 530.0], [4540.25, 22915.0], [4541.25, 537.0]]}}}
{"jsonrpc": "2.0", "method": "subscription", "params": {"channel": "book.ETH-19SEP25.none.20.100ms", "data": {"timestamp": 1758140625581, "change_id": 86919427233, "instrument_name": "ETH-19SEP25", "bids": [[4531.25, 100.0], [4530.5, 3000.0], [4530.25, 4660.0], [4530.0, 10.0], [4529.75, 450.0], [4529.5, 6088.0], [4529.25, 15293.0], [4528.25, 535.0], [4527.75, 522.0], [4527.25, 2634.0], [4527.0, 7048.0], [4526.25, 520.0], [4525.75, 2356.0], [4525.5, 6075.0], [4525.25, 533.0], [4524.75, 533.0], [4524.25, 520.0], [4524.0, 4349.0], [4523.75, 14495.0], [4523.5, 27160.0]], "asks": [[4531.5, 47420.0], [4531.75, 18391.0], [4532.0, 160.0], [4534.0, 1872.0], [4534.25, 8987.0], [4534.5, 14955.0], [4534.75, 15157.0], [4535.0, 50520.0], [4535.25, 1983.0], [4535.5, 6610.0], [4536.25, 787.0], [4536.5, 2622.0], [4537.0, 8135.0], [4537.25, 25382.0], [4537.5, 529.0], [4538.0, 791.0], [4538.25, 2636.0], [4539.5, 530.0], [4540.25, 22915.0], [4541.25, 537.0]]}}}
{"jsonrpc": "2.0", "method": "subscription", "params": {"channel": "book.ETH-19SEP25.none.20.100ms", "data": {"timestamp": 1758140626160, "change_id": 86919428119, "instrument_name": "ETH-19SEP25", "bids": [[4531.25, 100.0], [4530.75, 3000.0], [4530.25, 4660.0], [4530.0, 10.0], [4529.75, 450.0], [4529.5, 6088.0], [4529.25, 15293.0], [4528.25, 535.0], [4527.75, 522.0], [4527.25, 520.0], [4526.25, 520.0], [4525.75, 2356.0], [4525.5, 6075.0], [4525.25, 533.0], [4524.75, 533.0], [4524.25, 520.0], [4524.0, 4349.0], [4523.75, 14495.0], [4523.5, 27160.0], [4523.25, 90532.0]], "asks": [[4531.5, 47420.0], [4531.75, 18391.0], [4532.0, 160.0], [4534.0, 1872.0], [4534.25, 8987.0], [4534.5, 14955.0], [4534.75, 15157.0], [4535.0, 50520.0], [4535.25, 1983.0], [4535.5, 6610.0], [4536.25, 787.0], [4536.5, 2622.0], [4537.0, 8135.0], [4537.25, 25382.0], [4537.5, 529.0], [4538.0, 791.0], [4538.25, 2636.0], [4539.5, 530.0], [4540.25, 22915.0], [4541.25, 537.0]]}}}
{"jsonrpc": "2.0", "method": "subscription", "params": {"channel": "book.ETH-19SEP25.none.20.100ms", "data": {"timestamp": 1758140626488, "change_id": 86919429409, "instrument_name": "ETH-19SEP25", "bids": [[4530.5, 3000.0], [4530.0, 10.0], [4529.75, 160.0], [4529.25, 4588.0], [4529.0, 15293.0], [4528.75, 450.0], [4528.5, 1500.0], [4528.25, 535.0], [4527.75, 522.0], [4527.25, 520.0], [4527.0, 473.0], [4526.75, 1575.0], [4526.25, 520.0], [4525.75, 2356.0], [4525.5, 6075.0], [4525.25, 533.0], [4524.75, 533.0], [4524.25, 520.0], [4523.75, 537.0], [4523.25, 532.0]], "asks": [[4531.0, 48231.0], [4531.25, 53495.0], [4531.5, 9927.0], [4531.75, 4900.0], [4532.0, 160.0], [4533.0, 533.0], [4533.5, 9535.0], [4533.75, 30000.0], [4534.0, 1870.0], [4534.25, 8987.0], [4534.5, 14955.0], [4534.75, 15157.0], [4535.0, 50520.0], [4535.25, 1983.0], [4535.5, 6610.0], [4536.25, 787.0], [4536.5, 2622.0], [4536.75, 200.0], [4537.0, 8135.0], [4537.25, 25382.0]]}}}
{"jsonrpc": "2.0", "method": "subscription", "params": {"channel": "book.ETH-19SEP25.none.20.100ms", "data": {"timestamp": 1758140626796, "change_id": 86919430280, "instrument_name": "ETH-19SEP25", "bids": [[4530.5, 3000.0], [4530.25, 160.0], [4530.0, 10.0], [4529.5, 450.0], [4529.25, 6088.0], [4529.0, 15293.0], [4527.75, 522.0], [4527.25, 520.0], [4527.0, 473.0], [4526.75, 1575.0], [4526.25, 520.0], [4525.75, 2356.0], [4525.5, 10513.0], [4525.25, 14794.0], [4524.75, 533.0], [4524.25, 520.0], [4523.75, 537.0], [4523.25, 532.0], [4522.75, 533.0], [4522.5, 1500.0]], "asks": [[4531.0, 35841.0], [4531.25, 53495.0], [4531.5, 6300.0], [4531.75, 4900.0], [4532.0, 160.0], [4533.0, 533.0], [4533.25, 2.0], [4533.5, 9533.0], [4533.75, 30000.0], [4534.0, 1870.0], [4534.25, 8987.0], [4534.5, 14955.0], [4534.75, 15157.0], [4535.0, 50520.0], [4535.25, 1983.0], [4535.5, 6610.0], [4536.25, 787.0], [4536.5, 2622.0], [4536.75, 200.0], [4537.0, 8135.0]]}}}
{"jsonrpc": "2.0", "method": "subscription", "params": {"channel": "book.ETH-19SEP25.none.20.100ms", "data": {"timestamp": 1758140627172, "change_id": 86919430976, "instrument_name": "ETH-19SEP25", "bids": [[4530.25, 160.0], [4530.0, 3010.0], [4529.5, 4500.0], [4529.25, 6088.0], [4529.0, 15293.0], [4527.75, 522.0], [4527.25, 520.0], [4527.0, 473.0], [4526.75, 1575.0], [4526.25, 520.0], [4525.75, 2356.0], [4525.5, 10513.0], [4525.25, 14794.0], [4524.75, 533.0], [4524.25, 520.0], [4523.75, 537.0], [4523.25, 532.0], [4522.75, 533.0], [4522.5, 1500.0], [4522.25, 5534.0]], "asks": [[4530.5, 4500.0], [4530.75, 40890.0], [4531.0, 7341.0], [4531.25, 48995.0], [4531.5, 450.0], [4531.75, 1500.0], [4532.0, 160.0], [4533.0, 533.0], [4533.25, 2.0], [4533.5, 9533.0], [4533.75, 30000.0], [4534.0, 520.0], [4534.25, 4487.0], [4534.5, 14955.0], [4534.75, 15157.0], [4535.0, 50520.0], [4535.25, 1983.0], [4535.5, 6610.0], [4536.25, 787.0], [4536.5, 2622.0]]}}}
{"jsonrpc": "2.0", "method": "subscription", "params": {"channel": "book.ETH-19SEP25.none.20.100ms", "data": {"timestamp": 1758140627502, "change_id": 86919431907, "instrument_name": "ETH-19SEP25", "bids": [[4530.0, 10.0], [4529.75, 3000.0], [4529.5, 4500.0], [4529.25, 160.0], [4529.0, 15293.0], [4527.75, 522.0], [4527.25, 520.0], [4527.0, 2439.0], [4526.75, 8129.0], [4526.25, 520.0], [4525.75, 2356.0], [4525.5, 10513.0], [4525.25, 14794.0], [4524.75, 533.0], [4524.25, 520.0], [4523.75, 537.0], [4523.25, 532.0], [4522.75, 533.0], [4522.5, 1500.0], [4522.25, 5534.0]], "asks": [[4530.25, 16890.0], [4530.5, 7336.0], [4530.75, 27542.0], [4531.0, 7341.0], [4531.25, 48995.0], [4531.5, 450.0], [4531.75, 1500.0], [4532.0, 160.0], [4532.75, 2.0], [4533.0, 533.0], [4533.5, 9533.0], [4533.75, 30000.0], [4534.0, 520.0], [4534.25, 4487.0], [4534.5, 14955.0], [4534.75, 15157.0], [4535.0, 50520.0], [4535.25, 1983.0], [4535.5, 6610.0], [4536.25, 787.0]]}}}
{"jsonrpc": "2.0", "method": "subscription", "params": {"channel": "book.ETH-19SEP25.none.20.100ms", "data": {"timestamp": 1758140627832, "change_id": 86919432400, "instrument_name": "ETH-19SEP25", "bids": [[4530.0, 10.0], [4529.75, 3160.0], [4529.5, 4500.0], [4529.25, 4588.0], [4529.0, 15743.0], [4528.75, 1500.0], [4527.75, 522.0], [4527.25, 520.0], [4527.0, 2475.0], [4526.75, 8251.0], [4526.25, 520.0], [4525.75, 2356.0], [4525.5, 10513.0], [4525.25, 14794.0], [4524.75, 533.0], [4524.25, 520.0], [4523.75, 537.0], [4523.25, 532.0], [4522.75, 533.0], [4522.5, 1500.0]], "asks": [[4530.25, 16890.0], [4530.5, 7336.0], [4530.75, 24000.0], [4531.0, 7341.0], [4531.25, 50495.0], [4532.0, 160.0], [4532.75, 2.0], [4533.0, 533.0], [4533.5, 9533.0], [4533.75, 30000.0], [4534.0, 520.0], [4534.25, 4487.0], [4534.5, 14955.0], [4534.75, 15157.0], [4535.0, 50520.0], [4535.25, 1983.0], [4535.5, 6610.0], [4536.25, 787.0], [4536.5, 2622.0], [4536.75, 200.0]]}}}
{"jsonrpc": "2.0", "method": "subscription", "params": {"channel": "book.ETH-19SEP25.none.20.100ms", "data": {"timestamp": 1758140628085, "change_id": 86919432797, "instrument_name": "ETH-19SEP25", "bids": [[4530.0, 4510.0], [4529.75, 3160.0], [4529.5, 4500.0], [4529.25, 6088.0], [4529.0, 15293.0], [4527.75, 522.0], [4527.25, 520.0], [4527.0, 2475.0], [4526.75, 8251.0], [4526.25, 520.0], [4525.75, 2356.0], [4525.5, 10513.0], [4525.25, 14794.0], [4524.75, 533.0], [4524.25, 520.0], [4523.75, 537.0], [4523.25, 532.0], [4522.75, 533.0], [4522.5, 1500.0], [4522.25, 5534.0]], "asks": [[4530.25, 19373.0], [4530.5, 7336.0], [4530.75, 24000.0], [4531.0, 7341.0], [4531.25, 50495.0], [4532.0, 160.0], [4532.75, 2.0], [4533.0, 533.0], [4533.5, 9533.0], [4533.75, 30000.0], [4534.0, 520.0], [4534.25, 4487.0], [4534.5, 14955.0], [4534.75, 15157.0], [4535.0, 50520.0], [4535.25, 1983.0], [4535.5, 6610.0], [4536.25, 787.0], [4536.5, 2622.0], [4536.75, 200.0]]}}}
{"jsonrpc": "2.0", "method": "subscription", "params": {"channel": "book.ETH-19SEP25.none.20.100ms", "data": {"timestamp": 1758140628246, "change_id": 86919432948, "instrument_name": "ETH-19SEP25", "bids": [[4530.0, 4510.0], [4529.75, 3160.0], [4529.5, 4500.0], [4529.25, 6088.0], [4529.0, 15293.0], [4527.75, 522.0], [4527.25, 520.0], [4527.0, 2475.0], [4526.75, 8251.0], [4526.25, 520.0], [4525.75, 2356.0], [4525.5, 10513.0], [4525.25, 14794.0], [4524.75, 533.0], [4524.25, 520.0], [4523.75, 537.0], [4523.25, 532.0], [4522.75, 533.0], [4522.5, 1500.0], [4522.25, 5534.0]], "asks": [[4530.25, 15573.0], [4530.5, 7336.0], [4530.75, 24000.0], [4531.0, 7341.0], [4531.25, 50495.0], [4532.0, 160.0], [4532.75, 2.0], [4533.0, 533.0], [4533.5, 9533.0], [4533.75, 30000.0], [4534.0, 520.0], [4534.25, 4487.0], [4534.5, 14955.0], [4534.75, 15157.0], [4535.0, 50520.0], [4535.25, 1983.0], [4535.5, 6610.0], [4536.25, 787.0], [4536.5, 2622.0], [4536.75, 200.0]]}}}
{"jsonrpc": "2.0", "method": "subscription", "params": {"channel": "book.ETH-19SEP25.none.20.100ms", "data": {"timestamp": 1758140628748, "change_id": 86919433529, "instrument_name": "ETH-19SEP25", "bids": [[4530.0, 4510.0], [4529.75, 3160.0], [4529.5, 4500.0], [4529.25, 6088.0], [4529.0, 15293.0], [4527.75, 522.0], [4527.25, 520.0], [4526.25, 520.0], [4525.75, 2356.0], [4525.5, 10513.0], [4525.25, 14794.0], [4524.75, 533.0], [4524.25, 520.0], [4523.75, 537.0], [4523.25, 532.0], [4522.75, 8017.0], [4522.5, 26447.0], [4522.25, 5534.0], [4521.75, 530.0], [4521.25, 529.0]], "asks": [[4530.25, 15573.0], [4530.5, 7336.0], [4530.75, 24000.0], [4531.0, 7341.0], [4531.25, 50495.0], [4532.0, 160.0], [4532.75, 2.0], [4533.0, 533.0], [4533.5, 9533.0], [4533.75, 30000.0], [4534.0, 520.0], [4534.25, 4487.0], [4534.5, 14955.0], [4534.75, 15157.0], [4535.0, 50520.0], [4535.25, 1983.0], [4535.5, 6610.0], [4536.25, 787.0], [4536.5, 2622.0], [4536.75, 200.0]]}}}
{"jsonrpc": "2.0", "method": "subscription", "params": {"channel": "book.ETH-19SEP25.none.20.100ms", "data": {"timestamp": 1758140629173, "change_id": 86919434452, "instrument_name": "ETH-19SEP25", "bids": [[4529.75, 552.0], [4528.0, 4500.0], [4526.25, 520.0], [4525.75, 2356.0], [4525.5, 4438.0], [4525.25, 14794.0], [4524.75, 533.0], [4524.25, 520.0], [4523.75, 537.0], [4523.25, 532.0], [4522.75, 8017.0], [4522.5, 1500.0], [4522.25, 5534.0], [4521.75, 530.0], [4521.25, 529.0], [4521.0, 10.0], [4520.25, 533.0], [4520.0, 27163.0], [4519.75, 92404.0], [4519.5, 10568.0]], "asks": [[4530.0, 5033.0], [4530.25, 18568.0], [4530.5, 28500.0], [4531.0, 12962.0], [4531.25, 50495.0], [4532.0, 160.0], [4532.75, 2.0], [4533.0, 533.0], [4533.5, 9533.0], [4533.75, 30000.0], [4534.0, 520.0], [4534.25, 4487.0], [4534.5, 14955.0], [4534.75, 15157.0], [4535.0, 50520.0], [4535.25, 1983.0], [4535.5, 6610.0], [4536.25, 787.0], [4536.5, 2622.0], [4536.75, 200.0]]}}}
{"jsonrpc": "2.0", "method": "subscription", "params": {"channel": "book.ETH-19SEP25.none.20.100ms", "data": {"timestamp": 1758140629502, "change_id": 86919437943, "instrument_name": "ETH-19SEP25", "bids": [[4527.0, 17326.0], [4526.75, 4500.0], [4526.5, 533.0], [4525.0, 5001.0], [4524.75, 533.0], [4524.25, 971.0], [4523.25, 532.0], [4523.0, 6075.0], [4522.75, 533.0], [4522.25, 533.0], [4521.75, 530.0], [4521.25, 529.0], [4521.0, 170.0], [4520.75, 14226.0], [4520.25, 533.0], [4520.0, 5001.0], [4519.75, 90544.0], [4519.5, 8365.0], [4519.25, 14033.0], [4518.75, 540.0]], "asks": [[4528.75, 12389.0], [4529.0, 4500.0], [4529.25, 24000.0], [4529.5, 4500.0], [4529.75, 4500.0], [4530.0, 4500.0], [4530.25, 7683.0], [4530.5, 4500.0], [4530.75, 533.0], [4531.0, 160.0], [4531.25, 2033.0], [4531.5, 14096.0], [4531.75, 6075.0], [4532.5, 2.0], [4533.5, 533.0], [4533.75, 30000.0], [4534.0, 520.0], [4534.5, 535.0], [4535.0, 50520.0], [4535.5, 22789.0]]}}}
{"jsonrpc": "2.0", "method": "subscription", "params": {"channel": "book.ETH-19SEP25.none.20.100ms", "data": {"timestamp": 1758140629817, "change_id": 86919439415, "instrument_name": "ETH-19SEP25", "bids": [[4527.75, 450.0], [4527.5, 6538.0], [4527.25, 15293.0], [4527.0, 1883.0], [4526.75, 4500.0], [4526.5, 533.0], [4525.25, 1500.0], [4525.0, 5001.0], [4524.75, 533.0], [4524.5, 291.0], [4524.25, 971.0], [4524.0, 4380.0], [4523.75, 14599.0], [4523.25, 2355.0], [4523.0, 6235.0], [4522.75, 533.0], [4522.25, 533.0], [4521.75, 530.0], [4521.25, 529.0], [4521.0, 10.0]], "asks": [[4528.75, 12389.0], [4529.0, 4500.0], [4529.25, 24000.0], [4529.5, 21143.0], [4529.75, 5850.0], [4530.0, 4500.0], [4530.25, 1350.0], [4530.5, 4500.0], [4530.75, 533.0], [4531.0, 770.0], [4531.25, 6262.0], [4531.5, 15919.0], [4531.75, 6608.0], [4532.5, 2.0], [4533.5, 9533.0], [4533.75, 30000.0], [4534.0, 520.0], [4534.5, 535.0], [4534.75, 15156.0], [4535.0, 50520.0]]}}}
{"jsonrpc": "2.0", "method": "subscription", "params": {"channel": "book.ETH-19SEP25.none.20.100ms", "data": {"timestamp": 1758140630121, "change_id": 86919440302, "instrument_name": "ETH-19SEP25", "bids": [[4528.0, 3000.0], [4527.5, 5038.0], [4527.25, 15293.0], [4527.0, 1883.0], [4526.75, 4500.0], [4526.5, 533.0], [4525.25, 1500.0], [4525.0, 5001.0], [4524.75, 533.0], [4524.5, 291.0], [4524.25, 971.0], [4524.0, 4380.0], [4523.75, 14599.0], [4523.5, 160.0], [4523.25, 2355.0], [4523.0, 6075.0], [4522.75, 533.0], [4522.25, 533.0], [4521.75, 530.0], [4521.25, 529.0]], "asks": [[4528.75, 15420.0], [4529.0, 4500.0], [4529.25, 26917.0], [4529.5, 52395.0], [4529.75, 5850.0], [4530.0, 6000.0], [4530.25, 1350.0], [4530.5, 4500.0], [4530.75, 533.0], [4531.0, 160.0], [4531.25, 4762.0], [4531.5, 15919.0], [4531.75, 6608.0], [4532.5, 2.0], [4533.5, 9533.0], [4533.75, 30000.0], [4534.0, 520.0], [4534.5, 535.0], [4534.75, 15156.0], [4535.0, 50520.0]]}}}
{"jsonrpc": "2.0", "method": "subscription", "params": {"channel": "book.ETH-19SEP25.none.20.100ms", "data": {"timestamp": 1758140630494, "change_id": 86919440978, "instrument_name": "ETH-19SEP25", "bids": [[4528.0, 4500.0], [4527.75, 15293.0], [4527.0, 1883.0], [4526.75, 4500.0], [4526.5, 533.0], [4525.25, 1500.0], [4525.0, 5001.0], [4524.75, 533.0], [4524.5, 291.0], [4524.25, 971.0], [4524.0, 4540.0], [4523.75, 14599.0], [4523.25, 2355.0], [4523.0, 6075.0], [4522.75, 533.0], [4522.25, 533.0], [4521.75, 530.0], [4521.25, 529.0], [4521.0, 10.0], [4520.25, 2033.0]], "asks": [[4528.75, 15420.0], [4529.0, 28500.0], [4529.25, 2917.0], [4529.5, 52395.0], [4529.75, 5850.0], [4530.0, 6000.0], [4530.25, 1350.0], [4530.5, 4660.0], [4530.75, 535.0], [4531.25, 4762.0], [4531.5, 15919.0], [4531.75, 6608.0], [4533.5, 9533.0], [4533.75, 30000.0], [4534.0, 520.0], [4534.5, 535.0], [4534.75, 15156.0], [4535.0, 50520.0], [4535.25, 6837.0], [4535.5, 22789.0]]}}}
{"jsonrpc": "2.0", "method": "subscription", "params": {"channel": "book.ETH-19SEP25.none.20.100ms", "data": {"timestamp": 1758140630718, "change_id": 86919441203, "instrument_name": "ETH-19SEP25", "bids": [[4528.0, 9088.0], [4527.75, 15293.0], [4527.0, 1883.0], [4526.75, 4500.0], [4526.5, 533.0], [4526.0, 160.0], [4525.25, 1500.0], [4525.0, 5001.0], [4524.75, 533.0], [4524.5, 291.0], [4524.25, 971.0], [4524.0, 4380.0], [4523.75, 14599.0], [4523.25, 2355.0], [4523.0, 6075.0], [4522.75, 533.0], [4522.25, 533.0], [4521.75, 530.0], [4521.25, 529.0], [4521.0, 10.0]], "asks": [[4528.75, 15420.0], [4529.0, 28500.0], [4529.25, 2917.0], [4529.5, 52395.0], [4529.75, 5850.0], [4530.0, 6000.0], [4530.25, 1350.0], [4530.5, 4660.0], [4530.75, 535.0], [4531.25, 4762.0], [4531.5, 15919.0], [4531.75, 6608.0], [4533.5, 9533.0], [4533.75, 30000.0], [4534.0, 520.0], [4534.5, 535.0], [4534.75, 15156.0], [4535.0, 50520.0], [4535.25, 6837.0], [4535.5, 22789.0]]}}}
{"jsonrpc": "2.0", "method": "subscription", "params": {"channel": "book.ETH-19SEP25.none.20.100ms", "data": {"timestamp": 1758140631145, "change_id": 86919442505, "instrument_name": "ETH-19SEP25", "bids": [[4528.0, 3000.0], [4527.25, 4500.0], [4527.0, 1883.0], [4526.75, 4500.0], [4526.5, 1821.0], [4526.25, 4500.0], [4526.0, 533.0], [4525.25, 1660.0], [4525.0, 5001.0], [4524.75, 533.0], [4524.25, 520.0], [4523.25, 532.0], [4523.0, 6075.0], [4522.75, 533.0], [4522.25, 533.0], [4521.75, 530.0], [4521.25, 529.0], [4521.0, 10.0], [4520.75, 4887.0], [4520.5, 14513.0]], "asks": [[4528.5, 24000.0], [4528.75, 15420.0], [4529.0, 4500.0], [4529.25, 7289.0], [4529.5, 51045.0], [4529.75, 450.0], [4530.0, 1500.0], [4530.5, 4660.0], [4530.75, 535.0], [4531.25, 4762.0], [4531.5, 15919.0], [4531.75, 6608.0], [4533.5, 533.0], [4533.75, 30000.0], [4534.0, 520.0], [4534.5, 535.0], [4534.75, 15156.0], [4535.0, 50520.0], [4535.25, 6837.0], [4535.5, 22789.0]]}}}
{"jsonrpc": "2.0", "method": "subscription", "params": {"channel": "book.ETH-19SEP25.none.20.100ms", "data": {"timestamp": 1758140631437, "change_id": 86919443303, "instrument_name": "ETH-19SEP25", "bids": [[4528.0, 3000.0], [4527.5, 6388.0], [4527.25, 21293.0], [4527.0, 1883.0], [4526.75, 4500.0], [4526.5, 1821.0], [4526.25, 4660.0], [4526.0, 533.0], [4524.75, 3787.0], [4524.5, 11682.0], [4524.25, 520.0], [4524.0, 4240.0], [4523.75, 14132.0], [4523.25, 2355.0], [4523.0, 6075.0], [4522.75, 533.0], [4522.25, 533.0], [4521.75, 530.0], [4521.25, 529.0], [4521.0, 10.0]], "asks": [[4528.5, 24000.0], [4528.75, 13739.0], [4529.0, 7836.0], [4529.25, 22582.0], [4529.5, 35752.0], [4529.75, 450.0], [4530.0, 1500.0], [4530.25, 1398.0], [4530.5, 4660.0], [4530.75, 535.0], [4531.25, 4762.0], [4531.5, 15919.0], [4531.75, 6608.0], [4533.5, 9533.0], [4533.75, 30000.0], [4534.0, 520.0], [4534.5, 535.0], [4534.75, 15156.0], [4535.0, 50520.0], [4535.25, 6837.0]]}}}
{"jsonrpc": "2.0", "method": "subscription", "params": {"channel": "book.ETH-19SEP25.none.20.100ms", "data": {"timestamp": 1758140631623, "change_id": 86919443580, "instrument_name": "ETH-19SEP25", "bids": [[4528.0, 3000.0], [4527.75, 1500.0], [4527.5, 6388.0], [4527.25, 19793.0], [4527.0, 1883.0], [4526.75, 4500.0], [4526.5, 1821.0], [4526.25, 4660.0], [4526.0, 533.0], [4524.75, 3787.0], [4524.5, 11682.0], [4524.25, 520.0], [4524.0, 4240.0], [4523.75, 14132.0], [4523.25, 2355.0], [4523.0, 6075.0], [4522.75, 533.0], [4522.25, 533.0], [4521.75, 530.0], [4521.25, 529.0]], "asks": [[4528.5, 27767.0], [4528.75, 13739.0], [4529.0, 7836.0], [4529.25, 22582.0], [4529.5, 35752.0], [4529.75, 450.0], [4530.0, 1500.0], [4530.25, 1398.0], [4530.5, 4660.0], [4530.75, 535.0], [4531.25, 4762.0], [4531.5, 15919.0], [4531.75, 6608.0], [4533.5, 9533.0], [4533.75, 30000.0], [4534.0, 520.0], [4534.5, 535.0], [4534.75, 15156.0], [4535.0, 50520.0], [4535.25, 6837.0]]}}}
{"jsonrpc": "2.0", "method": "subscription", "params": {"channel": "book.ETH-19SEP25.none.20.100ms", "data": {"timestamp": 1758140632132, "change_id": 86919444803, "instrument_name": "ETH-19SEP25", "bids": [[4528.25, 19793.0], [4528.0, 4800.0], [4527.75, 7350.0], [4527.5, 5850.0], [4527.25, 6010.0], [4527.0, 6383.0], [4526.75, 4660.0], [4526.5, 1821.0], [4526.25, 4500.0], [4526.0, 533.0], [4524.75, 3787.0], [4524.5, 11682.0], [4524.25, 520.0], [4524.0, 4240.0], [4523.75, 14132.0], [4523.25, 2355.0], [4523.0, 6075.0], [4522.25, 533.0], [4521.75, 530.0], [4521.25, 529.0]], "asks": [[4528.5, 3767.0], [4529.0, 24000.0], [4529.25, 1350.0], [4529.5, 4500.0], [4529.75, 450.0], [4530.0, 6088.0], [4530.25, 16691.0], [4530.5, 4660.0], [4530.75, 535.0], [4531.25, 533.0], [4531.5, 1823.0], [4531.75, 6608.0], [4532.75, 4879.0], [4533.0, 14486.0], [4533.5, 9533.0], [4533.75, 30000.0], [4534.5, 535.0], [4534.75, 15156.0], [4535.0, 50520.0], [4535.25, 6837.0]]}}}
{"jsonrpc": "2.0", "method": "subscription", "params": {"channel": "book.ETH-19SEP25.none.20.100ms", "data": {"timestamp": 1758140632474, "change_id": 86919445362, "instrument_name": "ETH-19SEP25", "bids": [[4528.5, 4660.0], [4528.25, 7500.0], [4528.0, 6163.0], [4527.75, 22643.0], [4527.5, 5850.0], [4527.25, 4500.0], [4527.0, 1883.0], [4526.75, 4500.0], [4526.5, 1821.0], [4526.25, 4500.0], [4526.0, 533.0], [4524.75, 3787.0], [4524.5, 11682.0], [4524.25, 520.0], [4524.0, 4240.0], [4523.75, 14132.0], [4523.25, 2355.0], [4523.0, 6075.0], [4522.25, 533.0], [4521.75, 530.0]], "asks": [[4528.75, 12389.0], [4529.0, 27888.0], [4529.25, 1350.0], [4529.5, 4500.0], [4529.75, 450.0], [4530.0, 6088.0], [4530.25, 16691.0], [4530.5, 4660.0], [4530.75, 533.0], [4531.25, 535.0], [4531.5, 1823.0], [4531.75, 6608.0], [4532.75, 4879.0], [4533.0, 14486.0], [4533.5, 9533.0], [4533.75, 30000.0], [4534.5, 535.0], [4534.75, 15156.0], [4535.0, 50520.0], [4535.25, 6837.0]]}}}
{"jsonrpc": "2.0", "method": "subscription", "params": {"channel": "book.ETH-19SEP25.none.20.100ms", "data": {"timestamp": 1758140632809, "change_id": 86919446083, "instrument_name": "ETH-19SEP25", "bids": [[4528.5, 4660.0], [4528.25, 7500.0], [4528.0, 6163.0], [4527.75, 22643.0], [4527.5, 5850.0], [4527.25, 4500.0], [4527.0, 1883.0], [4526.75, 4500.0], [4526.5, 1821.0], [4526.25, 4500.0], [4526.0, 533.0], [4524.75, 3787.0], [4524.5, 11682.0], [4524.25, 520.0], [4524.0, 4240.0], [4523.75, 14132.0], [4523.25, 2355.0], [4523.0, 6075.0], [4522.25, 533.0], [4521.75, 530.0]], "asks": [[4528.75, 12389.0], [4529.0, 24000.0], [4529.25, 1350.0], [4529.5, 40340.0], [4529.75, 15743.0], [4530.0, 1500.0], [4530.25, 1398.0], [4530.5, 4660.0], [4530.75, 533.0], [4531.25, 535.0], [4531.5, 1823.0], [4531.75, 6608.0], [4532.75, 4879.0], [4533.0, 14486.0], [4533.5, 9533.0], [4533.75, 30000.0], [4534.5, 535.0], [4534.75, 15156.0], [4535.0, 50520.0], [4535.25, 6837.0]]}}}
{"jsonrpc": "2.0", "method": "subscription", "params": {"channel": "book.ETH-19SEP25.none.20.100ms", "data": {"timestamp": 1758140633137, "change_id": 86919447162, "instrument_name": "ETH-19SEP25", "bids": [[4528.25, 7500.0], [4527.75, 4500.0], [4527.5, 160.0], [4527.25, 4500.0], [4527.0, 1350.0], [4526.75, 4500.0], [4526.5, 1821.0], [4526.25, 4500.0], [4526.0, 533.0], [4524.75, 533.0], [4524.5, 5001.0], [4524.25, 520.0], [4523.25, 2355.0], [4523.0, 6075.0], [4522.25, 533.0], [4521.75, 530.0], [4521.25, 529.0], [4521.0, 10.0], [4520.75, 533.0], [4520.5, 4418.0]], "asks": [[4528.5, 24000.0], [4528.75, 16334.0], [4529.5, 4500.0], [4529.75, 15743.0], [4530.0, 1500.0], [4530.25, 1398.0], [4530.5, 4660.0], [4530.75, 533.0], [4531.25, 535.0], [4531.5, 1823.0], [4531.75, 6608.0], [4532.75, 4879.0], [4533.0, 14486.0], [4533.5, 9533.0], [4533.75, 30000.0], [4534.5, 535.0], [4534.75, 15156.0], [4535.0, 50520.0], [4535.25, 6837.0], [4535.5, 22789.0]]}}}
{"jsonrpc": "2.0", "method": "subscription", "params": {"channel": "book.ETH-19SEP25.none.20.100ms", "data": {"timestamp": 1758140633425, "change_id": 86919447862, "instrument_name": "ETH-19SEP25", "bids": [[4528.25, 4500.0], [4528.0, 3160.0], [4527.75, 9088.0], [4527.5, 18143.0], [4527.25, 4500.0], [4527.0, 1350.0], [4526.75, 4500.0], [4526.5, 1883.0], [4526.25, 4500.0], [4526.0, 533.0], [4524.75, 4346.0], [4524.5, 12710.0], [4524.25, 520.0], [4523.25, 2355.0], [4523.0, 6075.0], [4522.25, 533.0], [4521.75, 530.0], [4521.5, 14364.0], [4521.25, 529.0], [4521.0, 10.0]], "asks": [[4528.5, 24000.0], [4528.75, 16334.0], [4529.25, 5769.0], [4529.5, 19793.0], [4529.75, 450.0], [4530.0, 1500.0], [4530.25, 1398.0], [4530.5, 4660.0], [4530.75, 533.0], [4531.0, 2.0], [4531.25, 533.0], [4531.5, 1982.0], [4531.75, 6608.0], [4532.75, 4879.0], [4533.0, 14486.0], [4533.5, 533.0], [4534.5, 535.0], [4534.75, 15156.0], [4535.0, 50520.0], [4535.25, 6837.0]]}}}
{"jsonrpc": "2.0", "method": "subscription", "params": {"channel": "book.ETH-19SEP25.none.20.100ms", "data": {"timestamp": 1758140633799, "change_id": 86919448519, "instrument_name": "ETH-19SEP25", "bids": [[4528.5, 7660.0], [4528.25, 20243.0], [4528.0, 2850.0], [4527.75, 4500.0], [4527.5, 1350.0], [4527.25, 4500.0], [4527.0, 1871.0], [4526.75, 4500.0], [4526.5, 1883.0], [4526.25, 4500.0], [4526.0, 533.0], [4524.75, 4346.0], [4524.5, 12710.0], [4524.25, 520.0], [4523.75, 14065.0], [4523.25, 2355.0], [4523.0, 6075.0], [4522.25, 533.0], [4521.75, 530.0], [4521.25, 529.0]], "asks": [[4529.0, 24000.0], [4529.75, 450.0], [4530.0, 1500.0], [4530.25, 1398.0], [4530.5, 4660.0], [4530.75, 533.0], [4531.0, 2.0], [4531.25, 533.0], [4531.5, 1982.0], [4531.75, 6608.0], [4532.75, 4879.0], [4533.0, 14486.0], [4533.5, 533.0], [4534.5, 535.0], [4534.75, 15156.0], [4535.0, 50520.0], [4535.25, 6837.0], [4535.5, 22789.0], [4536.25, 787.0], [4536.5, 2622.0]]}}}
{"jsonrpc": "2.0", "method": "subscription", "params": {"channel": "book.ETH-19SEP25.none.20.100ms", "data": {"timestamp": 1758140634119, "change_id": 86919449399, "instrument_name": "ETH-19SEP25", "bids": [[4528.5, 4660.0], [4528.25, 7500.0], [4528.0, 1500.0], [4527.75, 4500.0], [4527.5, 1350.0], [4527.25, 4500.0], [4527.0, 1871.0], [4526.75, 4500.0], [4526.5, 1883.0], [4526.25, 4500.0], [4526.0, 533.0], [4524.75, 4346.0], [4524.5, 12710.0], [4524.25, 520.0], [4523.75, 14065.0], [4523.25, 2355.0], [4523.0, 6075.0], [4522.25, 533.0], [4521.75, 530.0], [4521.25, 529.0]], "asks": [[4528.75, 10647.0], [4529.25, 24000.0], [4529.75, 1744.0], [4530.0, 6000.0], [4530.25, 1398.0], [4530.5, 19793.0], [4530.75, 533.0], [4531.0, 2.0], [4531.25, 693.0], [4531.5, 1982.0], [4531.75, 6608.0], [4532.75, 4879.0], [4533.0, 14486.0], [4533.5, 533.0], [4534.5, 535.0], [4534.75, 15156.0], [4535.0, 50520.0], [4535.25, 6837.0], [4535.5, 22789.0], [4536.25, 787.0]]}}}
{"jsonrpc": "2.0", "method": "subscription", "params": {"channel": "book.ETH-19SEP25.none.20.100ms", "data": {"timestamp": 1758140634382, "change_id": 86919450740, "instrument_name": "ETH-19SEP25", "bids": [[4528.5, 4660.0], [4528.25, 12482.0], [4528.0, 18143.0], [4527.75, 4500.0], [4527.5, 1350.0], [4527.25, 4500.0], [4527.0, 1871.0], [4526.75, 4500.0], [4526.5, 1883.0], [4526.25, 4500.0], [4526.0, 533.0], [4524.75, 4346.0], [4524.5, 12710.0], [4524.25, 520.0], [4523.75, 14065.0], [4523.25, 2355.0], [4523.0, 6075.0], [4522.25, 533.0], [4521.75, 530.0], [4521.5, 24947.0]], "asks": [[4528.75, 10647.0], [4529.0, 24000.0], [4529.5, 4466.0], [4529.75, 37423.0], [4530.0, 21293.0], [4530.25, 1398.0], [4530.5, 4500.0], [4530.75, 533.0], [4531.25, 695.0], [4531.5, 1982.0], [4531.75, 6608.0], [4532.75, 4879.0], [4533.0, 14486.0], [4533.5, 533.0], [4534.5, 535.0], [4534.75, 15156.0], [4535.0, 50520.0], [4535.25, 6837.0], [4535.5, 22789.0], [4535.75, 25382.0]]}}}
{"jsonrpc": "2.0", "method": "subscription", "params": {"channel": "book.ETH-19SEP25.none.20.100ms", "data": {"timestamp": 1758140634756, "change_id": 86919451117, "instrument_name": "ETH-19SEP25", "bids": [[4528.5, 4660.0], [4528.25, 12482.0], [4528.0, 18143.0], [4527.75, 4500.0], [4527.5, 1350.0], [4527.25, 4500.0], [4527.0, 1871.0], [4526.75, 4500.0], [4526.5, 1883.0], [4526.25, 4500.0], [4526.0, 533.0], [4524.75, 4346.0], [4524.5, 12710.0], [4524.25, 520.0], [4524.0, 4220.0], [4523.75, 14065.0], [4523.25, 2355.0], [4523.0, 6075.0], [4522.25, 533.0], [4521.75, 8014.0]], "asks": [[4528.75, 14615.0], [4529.0, 24000.0], [4529.5, 4466.0], [4529.75, 37423.0], [4530.0, 21293.0], [4530.25, 1398.0], [4530.5, 4500.0], [4530.75, 533.0], [4531.0, 209.0], [4531.25, 695.0], [4531.5, 1982.0], [4531.75, 6608.0], [4532.75, 4879.0], [4533.0, 14486.0], [4534.5, 535.0], [4534.75, 15156.0], [4535.0, 50520.0], [4535.25, 6837.0], [4535.5, 30404.0], [4535.75, 25382.0]]}}}
{"jsonrpc": "2.0", "method": "subscription", "params": {"channel": "book.ETH-19SEP25.none.20.100ms", "data": {"timestamp": 1758140634873, "change_id": 86919451373, "instrument_name": "ETH-19SEP25", "bids": [[4528.5, 4660.0], [4528.25, 12482.0], [4528.0, 18143.0], [4527.75, 4500.0], [4527.5, 1350.0], [4527.25, 4500.0], [4527.0, 1871.0], [4526.75, 4500.0], [4526.5, 1883.0], [4526.25, 4500.0], [4526.0, 533.0], [4524.75, 4346.0], [4524.5, 12710.0], [4524.25, 520.0], [4524.0, 4220.0], [4523.75, 14065.0], [4523.25, 2355.0], [4523.0, 6075.0], [4522.25, 533.0], [4521.75, 8014.0]], "asks": [[4528.75, 14615.0], [4529.0, 24000.0], [4529.75, 6170.0], [4530.0, 21293.0], [4530.25, 1398.0], [4530.5, 4500.0], [4530.75, 533.0], [4531.0, 209.0], [4531.25, 695.0], [4531.5, 1982.0], [4531.75, 6608.0], [4532.75, 4879.0], [4533.0, 14486.0], [4534.5, 535.0], [4534.75, 15156.0], [4535.0, 50520.0], [4535.25, 6837.0], [4535.5, 30404.0], [4535.75, 25382.0], [4536.25, 787.0]]}}}
{"jsonrpc": "2.0", "method": "subscription", "params": {"channel": "book.ETH-19SEP25.none.20.100ms", "data": {"timestamp": 1758140635373, "change_id": 86919452754, "instrument_name": "ETH-19SEP25", "bids": [[4528.5, 21453.0], [4528.25, 7500.0], [4528.0, 1350.0], [4527.75, 4500.0], [4527.5, 1350.0], [4527.25, 4500.0], [4527.0, 1871.0], [4526.75, 4500.0], [4526.5, 1883.0], [4526.25, 4500.0], [4526.0, 533.0], [4524.75, 4346.0], [4524.5, 12710.0], [4524.25, 520.0], [4524.0, 4220.0], [4523.75, 14065.0], [4523.25, 2355.0], [4523.0, 6075.0], [4522.25, 533.0], [4521.75, 8014.0]], "asks": [[4528.75, 3968.0], [4529.0, 12389.0], [4529.5, 24000.0], [4529.75, 6170.0], [4530.0, 19793.0], [4530.25, 1398.0], [4530.5, 4500.0], [4530.75, 2033.0], [4531.0, 209.0], [4531.25, 695.0], [4531.5, 1982.0], [4531.75, 6608.0], [4532.75, 4879.0], [4533.0, 14486.0], [4534.5, 535.0], [4534.75, 15156.0], [4535.0, 50520.0], [4535.25, 6837.0], [4535.5, 30404.0], [4535.75, 25382.0]]}}}
{"jsonrpc": "2.0", "method": "subscription", "params": {"channel": "book.ETH-19SEP25.none.20.100ms", "data": {"timestamp": 1758140635740, "change_id": 86919453131, "instrument_name": "ETH-19SEP25", "bids": [[4528.5, 25803.0], [4528.25, 4500.0], [4528.0, 1350.0], [4527.75, 4500.0], [4527.5, 1350.0], [4527.25, 4500.0], [4527.0, 1871.0], [4526.75, 4500.0], [4526.5, 1883.0], [4526.25, 4500.0], [4526.0, 533.0], [4524.75, 4346.0], [4524.5, 12710.0], [4524.25, 520.0], [4524.0, 4220.0], [4523.75, 14065.0], [4523.25, 2355.0], [4523.0, 6075.0], [4522.25, 533.0], [4521.75, 8014.0]], "asks": [[4529.0, 15936.0], [4529.5, 24000.0], [4529.75, 6170.0], [4530.0, 19793.0], [4530.25, 2898.0], [4530.5, 4500.0], [4531.0, 209.0], [4531.25, 695.0], [4531.5, 1982.0], [4531.75, 6608.0], [4532.75, 4879.0], [4533.0, 14486.0], [4534.5, 535.0], [4534.75, 15156.0], [4535.0, 50520.0], [4535.25, 6837.0], [4535.5, 30404.0], [4535.75, 25382.0], [4536.25, 787.0], [4536.5, 2622.0]]}}}
{"jsonrpc": "2.0", "method": "subscription", "params": {"channel": "book.ETH-19SEP25.none.20.100ms", "data": {"timestamp": 1758140636059, "change_id": 86919454660, "instrument_name": "ETH-19SEP25", "bids": [[4528.5, 4660.0], [4528.25, 7500.0], [4528.0, 5938.0], [4527.75, 19793.0], [4527.5, 1350.0], [4527.25, 4704.0], [4527.0, 6371.0], [4526.75, 5110.0], [4526.5, 3383.0], [4526.25, 4500.0], [4526.0, 533.0], [4525.0, 8297.0], [4524.75, 533.0], [4524.5, 5001.0], [4524.25, 520.0], [4523.25, 2355.0], [4523.0, 6075.0], [4522.25, 533.0], [4521.75, 530.0], [4521.25, 529.0]], "asks": [[4528.75, 12407.0], [4529.0, 3547.0], [4529.25, 24000.0], [4529.5, 6863.0], [4529.75, 32999.0], [4530.0, 20243.0], [4530.25, 1500.0], [4531.0, 209.0], [4531.25, 695.0], [4531.5, 1982.0], [4531.75, 6608.0], [4532.75, 4879.0], [4533.0, 14486.0], [4534.5, 535.0], [4534.75, 15156.0], [4535.0, 50520.0], [4535.25, 6837.0], [4535.5, 30404.0], [4535.75, 25382.0], [4536.25, 787.0]]}}}
{"jsonrpc": "2.0", "method": "subscription", "params": {"channel": "book.ETH-19SEP25.none.20.100ms", "data": {"timestamp": 1758140636408, "change_id": 86919455338, "instrument_name": "ETH-19SEP25", "bids": [[4528.5, 4660.0], [4528.25, 7500.0], [4528.0, 6163.0], [4527.75, 21293.0], [4527.5, 1350.0], [4527.25, 4704.0], [4527.0, 1871.0], [4526.75, 4500.0], [4526.5, 1883.0], [4526.25, 4500.0], [4526.0, 533.0], [4525.0, 8297.0], [4524.75, 533.0], [4524.5, 5001.0], [4524.25, 520.0], [4524.0, 14062.0], [4523.25, 2355.0], [4523.0, 6075.0], [4522.25, 533.0], [4521.75, 530.0]], "asks": [[4528.75, 12407.0], [4529.0, 4400.0], [4529.25, 24000.0], [4529.5, 6863.0], [4529.75, 32999.0], [4530.0, 20243.0], [4530.25, 1500.0], [4531.0, 209.0], [4531.25, 695.0], [4531.5, 1982.0], [4531.75, 6608.0], [4532.75, 4879.0], [4533.0, 23486.0], [4533.25, 30000.0], [4534.5, 535.0], [4534.75, 15156.0], [4535.0, 50520.0], [4535.25, 6837.0], [4535.5, 30404.0], [4535.75, 25382.0]]}}}
{"jsonrpc": "2.0", "method": "subscription", "params": {"channel": "book.ETH-19SEP25.none.20.100ms", "data": {"timestamp": 1758140636731, "change_id": 86919455677, "instrument_name": "ETH-19SEP25", "bids": [[4528.5, 4660.0], [4528.25, 7500.0], [4527.75, 21293.0], [4527.5, 1350.0], [4527.25, 4704.0], [4527.0, 1871.0], [4526.75, 4500.0], [4526.5, 1883.0], [4526.25, 4500.0], [4526.0, 533.0], [4525.0, 8297.0], [4524.75, 533.0], [4524.5, 5001.0], [4524.25, 520.0], [4524.0, 14062.0], [4523.25, 2355.0], [4523.0, 6075.0], [4522.25, 533.0], [4521.75, 530.0], [4521.25, 529.0]], "asks": [[4528.75, 16581.0], [4529.0, 28400.0], [4529.5, 6863.0], [4529.75, 36975.0], [4530.0, 20243.0], [4530.25, 1500.0], [4531.0, 209.0], [4531.25, 695.0], [4531.5, 1982.0], [4531.75, 6608.0], [4532.75, 4879.0], [4533.0, 23486.0], [4533.25, 30000.0], [4534.5, 535.0], [4534.75, 15156.0], [4535.0, 50520.0], [4535.25, 6837.0], [4535.5, 30404.0], [4535.75, 25382.0], [4536.25, 787.0]]}}}
{"jsonrpc": "2.0", "method": "subscription", "params": {"channel": "book.ETH-19SEP25.none.20.100ms", "data": {"timestamp": 1758140637059, "change_id": 86919456406, "instrument_name": "ETH-19SEP25", "bids": [[4528.5, 4660.0], [4528.25, 3000.0], [4527.75, 21293.0], [4527.5, 1350.0], [4527.25, 4704.0], [4527.0, 1871.0], [4526.75, 4500.0], [4526.5, 1883.0], [4526.25, 4500.0], [4526.0, 533.0], [4525.0, 8297.0], [4524.75, 533.0], [4524.5, 5001.0], [4524.25, 520.0], [4524.0, 14062.0], [4523.25, 2355.0], [4523.0, 6075.0], [4522.25, 533.0], [4521.75, 530.0], [4521.25, 529.0]], "asks": [[4528.75, 16581.0], [4529.0, 28400.0], [4529.25, 4588.0], [4529.5, 22156.0], [4529.75, 32999.0], [4530.0, 4950.0], [4530.25, 1500.0], [4530.75, 160.0], [4531.0, 209.0], [4531.25, 535.0], [4531.5, 1982.0], [4531.75, 6608.0], [4532.75, 4879.0], [4533.0, 23486.0], [4533.25, 30000.0], [4534.5, 535.0], [4534.75, 15156.0], [4535.0, 50520.0], [4535.25, 6837.0], [4535.5, 30404.0]]}}}
{"jsonrpc": "2.0", "method": "subscription", "params": {"channel": "book.ETH-19SEP25.none.20.100ms", "data": {"timestamp": 1758140637384, "change_id": 86919456846, "instrument_name": "ETH-19SEP25", "bids": [[4528.5, 4660.0], [4528.25, 3000.0], [4527.75, 21293.0], [4527.5, 1350.0], [4527.25, 4704.0], [4527.0, 1871.0], [4526.75, 4500.0], [4526.5, 1883.0], [4526.25, 4500.0], [4526.0, 533.0], [4524.75, 533.0], [4524.5, 5001.0], [4524.25, 520.0], [4524.0, 14062.0], [4523.25, 2355.0], [4523.0, 6075.0], [4522.25, 533.0], [4521.75, 530.0], [4521.25, 529.0], [4521.0, 10.0]], "asks": [[4528.75, 16581.0], [4529.0, 28400.0], [4529.25, 4588.0], [4529.5, 22156.0], [4529.75, 32999.0], [4530.0, 4950.0], [4530.25, 1500.0], [4530.75, 160.0], [4531.0, 209.0], [4531.25, 535.0], [4531.5, 1982.0], [4531.75, 6608.0], [4532.75, 4879.0], [4533.0, 23486.0], [4533.25, 30000.0], [4534.5, 535.0], [4534.75, 15156.0], [4535.0, 50520.0], [4535.25, 6837.0], [4535.5, 30404.0]]}}}
{"jsonrpc": "2.0", "method": "subscription", "params": {"channel": "book.ETH-19SEP25.none.20.100ms", "data": {"timestamp": 1758140637715, "change_id": 86919457206, "instrument_name": "ETH-19SEP25", "bids": [[4528.5, 160.0], [4528.25, 3000.0], [4527.75, 21293.0], [4527.5, 1350.0], [4527.25, 4704.0], [4527.0, 1871.0], [4526.75, 4500.0], [4526.5, 1883.0], [4526.25, 4500.0], [4526.0, 533.0], [4525.25, 12409.0], [4524.75, 533.0], [4524.5, 5001.0], [4524.25, 520.0], [4524.0, 14062.0], [4523.25, 2355.0], [4523.0, 6075.0], [4521.75, 530.0], [4521.25, 529.0], [4521.0, 10.0]], "asks": [[4528.75, 16581.0], [4529.0, 28400.0], [4529.25, 4588.0], [4529.5, 22156.0], [4529.75, 34499.0], [4530.0, 4500.0], [4530.75, 160.0], [4531.0, 209.0], [4531.25, 535.0], [4531.5, 1982.0], [4531.75, 6608.0], [4532.75, 4879.0], [4533.0, 23486.0], [4533.25, 30000.0], [4534.5, 535.0], [4534.75, 15156.0], [4535.0, 50520.0], [4535.25, 6837.0], [4535.5, 30404.0], [4535.75, 25382.0]]}}}
{"jsonrpc": "2.0", "method": "subscription", "params": {"channel": "book.ETH-19SEP25.none.20.100ms", "data": {"timestamp": 1758140638043, "change_id": 86919457821, "instrument_name": "ETH-19SEP25", "bids": [[4528.5, 160.0], [4528.25, 3000.0], [4527.75, 21293.0], [4527.5, 1350.0], [4527.25, 4704.0], [4527.0, 1871.0], [4526.75, 4500.0], [4526.5, 1883.0], [4526.25, 4500.0], [4526.0, 533.0], [4525.5, 4244.0], [4525.25, 12409.0], [4524.75, 533.0], [4524.5, 5001.0], [4524.25, 520.0], [4524.0, 14062.0], [4523.25, 2355.0], [4523.0, 6075.0], [4521.75, 530.0], [4521.25, 529.0]], "asks": [[4528.75, 21081.0], [4529.0, 28400.0], [4529.25, 4588.0], [4529.5, 22156.0], [4529.75, 34499.0], [4530.75, 160.0], [4531.0, 209.0], [4531.25, 535.0], [4531.5, 1982.0], [4531.75, 6608.0], [4532.75, 4879.0], [4533.0, 23486.0], [4533.25, 30000.0], [4534.5, 535.0], [4534.75, 15156.0], [4535.0, 50520.0], [4535.25, 6837.0], [4535.5, 30404.0], [4535.75, 25382.0], [4536.25, 787.0]]}}}
{"jsonrpc": "2.0", "method": "subscription", "params": {"channel": "book.ETH-19SEP25.none.20.100ms", "data": {"timestamp": 1758140638117, "change_id": 86919457861, "instrument_name": "ETH-19SEP25", "bids": [[4528.5, 160.0], [4528.25, 3000.0], [4527.75, 21293.0], [4527.5, 1350.0], [4527.25, 4704.0], [4527.0, 1871.0], [4526.75, 4500.0], [4526.5, 1883.0], [4526.25, 4500.0], [4526.0, 533.0], [4525.5, 4244.0], [4525.25, 12409.0], [4524.75, 533.0], [4524.5, 5001.0], [4524.25, 520.0], [4524.0, 14062.0], [4523.25, 2355.0], [4523.0, 6075.0], [4521.75, 530.0], [4521.25, 529.0]], "asks": [[4528.75, 21081.0], [4529.0, 28400.0], [4529.25, 4588.0], [4529.5, 22156.0], [4529.75, 34499.0], [4530.75, 160.0], [4531.0, 209.0], [4531.25, 535.0], [4531.5, 1982.0], [4531.75, 6608.0], [4532.75, 4879.0], [4533.0, 23486.0], [4533.25, 30000.0], [4534.5, 535.0], [4534.75, 15156.0], [4535.0, 50520.0], [4535.25, 6837.0], [4535.5, 30404.0], [4535.75, 25382.0], [4536.25, 787.0]]}}}
{"jsonrpc": "2.0", "method": "subscription", "params": {"channel": "book.ETH-19SEP25.none.20.100ms", "data": {"timestamp": 1758140638761, "change_id": 86919458562, "instrument_name": "ETH-19SEP25", "bids": [[4528.25, 3000.0], [4527.75, 4500.0], [4527.25, 4500.0], [4527.0, 1350.0], [4526.75, 4500.0], [4526.5, 1883.0], [4526.25, 4500.0], [4526.0, 533.0], [4525.5, 521.0], [4524.75, 533.0], [4524.5, 5001.0], [4524.25, 520.0], [4523.25, 2355.0], [4523.0, 6075.0], [4521.75, 530.0], [4521.25, 529.0], [4521.0, 10.0], [4520.75, 533.0], [4520.25, 1805.0], [4520.0, 27171.0]], "asks": [[4528.75, 25795.0], [4529.0, 28400.0], [4529.25, 4588.0], [4529.5, 22156.0], [4529.75, 34499.0], [4530.75, 160.0], [4531.0, 209.0], [4531.25, 535.0], [4531.5, 1982.0], [4531.75, 6608.0], [4532.75, 4879.0], [4533.0, 23486.0], [4533.25, 30000.0], [4534.5, 535.0], [4534.75, 15156.0], [4535.0, 50520.0], [4535.25, 6837.0], [4535.5, 30404.0], [4535.75, 25382.0], [4536.25, 787.0]]}}}
{"jsonrpc": "2.0", "method": "subscription", "params": {"channel": "book.ETH-19SEP25.none.20.100ms", "data": {"timestamp": 1758140639054, "change_id": 86919459449, "instrument_name": "ETH-19SEP25", "bids": [[4528.25, 4660.0], [4528.0, 3000.0], [4527.75, 5850.0], [4527.5, 10663.0], [4527.25, 21293.0], [4527.0, 1350.0], [4526.75, 4500.0], [4526.5, 1883.0], [4526.25, 4500.0], [4526.0, 533.0], [4525.5, 521.0], [4525.0, 8129.0], [4524.75, 2033.0], [4524.5, 5001.0], [4524.25, 520.0], [4523.75, 13880.0], [4523.25, 2355.0], [4523.0, 6075.0], [4521.75, 530.0], [4521.25, 529.0]], "asks": [[4528.75, 17901.0], [4529.0, 28400.0], [4529.25, 4588.0], [4529.5, 15743.0], [4529.75, 1500.0], [4530.5, 4846.0], [4530.75, 14415.0], [4531.0, 211.0], [4531.25, 533.0], [4531.5, 1982.0], [4531.75, 6608.0], [4532.75, 533.0], [4533.0, 9000.0], [4533.25, 30000.0], [4534.5, 535.0], [4534.75, 15156.0], [4535.0, 50520.0], [4535.25, 6837.0], [4535.5, 30404.0], [4535.75, 25382.0]]}}}
{"jsonrpc": "2.0", "method": "subscription", "params": {"channel": "book.ETH-19SEP25.none.20.100ms", "data": {"timestamp": 1758140639389, "change_id": 86919459949, "instrument_name": "ETH-19SEP25", "bids": [[4528.25, 4660.0], [4528.0, 3000.0], [4527.75, 22643.0], [4527.5, 6300.0], [4527.25, 4500.0], [4527.0, 1350.0], [4526.75, 4500.0], [4526.5, 1883.0], [4526.25, 4500.0], [4526.0, 533.0], [4525.5, 521.0], [4525.0, 8129.0], [4524.75, 2033.0], [4524.5, 5001.0], [4524.25, 520.0], [4523.75, 13880.0], [4523.25, 2355.0], [4523.0, 6075.0], [4521.75, 530.0], [4521.25, 529.0]], "asks": [[4528.5, 12410.0], [4528.75, 5585.0], [4529.0, 31609.0], [4529.25, 35839.0], [4529.5, 15743.0], [4529.75, 1500.0], [4530.5, 4846.0], [4530.75, 14415.0], [4531.0, 211.0], [4531.25, 533.0], [4531.5, 1982.0], [4531.75, 6608.0], [4532.75, 533.0], [4533.0, 9000.0], [4533.25, 30000.0], [4534.5, 535.0], [4534.75, 15156.0], [4535.0, 50520.0], [4535.25, 6837.0], [4535.5, 30404.0]]}}}
{"jsonrpc": "2.0", "method": "subscription", "params": {"channel": "book.ETH-19SEP25.none.20.100ms", "data": {"timestamp": 1758140639735, "change_id": 86919460338, "instrument_name": "ETH-19SEP25", "bids": [[4528.25, 4660.0], [4528.0, 3000.0], [4527.75, 22643.0], [4527.5, 6300.0], [4527.25, 4500.0], [4527.0, 1350.0], [4526.75, 4500.0], [4526.5, 1883.0], [4526.25, 4500.0], [4526.0, 533.0], [4525.5, 521.0], [4525.0, 8129.0], [4524.75, 2033.0], [4524.5, 5001.0], [4524.25, 520.0], [4523.75, 13880.0], [4523.25, 2355.0], [4523.0, 6075.0], [4521.75, 530.0], [4521.25, 529.0]], "asks": [[4528.5, 12409.0], [4528.75, 1320.0], [4529.0, 31609.0], [4529.25, 35839.0], [4529.5, 15743.0], [4529.75, 1500.0], [4530.5, 4846.0], [4530.75, 14415.0], [4531.0, 211.0], [4531.25, 533.0], [4531.5, 1982.0], [4531.75, 6608.0], [4532.75, 533.0], [4533.0, 9000.0], [4533.25, 30000.0], [4534.5, 535.0], [4534.75, 15156.0], [4535.0, 50520.0], [4535.25, 6837.0], [4535.5, 30404.0]]}}}
{"jsonrpc": "2.0", "method": "subscription", "params": {"channel": "book.ETH-19SEP25.none.20.100ms", "data": {"timestamp": 1758140639951, "change_id": 86919460770, "instrument_name": "ETH-19SEP25", "bids": [[4528.25, 4660.0], [4528.0, 3000.0], [4527.75, 21293.0], [4527.5, 1800.0], [4527.25, 4500.0], [4527.0, 1350.0], [4526.75, 4500.0], [4526.5, 1883.0], [4526.25, 4500.0], [4526.0, 533.0], [4525.5, 521.0], [4525.25, 2439.0], [4525.0, 8129.0], [4524.75, 2033.0], [4524.5, 5001.0], [4524.25, 520.0], [4523.75, 13880.0], [4523.25, 2355.0], [4523.0, 6075.0], [4521.75, 530.0]], "asks": [[4528.5, 12409.0], [4528.75, 5683.0], [4529.0, 31609.0], [4529.25, 35839.0], [4529.5, 15743.0], [4529.75, 1500.0], [4530.5, 4846.0], [4530.75, 14415.0], [4531.0, 211.0], [4531.25, 533.0], [4531.5, 1982.0], [4531.75, 6608.0], [4532.75, 533.0], [4533.0, 9000.0], [4533.25, 30000.0], [4534.5, 535.0], [4534.75, 15156.0], [4535.0, 50520.0], [4535.25, 6837.0], [4535.5, 30404.0]]}}}
{"jsonrpc": "2.0", "method": "subscription", "params": {"channel": "book.ETH-19SEP25.none.20.100ms", "data": {"timestamp": 1758140640400, "change_id": 86919461471, "instrument_name": "ETH-19SEP25", "bids": [[4528.25, 4660.0], [4528.0, 3000.0], [4527.75, 21293.0], [4527.5, 1800.0], [4527.25, 4500.0], [4527.0, 1350.0], [4526.75, 4500.0], [4526.5, 1883.0], [4526.25, 4500.0], [4525.5, 521.0], [4525.25, 2439.0], [4525.0, 8129.0], [4524.75, 2033.0], [4524.5, 5001.0], [4524.25, 520.0], [4523.75, 13880.0], [4523.25, 2355.0], [4523.0, 6075.0], [4521.75, 530.0], [4521.25, 529.0]], "asks": [[4528.5, 16467.0], [4528.75, 1320.0], [4529.0, 31609.0], [4529.25, 35839.0], [4529.5, 15743.0], [4529.75, 1500.0], [4530.5, 521.0], [4530.75, 160.0], [4531.0, 211.0], [4531.25, 533.0], [4531.5, 1982.0], [4531.75, 6608.0], [4532.75, 4822.0], [4533.0, 23295.0], [4533.25, 30000.0], [4534.5, 535.0], [4534.75, 15156.0], [4535.0, 50520.0], [4535.25, 6837.0], [4535.5, 30404.0]]}}}
{"jsonrpc": "2.0", "method": "subscription", "params": {"channel": "book.ETH-19SEP25.none.20.100ms", "data": {"timestamp": 1758140640437, "change_id": 86919461540, "instrument_name": "ETH-19SEP25", "bids": [[4528.25, 4660.0], [4528.0, 3000.0], [4527.75, 21293.0], [4527.5, 1800.0], [4527.25, 4500.0], [4527.0, 1350.0], [4526.75, 4500.0], [4526.5, 1883.0], [4526.25, 4500.0], [4525.5, 521.0], [4525.25, 2439.0], [4525.0, 8129.0], [4524.75, 2033.0], [4524.5, 5001.0], [4524.25, 520.0], [4523.75, 13880.0], [4523.25, 2355.0], [4523.0, 6075.0], [4521.75, 530.0], [4521.25, 529.0]], "asks": [[4528.5, 16467.0], [4528.75, 1320.0], [4529.0, 28400.0], [4529.25, 4588.0], [4529.5, 15743.0], [4529.75, 1500.0], [4530.5, 521.0], [4530.75, 160.0], [4531.0, 211.0], [4531.25, 533.0], [4531.5, 1982.0], [4531.75, 6608.0], [4532.75, 4822.0], [4533.0, 23295.0], [4533.25, 30000.0], [4534.5, 535.0], [4534.75, 15156.0], [4535.0, 50520.0], [4535.25, 6837.0], [4535.5, 30404.0]]}}}
{"jsonrpc": "2.0", "method": "subscription", "params": {"channel": "book.ETH-19SEP25.none.20.100ms", "data": {"timestamp": 1758140640940, "change_id": 86919462199, "instrument_name": "ETH-19SEP25", "bids": [[4528.25, 4660.0], [4528.0, 3000.0], [4527.75, 21293.0], [4527.5, 1800.0], [4527.25, 4500.0], [4527.0, 1350.0], [4526.75, 4500.0], [4526.5, 533.0], [4525.5, 521.0], [4525.25, 2439.0], [4525.0, 8129.0], [4524.75, 2033.0], [4524.5, 5001.0], [4524.25, 520.0], [4524.0, 4164.0], [4523.75, 13880.0], [4523.25, 2355.0], [4523.0, 6075.0], [4521.75, 530.0], [4521.25, 529.0]], "asks": [[4528.5, 16467.0], [4528.75, 1320.0], [4529.0, 28400.0], [4529.25, 4588.0], [4529.5, 46995.0], [4529.75, 1500.0], [4530.5, 521.0], [4530.75, 160.0], [4531.0, 211.0], [4531.25, 533.0], [4531.5, 1982.0], [4531.75, 6608.0], [4532.75, 4822.0], [4533.0, 23295.0], [4533.25, 30000.0], [4534.5, 535.0], [4534.75, 15156.0], [4535.0, 50520.0], [4535.25, 6837.0], [4535.5, 30404.0]]}}}
{"jsonrpc": "2.0", "method": "subscription", "params": {"channel": "book.ETH-19SEP25.none.20.100ms", "data": {"timestamp": 1758140641407, "change_id": 86919462919, "instrument_name": "ETH-19SEP25", "bids": [[4528.25, 4660.0], [4528.0, 7527.0], [4527.75, 21293.0], [4527.5, 1800.0], [4527.25, 4500.0], [4527.0, 1350.0], [4526.75, 4500.0], [4526.5, 533.0], [4525.5, 521.0], [4525.25, 2439.0], [4525.0, 8129.0], [4524.75, 2033.0], [4524.5, 5001.0], [4524.25, 520.0], [4524.0, 4164.0], [4523.75, 13880.0], [4523.25, 2355.0], [4523.0, 6075.0], [4521.75, 530.0], [4521.25, 529.0]], "asks": [[4528.5, 4060.0], [4529.0, 24000.0], [4529.5, 450.0], [4529.75, 4588.0], [4530.0, 15293.0], [4530.5, 521.0], [4530.75, 160.0], [4531.0, 211.0], [4531.25, 533.0], [4531.5, 1982.0], [4531.75, 6608.0], [4532.75, 4822.0], [4533.0, 23295.0], [4533.25, 30000.0], [4534.5, 535.0], [4534.75, 15156.0], [4535.0, 50520.0], [4535.25, 6837.0], [4535.5, 30404.0], [4535.75, 25382.0]]}}}
{"jsonrpc": "2.0", "method": "subscription", "params": {"channel": "book.ETH-19SEP25.none.20.100ms", "data": {"timestamp": 1758140641734, "change_id": 86919463466, "instrument_name": "ETH-19SEP25", "bids": [[4528.75, 4660.0], [4528.25, 9000.0], [4528.0, 5713.0], [4527.75, 19793.0], [4527.5, 1800.0], [4527.25, 4500.0], [4527.0, 1350.0], [4526.75, 4500.0], [4526.5, 533.0], [4525.5, 521.0], [4525.25, 2439.0], [4525.0, 8129.0], [4524.75, 2033.0], [4524.5, 5001.0], [4524.25, 520.0], [4524.0, 4164.0], [4523.75, 13880.0], [4523.25, 2355.0], [4523.0, 6075.0], [4521.75, 530.0]], "asks": [[4529.0, 39398.0], [4529.75, 4588.0], [4530.0, 16793.0], [4530.75, 160.0], [4531.0, 209.0], [4531.25, 14302.0], [4531.5, 1984.0], [4531.75, 6608.0], [4532.75, 533.0], [4533.0, 9000.0], [4533.25, 30521.0], [4534.5, 535.0], [4534.75, 15156.0], [4535.0, 50520.0], [4535.25, 6837.0], [4535.5, 30404.0], [4535.75, 25382.0], [4536.25, 787.0], [4536.5, 2622.0], [4536.75, 200.0]]}}}
{"jsonrpc": "2.0", "method": "subscription", "params": {"channel": "book.ETH-19SEP25.none.20.100ms", "data": {"timestamp": 1758140641932, "change_id": 86919463899, "instrument_name": "ETH-19SEP25", "bids": [[4528.75, 4660.0], [4528.25, 9000.0], [4528.0, 10213.0], [4527.75, 19793.0], [4527.5, 1800.0], [4527.25, 4500.0], [4527.0, 1350.0], [4526.75, 4500.0], [4526.5, 533.0], [4525.5, 521.0], [4525.25, 2439.0], [4525.0, 33156.0], [4524.75, 2033.0], [4524.5, 5001.0], [4524.25, 520.0], [4524.0, 11128.0], [4523.75, 38827.0], [4523.25, 2355.0], [4523.0, 6075.0], [4521.75, 530.0]], "asks": [[4529.0, 39398.0], [4529.25, 6467.0], [4529.5, 35752.0], [4529.75, 4588.0], [4530.0, 16793.0], [4530.75, 160.0], [4531.0, 209.0], [4531.25, 14302.0], [4531.5, 1984.0], [4531.75, 6608.0], [4532.75, 8148.0], [4533.0, 34382.0], [4533.25, 30521.0], [4534.5, 535.0], [4534.75, 15156.0], [4535.0, 50520.0], [4535.25, 6837.0], [4535.5, 22789.0], [4536.25, 787.0], [4536.5, 2622.0]]}}}
{"jsonrpc": "2.0", "method": "subscription", "params": {"channel": "book.ETH-19SEP25.none.20.100ms", "data": {"timestamp": 1758140642135, "change_id": 86919464129, "instrument_name": "ETH-19SEP25", "bids": [[4528.75, 4660.0], [4528.5, 3000.0], [4528.25, 6000.0], [4528.0, 10213.0], [4527.75, 19793.0], [4527.5, 1800.0], [4527.25, 4500.0], [4527.0, 1350.0], [4526.75, 4500.0], [4526.5, 533.0], [4525.5, 521.0], [4525.25, 2439.0], [4525.0, 33156.0], [4524.75, 2033.0], [4524.5, 5001.0], [4524.25, 520.0], [4524.0, 11128.0], [4523.75, 38827.0], [4523.25, 2355.0], [4523.0, 6075.0]], "asks": [[4529.0, 39398.0], [4529.25, 6467.0], [4529.5, 35752.0], [4529.75, 4588.0], [4530.0, 16793.0], [4530.75, 160.0], [4531.0, 209.0], [4531.25, 14302.0], [4531.5, 1984.0], [4531.75, 6608.0], [4532.75, 8148.0], [4533.0, 34382.0], [4533.25, 30521.0], [4534.5, 535.0], [4534.75, 15156.0], [4535.0, 50520.0], [4535.25, 6837.0], [4535.5, 22789.0], [4536.25, 787.0], [4536.5, 2622.0]]}}}
{"jsonrpc": "2.0", "method": "subscription", "params": {"channel": "book.ETH-19SEP25.none.20.100ms", "data": {"timestamp": 1758140642484, "change_id": 86919464438, "instrument_name": "ETH-19SEP25", "bids": [[4528.75, 4660.0], [4528.5, 3000.0], [4528.25, 6000.0], [4528.0, 10213.0], [4527.75, 19793.0], [4527.5, 1800.0], [4527.25, 4500.0], [4527.0, 1350.0], [4526.75, 4500.0], [4526.5, 533.0], [4525.5, 521.0], [4525.25, 2439.0], [4525.0, 33156.0], [4524.75, 2033.0], [4524.5, 5001.0], [4524.25, 520.0], [4524.0, 11128.0], [4523.75, 44902.0], [4523.25, 532.0], [4521.75, 530.0]], "asks": [[4529.0, 39398.0], [4529.25, 6467.0], [4529.5, 31252.0], [4529.75, 4588.0], [4530.0, 16793.0], [4530.75, 160.0], [4531.0, 209.0], [4531.25, 14302.0], [4531.5, 1984.0], [4531.75, 6608.0], [4532.75, 8148.0], [4533.0, 34382.0], [4533.25, 30521.0], [4534.5, 535.0], [4534.75, 15156.0], [4535.0, 50520.0], [4535.25, 6837.0], [4535.5, 22789.0], [4536.25, 787.0], [4536.5, 2622.0]]}}}
{"jsonrpc": "2.0", "method": "subscription", "params": {"channel": "book.ETH-19SEP25.none.20.100ms", "data": {"timestamp": 1758140643049, "change_id": 86919465324, "instrument_name": "ETH-19SEP25", "bids": [[4528.75, 4660.0], [4528.5, 3000.0], [4528.25, 7350.0], [4528.0, 6300.0], [4527.75, 4500.0], [4527.5, 1800.0], [4527.25, 4500.0], [4527.0, 1350.0], [4526.75, 4500.0], [4525.5, 521.0], [4525.25, 9642.0], [4525.0, 33156.0], [4524.75, 2033.0], [4524.5, 5001.0], [4524.25, 520.0], [4524.0, 11128.0], [4523.75, 44902.0], [4523.25, 532.0], [4521.75, 530.0], [4521.5, 14815.0]], "asks": [[4529.0, 12400.0], [4529.25, 6467.0], [4529.5, 55252.0], [4529.75, 4588.0], [4530.0, 16793.0], [4530.75, 160.0], [4531.0, 4264.0], [4531.25, 14302.0], [4531.5, 1984.0], [4531.75, 6608.0], [4532.75, 8148.0], [4533.0, 34382.0], [4533.25, 30521.0], [4534.5, 535.0], [4534.75, 15156.0], [4535.0, 50520.0], [4535.25, 6837.0], [4535.5, 22789.0], [4536.25, 787.0], [4536.5, 2622.0]]}}}
{"jsonrpc": "2.0", "method": "subscription", "params": {"channel": "book.ETH-19SEP25.none.20.100ms", "data": {"timestamp": 1758140643256, "change_id": 86919465437, "instrument_name": "ETH-19SEP25", "bids": [[4528.75, 4660.0], [4528.5, 3000.0], [4528.25, 7350.0], [4528.0, 10213.0], [4527.75, 19793.0], [4527.5, 1800.0], [4527.25, 4500.0], [4527.0, 1350.0], [4526.75, 4500.0], [4525.5, 521.0], [4525.25, 9642.0], [4525.0, 33156.0], [4524.75, 2033.0], [4524.5, 5001.0], [4524.25, 520.0], [4524.0, 11128.0], [4523.75, 44902.0], [4523.25, 532.0], [4521.75, 530.0], [4521.5, 14815.0]], "asks": [[4529.0, 16075.0], [4529.25, 6467.0], [4529.5, 55252.0], [4529.75, 4588.0], [4530.0, 16793.0], [4530.75, 160.0], [4531.0, 4264.0], [4531.25, 14302.0], [4531.5, 1984.0], [4531.75, 6608.0], [4532.75, 8148.0], [4533.0, 34382.0], [4533.25, 30521.0], [4534.5, 535.0], [4534.75, 15156.0], [4535.0, 50520.0], [4535.25, 6837.0], [4535.5, 22789.0], [4536.25, 787.0], [4536.5, 2622.0]]}}}
{"jsonrpc": "2.0", "method": "subscription", "params": {"channel": "book.ETH-19SEP25.none.20.100ms", "data": {"timestamp": 1758140643566, "change_id": 86919465724, "instrument_name": "ETH-19SEP25", "bids": [[4528.75, 4660.0], [4528.5, 3000.0], [4528.25, 6000.0], [4528.0, 10213.0], [4527.75, 19793.0], [4527.5, 1800.0], [4527.25, 4500.0], [4527.0, 1350.0], [4526.75, 4500.0], [4525.5, 521.0], [4525.25, 9642.0], [4525.0, 33156.0], [4524.75, 2033.0], [4524.5, 5001.0], [4524.25, 520.0], [4524.0, 11128.0], [4523.75, 44902.0], [4523.25, 532.0], [4521.75, 530.0], [4521.5, 14815.0]], "asks": [[4529.0, 16075.0], [4529.25, 6467.0], [4529.5, 55252.0], [4529.75, 4588.0], [4530.0, 16793.0], [4530.75, 160.0], [4531.0, 4264.0], [4531.25, 14302.0], [4531.5, 1984.0], [4531.75, 6608.0], [4532.75, 8148.0], [4533.0, 34382.0], [4533.25, 30521.0], [4534.5, 535.0], [4534.75, 15156.0], [4535.0, 50520.0], [4535.25, 6837.0], [4535.5, 22789.0], [4536.25, 787.0], [4536.5, 2622.0]]}}}
{"jsonrpc": "2.0", "method": "subscription", "params": {"channel": "book.ETH-19SEP25.none.20.100ms", "data": {"timestamp": 1758140643907, "change_id": 86919466184, "instrument_name": "ETH-19SEP25", "bids": [[4528.75, 4660.0], [4528.5, 3000.0], [4528.25, 7350.0], [4528.0, 10213.0], [4527.75, 19793.0], [4527.5, 1800.0], [4527.25, 4500.0], [4525.5, 521.0], [4525.25, 9642.0], [4525.0, 33156.0], [4524.75, 2033.0], [4524.5, 5001.0], [4524.25, 520.0], [4524.0, 11128.0], [4523.75, 44902.0], [4523.25, 532.0], [4521.75, 530.0], [4521.5, 14815.0], [4521.25, 49384.0], [4521.0, 10.0]], "asks": [[4529.0, 16075.0], [4529.25, 6467.0], [4529.5, 55252.0], [4529.75, 4588.0], [4530.0, 16793.0], [4530.75, 160.0], [4531.0, 4264.0], [4531.25, 14302.0], [4531.5, 1984.0], [4531.75, 6608.0], [4532.75, 8148.0], [4533.0, 34382.0], [4533.25, 30521.0], [4534.5, 535.0], [4534.75, 15156.0], [4535.0, 50520.0], [4535.25, 6837.0], [4535.5, 22789.0], [4536.25, 787.0], [4536.5, 2622.0]]}}}
{"jsonrpc": "2.0", "method": "subscription", "params": {"channel": "book.ETH-19SEP25.none.20.100ms", "data": {"timestamp": 1758140644918, "change_id": 86919467428, "instrument_name": "ETH-19SEP25", "bids": [[4528.75, 4660.0], [4528.5, 3000.0], [4528.25, 7350.0], [4528.0, 10213.0], [4527.75, 19793.0], [4525.5, 521.0], [4525.25, 9642.0], [4525.0, 33156.0], [4524.75, 2033.0], [4524.5, 5001.0], [4524.25, 520.0], [4524.0, 11128.0], [4523.75, 44902.0], [4523.25, 532.0], [4521.75, 530.0], [4521.5, 14815.0], [4521.25, 49384.0], [4521.0, 10.0], [4520.75, 533.0], [4520.5, 542.0]], "asks": [[4529.0, 16075.0], [4529.25, 30467.0], [4529.5, 31252.0], [4529.75, 4588.0], [4530.0, 16793.0], [4530.75, 160.0], [4531.0, 4264.0], [4531.25, 14302.0], [4531.5, 1984.0], [4531.75, 6608.0], [4532.75, 8148.0], [4533.0, 34382.0], [4533.25, 30521.0], [4534.5, 535.0], [4534.75, 15156.0], [4535.0, 50520.0], [4535.25, 6837.0], [4535.5, 22789.0], [4536.25, 787.0], [4536.5, 2622.0]]}}}
{"jsonrpc": "2.0", "method": "subscription", "params": {"channel": "book.ETH-19SEP25.none.20.100ms", "data": {"timestamp": 1758140645355, "change_id": 86919468629, "instrument_name": "ETH-19SEP25", "bids": [[4528.75, 21453.0], [4528.5, 4395.0], [4528.25, 5749.0], [4528.0, 5850.0], [4527.75, 4500.0], [4525.5, 521.0], [4525.25, 7203.0], [4525.0, 33156.0], [4524.75, 2033.0], [4524.5, 5001.0], [4524.25, 520.0], [4524.0, 12600.0], [4523.75, 44902.0], [4523.25, 532.0], [4521.75, 530.0], [4521.5, 14815.0], [4521.25, 49384.0], [4521.0, 10.0], [4520.75, 533.0], [4520.5, 542.0]], "asks": [[4529.25, 6955.0], [4529.5, 2047.0], [4529.75, 24000.0], [4530.5, 4588.0], [4530.75, 15293.0], [4531.0, 610.0], [4531.25, 2033.0], [4531.5, 2144.0], [4531.75, 6608.0], [4532.75, 8148.0], [4533.0, 34538.0], [4533.25, 30521.0], [4533.75, 4825.0], [4534.0, 14295.0], [4534.5, 535.0], [4534.75, 15156.0], [4535.0, 50520.0], [4535.25, 6837.0], [4535.5, 22789.0], [4536.25, 787.0]]}}}
{"jsonrpc": "2.0", "method": "subscription", "params": {"channel": "book.ETH-19SEP25.none.20.100ms", "data": {"timestamp": 1758140645546, "change_id": 86919468876, "instrument_name": "ETH-19SEP25", "bids": [[4528.75, 6160.0], [4528.5, 8764.0], [4528.25, 21042.0], [4528.0, 5850.0], [4527.75, 4500.0], [4525.5, 521.0], [4525.25, 7203.0], [4525.0, 33156.0], [4524.75, 2033.0], [4524.5, 5001.0], [4524.25, 520.0], [4524.0, 12600.0], [4523.75, 44902.0], [4523.25, 532.0], [4521.75, 530.0], [4521.5, 14815.0], [4521.25, 49384.0], [4521.0, 10.0], [4520.75, 533.0], [4520.5, 542.0]], "asks": [[4529.25, 10746.0], [4529.5, 2047.0], [4529.75, 24000.0], [4530.0, 4588.0], [4530.25, 15293.0], [4530.5, 450.0], [4530.75, 1500.0], [4531.25, 533.0], [4531.5, 6098.0], [4531.75, 20612.0], [4532.75, 8148.0], [4533.0, 34538.0], [4533.25, 30521.0], [4533.75, 536.0], [4534.5, 535.0], [4534.75, 15156.0], [4535.0, 50520.0], [4535.25, 6837.0], [4535.5, 22789.0], [4536.25, 787.0]]}}}
{"jsonrpc": "2.0", "method": "subscription", "params": {"channel": "book.ETH-19SEP25.none.20.100ms", "data": {"timestamp": 1758140645885, "change_id": 86919469422, "instrument_name": "ETH-19SEP25", "bids": [[4528.75, 6160.0], [4528.5, 13264.0], [4528.25, 19793.0], [4525.5, 521.0], [4525.25, 7203.0], [4525.0, 33156.0], [4524.75, 2033.0], [4524.5, 5001.0], [4524.25, 520.0], [4524.0, 12600.0], [4523.75, 44902.0], [4521.75, 530.0], [4521.5, 14815.0], [4521.25, 49384.0], [4521.0, 10.0], [4520.75, 533.0], [4520.5, 542.0], [4520.25, 1805.0], [4520.0, 27171.0], [4519.75, 92044.0]], "asks": [[4529.25, 10746.0], [4529.5, 5247.0], [4529.75, 26964.0], [4530.0, 35844.0], [4530.25, 15293.0], [4530.5, 450.0], [4530.75, 1500.0], [4531.25, 533.0], [4531.5, 6098.0], [4531.75, 20612.0], [4532.75, 8148.0], [4533.0, 34538.0], [4533.25, 30521.0], [4534.5, 535.0], [4534.75, 15156.0], [4535.0, 50520.0], [4535.25, 6837.0], [4535.5, 22789.0], [4536.25, 787.0], [4536.5, 2622.0]]}}}
{"jsonrpc": "2.0", "method": "subscription", "params": {"channel": "book.ETH-19SEP25.none.20.100ms", "data": {"timestamp": 1758140646139, "change_id": 86919469824, "instrument_name": "ETH-19SEP25", "bids": [[4528.75, 9160.0], [4528.5, 10264.0], [4528.25, 19793.0], [4525.5, 521.0], [4525.25, 7203.0], [4525.0, 33156.0], [4524.75, 2033.0], [4524.5, 5001.0], [4524.25, 520.0], [4524.0, 12600.0], [4523.75, 44902.0], [4521.75, 530.0], [4521.5, 14815.0], [4521.25, 49384.0], [4521.0, 10.0], [4520.75, 533.0], [4520.5, 542.0], [4520.25, 1805.0], [4520.0, 27171.0], [4519.75, 92044.0]], "asks": [[4529.25, 10746.0], [4529.5, 5247.0], [4529.75, 26964.0], [4530.0, 35844.0], [4530.25, 15293.0], [4530.5, 450.0], [4530.75, 1500.0], [4531.25, 533.0], [4531.5, 6098.0], [4531.75, 20612.0], [4532.75, 8148.0], [4533.0, 34538.0], [4533.25, 30521.0], [4534.5, 535.0], [4534.75, 15156.0], [4535.0, 50520.0], [4535.25, 6837.0], [4535.5, 22789.0], [4536.25, 787.0], [4536.5, 2622.0]]}}}
{"jsonrpc": "2.0", "method": "subscription", "params": {"channel": "book.ETH-19SEP25.none.20.100ms", "data": {"timestamp": 1758140646656, "change_id": 86919470865, "instrument_name": "ETH-19SEP25", "bids": [[4528.75, 7660.0], [4528.5, 4500.0], [4528.25, 4500.0], [4527.75, 1500.0], [4527.5, 4588.0], [4527.25, 15293.0], [4526.25, 536.0], [4526.0, 3390.0], [4525.75, 11301.0], [4525.5, 521.0], [4525.25, 7203.0], [4525.0, 25027.0], [4524.75, 2033.0], [4524.5, 5001.0], [4524.25, 520.0], [4524.0, 6964.0], [4523.75, 31558.0], [4522.75, 4689.0], [4522.5, 13842.0], [4521.75, 530.0]], "asks": [[4529.25, 35706.0], [4529.5, 6928.0], [4529.75, 23081.0], [4530.0, 35844.0], [4530.25, 1500.0], [4531.0, 160.0], [4531.25, 533.0], [4531.5, 5938.0], [4531.75, 20612.0], [4532.75, 8148.0], [4533.0, 34538.0], [4533.25, 30521.0], [4534.5, 535.0], [4534.75, 15156.0], [4535.0, 50520.0], [4535.25, 6837.0], [4535.5, 22789.0], [4536.25, 787.0], [4536.5, 2622.0], [4536.75, 200.0]]}}}
{"jsonrpc": "2.0", "method": "subscription", "params": {"channel": "book.ETH-19SEP25.none.20.100ms", "data": {"timestamp": 1758140646895, "change_id": 86919471161, "instrument_name": "ETH-19SEP25", "bids": [[4528.75, 4660.0], [4528.5, 3000.0], [4527.75, 1500.0], [4527.5, 4588.0], [4527.25, 15293.0], [4526.25, 536.0], [4526.0, 3390.0], [4525.75, 11301.0], [4525.5, 521.0], [4525.25, 7203.0], [4525.0, 25027.0], [4524.75, 2033.0], [4524.5, 5001.0], [4524.25, 520.0], [4524.0, 6964.0], [4523.75, 31558.0], [4522.75, 4689.0], [4522.5, 13842.0], [4521.75, 530.0], [4521.5, 14815.0]], "asks": [[4529.0, 4400.0], [4529.25, 35706.0], [4529.5, 6928.0], [4529.75, 23081.0], [4530.0, 35844.0], [4530.25, 1500.0], [4531.0, 160.0], [4531.25, 533.0], [4531.5, 5938.0], [4531.75, 20612.0], [4532.75, 8148.0], [4533.0, 34538.0], [4533.25, 30521.0], [4534.5, 535.0], [4534.75, 15156.0], [4535.0, 50520.0], [4535.25, 6837.0], [4535.5, 22789.0], [4536.25, 787.0], [4536.5, 2622.0]]}}}
{"jsonrpc": "2.0", "method": "subscription", "params": {"channel": "book.ETH-19SEP25.none.20.100ms", "data": {"timestamp": 1758140647348, "change_id": 86919472358, "instrument_name": "ETH-19SEP25", "bids": [[4529.25, 4660.0], [4529.0, 2250.0], [4528.75, 13588.0], [4528.5, 15293.0], [4528.25, 1350.0], [4528.0, 4950.0], [4526.25, 536.0], [4526.0, 3390.0], [4525.75, 11301.0], [4525.5, 521.0], [4525.25, 7203.0], [4525.0, 25027.0], [4524.75, 2033.0], [4524.5, 9302.0], [4524.25, 21821.0], [4524.0, 26930.0], [4523.75, 6611.0], [4522.75, 536.0], [4521.75, 530.0], [4521.5, 14815.0]], "asks": [[4529.75, 24000.0], [4530.25, 4588.0], [4530.5, 15293.0], [4530.75, 498.0], [4531.0, 1500.0], [4531.5, 4161.0], [4531.75, 14697.0], [4532.0, 2.0], [4532.5, 1982.0], [4532.75, 14223.0], [4533.0, 34538.0], [4533.25, 30521.0], [4534.5, 535.0], [4534.75, 15156.0], [4535.0, 50520.0], [4535.25, 6837.0], [4535.5, 22789.0], [4536.25, 787.0], [4536.5, 2622.0], [4536.75, 200.0]]}}}
{"jsonrpc": "2.0", "method": "subscription", "params": {"channel": "book.ETH-19SEP25.none.20.100ms", "data": {"timestamp": 1758140647449, "change_id": 86919472541, "instrument_name": "ETH-19SEP25", "bids": [[4529.25, 4660.0], [4529.0, 2250.0], [4528.75, 13588.0], [4528.5, 15293.0], [4528.25, 1350.0], [4528.0, 4950.0], [4526.25, 536.0], [4526.0, 3390.0], [4525.75, 11301.0], [4525.5, 521.0], [4525.25, 7203.0], [4525.0, 25027.0], [4524.75, 2033.0], [4524.5, 9302.0], [4524.25, 21821.0], [4524.0, 26930.0], [4523.75, 6611.0], [4522.75, 536.0], [4521.75, 530.0], [4521.5, 14815.0]], "asks": [[4529.5, 12396.0], [4529.75, 24000.0], [4530.25, 4588.0], [4530.5, 15293.0], [4530.75, 498.0], [4531.0, 1500.0], [4531.5, 4161.0], [4531.75, 14697.0], [4532.0, 2.0], [4532.5, 1982.0], [4532.75, 14223.0], [4533.0, 34538.0], [4533.25, 30521.0], [4534.5, 535.0], [4534.75, 15156.0], [4535.0, 50520.0], [4535.25, 6837.0], [4535.5, 22789.0], [4536.25, 787.0], [4536.5, 2622.0]]}}}
{"jsonrpc": "2.0", "method": "subscription", "params": {"channel": "book.ETH-19SEP25.none.20.100ms", "data": {"timestamp": 1758140647949, "change_id": 86919473185, "instrument_name": "ETH-19SEP25", "bids": [[4529.25, 4660.0], [4529.0, 2250.0], [4528.75, 13588.0], [4528.5, 16643.0], [4528.25, 4500.0], [4526.25, 536.0], [4526.0, 3390.0], [4525.75, 11301.0], [4525.5, 521.0], [4525.25, 7203.0], [4525.0, 25027.0], [4524.75, 2033.0], [4524.5, 9302.0], [4524.25, 21821.0], [4524.0, 26930.0], [4523.75, 6611.0], [4522.75, 536.0], [4521.75, 530.0], [4521.5, 14815.0], [4521.25, 49384.0]], "asks": [[4529.5, 12396.0], [4529.75, 24000.0], [4530.25, 4588.0], [4530.5, 37096.0], [4530.75, 498.0], [4531.0, 1500.0], [4531.5, 4161.0], [4531.75, 14697.0], [4532.0, 2.0], [4532.5, 1982.0], [4532.75, 14223.0], [4533.0, 34538.0], [4533.25, 30521.0], [4534.5, 535.0], [4534.75, 15156.0], [4535.0, 50520.0], [4535.25, 6837.0], [4535.5, 22789.0], [4536.25, 787.0], [4536.5, 2622.0]]}}}
{"jsonrpc": "2.0", "method": "subscription", "params": {"channel": "book.ETH-19SEP25.none.20.100ms", "data": {"timestamp": 1758140648307, "change_id": 86919473707, "instrument_name": "ETH-19SEP25", "bids": [[4529.25, 4660.0], [4529.0, 5250.0], [4528.75, 10588.0], [4528.5, 16643.0], [4528.25, 4500.0], [4526.25, 536.0], [4526.0, 3390.0], [4525.75, 11301.0], [4525.5, 521.0], [4525.25, 7203.0], [4525.0, 25027.0], [4524.75, 2033.0], [4524.5, 34249.0], [4524.25, 14337.0], [4524.0, 1983.0], [4523.75, 6611.0], [4521.75, 530.0], [4521.5, 14815.0], [4521.25, 49384.0], [4521.0, 10.0]], "asks": [[4529.5, 15150.0], [4529.75, 24000.0], [4530.25, 4588.0], [4530.5, 15293.0], [4530.75, 498.0], [4531.0, 1500.0], [4531.5, 4161.0], [4531.75, 14697.0], [4532.0, 2.0], [4532.5, 1982.0], [4532.75, 14223.0], [4533.0, 34538.0], [4533.25, 30521.0], [4534.5, 535.0], [4534.75, 15156.0], [4535.0, 50520.0], [4535.25, 6837.0], [4535.5, 22789.0], [4536.25, 787.0], [4536.5, 2622.0]]}}}
{"jsonrpc": "2.0", "method": "subscription", "params": {"channel": "book.ETH-19SEP25.none.20.100ms", "data": {"timestamp": 1758140648631, "change_id": 86919475903, "instrument_name": "ETH-19SEP25", "bids": [[4530.25, 4660.0], [4529.75, 5850.0], [4529.5, 10888.0], [4529.25, 22150.0], [4529.0, 3000.0], [4526.25, 536.0], [4526.0, 3390.0], [4525.75, 11301.0], [4525.5, 521.0], [4525.25, 7508.0], [4525.0, 25027.0], [4524.75, 533.0], [4524.5, 29948.0], [4524.25, 14337.0], [4523.75, 6611.0], [4521.75, 530.0], [4521.5, 14815.0], [4521.25, 49384.0], [4521.0, 10.0], [4520.75, 533.0]], "asks": [[4530.75, 24000.0], [4531.0, 1350.0], [4531.25, 4500.0], [4531.5, 15293.0], [4532.0, 1500.0], [4532.25, 2.0], [4532.5, 160.0], [4532.75, 6608.0], [4533.0, 9156.0], [4533.25, 30521.0], [4534.25, 13953.0], [4534.5, 535.0], [4535.0, 75902.0], [4535.5, 22789.0], [4536.5, 2622.0], [4536.75, 200.0], [4537.5, 529.0], [4538.25, 2636.0], [4539.0, 10.0], [4539.5, 14030.0]]}}}
{"jsonrpc": "2.0", "method": "subscription", "params": {"channel": "book.ETH-19SEP25.none.20.100ms", "data": {"timestamp": 1758140648933, "change_id": 86919477045, "instrument_name": "ETH-19SEP25", "bids": [[4530.25, 4660.0], [4530.0, 5769.0], [4529.75, 22643.0], [4529.5, 6300.0], [4529.25, 5357.0], [4529.0, 3000.0], [4526.25, 536.0], [4526.0, 3390.0], [4525.75, 11301.0], [4525.5, 521.0], [4525.25, 7508.0], [4525.0, 32671.0], [4524.75, 26980.0], [4524.5, 9302.0], [4524.25, 14337.0], [4524.0, 1983.0], [4523.75, 6611.0], [4521.75, 530.0], [4521.5, 14815.0], [4521.25, 49384.0]], "asks": [[4530.75, 36409.0], [4531.0, 1350.0], [4531.25, 9088.0], [4531.5, 15293.0], [4531.75, 450.0], [4532.0, 1500.0], [4532.25, 2.0], [4532.5, 2142.0], [4532.75, 6608.0], [4533.25, 521.0], [4534.0, 4186.0], [4534.25, 13953.0], [4534.5, 535.0], [4534.75, 22771.0], [4535.0, 75902.0], [4535.5, 22789.0], [4536.5, 2622.0], [4536.75, 200.0], [4537.5, 529.0], [4538.25, 2636.0]]}}}
{"jsonrpc": "2.0", "method": "subscription", "params": {"channel": "book.ETH-19SEP25.none.20.100ms", "data": {"timestamp": 1758140649341, "change_id": 86919477887, "instrument_name": "ETH-19SEP25", "bids": [[4530.25, 4660.0], [4530.0, 5769.0], [4529.75, 25643.0], [4529.5, 5715.0], [4529.25, 4500.0], [4526.25, 536.0], [4526.0, 3390.0], [4525.75, 11301.0], [4525.5, 521.0], [4525.25, 7508.0], [4525.0, 32671.0], [4524.75, 26980.0], [4524.5, 9302.0], [4524.25, 14337.0], [4524.0, 1983.0], [4523.75, 6611.0], [4521.75, 530.0], [4521.5, 14815.0], [4521.25, 49384.0], [4521.0, 10.0]], "asks": [[4530.75, 40318.0], [4531.0, 1350.0], [4531.25, 9088.0], [4531.5, 15293.0], [4531.75, 450.0], [4532.0, 1500.0], [4532.25, 2.0], [4532.5, 2142.0], [4532.75, 6608.0], [4533.25, 521.0], [4534.0, 4186.0], [4534.25, 13953.0], [4534.5, 535.0], [4534.75, 22771.0], [4535.0, 75902.0], [4535.25, 6837.0], [4535.5, 22789.0], [4536.25, 787.0], [4536.5, 2622.0], [4536.75, 200.0]]}}}
{"jsonrpc": "2.0", "method": "subscription", "params": {"channel": "book.ETH-19SEP25.none.20.100ms", "data": {"timestamp": 1758140649646, "change_id": 86919479409, "instrument_name": "ETH-19SEP25", "bids": [[4530.5, 19793.0], [4530.25, 7156.0], [4530.0, 5466.0], [4529.75, 8486.0], [4529.5, 4500.0], [4528.75, 536.0], [4527.75, 12945.0], [4527.0, 4269.0], [4526.75, 14231.0], [4526.25, 536.0], [4525.5, 521.0], [4525.25, 5215.0], [4525.0, 25027.0], [4524.75, 25480.0], [4524.5, 5001.0], [4524.25, 520.0], [4524.0, 1983.0], [4523.75, 6611.0], [4521.75, 530.0], [4521.25, 49384.0]], "asks": [[4530.75, 3909.0], [4531.25, 24000.0], [4532.75, 7575.0], [4533.0, 2.0], [4533.25, 681.0], [4534.25, 13953.0], [4534.5, 535.0], [4535.0, 75902.0], [4535.25, 6837.0], [4535.5, 22789.0], [4536.5, 2622.0], [4536.75, 200.0], [4537.5, 529.0], [4538.25, 2636.0], [4539.0, 10.0], [4539.5, 14030.0], [4540.25, 540.0], [4541.25, 90537.0], [4541.75, 4023.0], [4543.25, 40000.0]]}}}
{"jsonrpc": "2.0", "method": "subscription", "params": {"channel": "book.ETH-19SEP25.none.20.100ms", "data": {"timestamp": 1758140650001, "change_id": 86919481075, "instrument_name": "ETH-19SEP25", "bids": [[4531.0, 6010.0], [4530.75, 11938.0], [4530.5, 21593.0], [4530.25, 5496.0], [4530.0, 5400.0], [4529.75, 3000.0], [4528.75, 536.0], [4528.0, 3884.0], [4527.75, 12945.0], [4527.0, 4269.0], [4526.75, 14231.0], [4526.25, 536.0], [4525.5, 521.0], [4525.25, 5215.0], [4525.0, 32671.0], [4524.75, 26980.0], [4524.5, 5001.0], [4524.25, 520.0], [4524.0, 1983.0], [4523.75, 6611.0]], "asks": [[4531.5, 12415.0], [4531.75, 24000.0], [4532.25, 4588.0], [4532.5, 17566.0], [4532.75, 7735.0], [4533.5, 536.0], [4533.75, 2.0], [4534.0, 4722.0], [4534.25, 13953.0], [4534.5, 535.0], [4534.75, 15156.0], [4535.0, 50520.0], [4535.25, 6837.0], [4535.5, 22789.0], [4536.5, 2622.0], [4536.75, 25582.0], [4537.5, 529.0], [4538.25, 2636.0], [4539.0, 10.0], [4539.5, 14030.0]]}}}
{"jsonrpc": "2.0", "method": "subscription", "params": {"channel": "book.ETH-19SEP25.none.20.100ms", "data": {"timestamp": 1758140650274, "change_id": 86919481648, "instrument_name": "ETH-19SEP25", "bids": [[4531.0, 6460.0], [4530.75, 11938.0], [4530.5, 24593.0], [4530.25, 5496.0], [4530.0, 4500.0], [4528.75, 536.0], [4528.0, 3884.0], [4527.75, 12945.0], [4527.0, 4269.0], [4526.75, 14231.0], [4526.25, 536.0], [4525.5, 521.0], [4525.25, 5215.0], [4525.0, 32671.0], [4524.75, 26980.0], [4524.5, 5001.0], [4524.25, 520.0], [4524.0, 1983.0], [4523.75, 6611.0], [4521.75, 530.0]], "asks": [[4531.5, 12415.0], [4531.75, 24000.0], [4532.25, 4588.0], [4532.5, 17566.0], [4532.75, 7735.0], [4533.5, 536.0], [4533.75, 2.0], [4534.0, 4722.0], [4534.25, 13953.0], [4534.5, 535.0], [4534.75, 15156.0], [4535.0, 50520.0], [4535.25, 6837.0], [4535.5, 22789.0], [4536.25, 787.0], [4536.5, 10297.0], [4536.75, 25582.0], [4537.5, 529.0], [4538.0, 791.0], [4538.25, 2636.0]]}}}
{"jsonrpc": "2.0", "method": "subscription", "params": {"channel": "book.ETH-19SEP25.none.20.100ms", "data": {"timestamp": 1758140650665, "change_id": 86919482207, "instrument_name": "ETH-19SEP25", "bids": [[4531.0, 4660.0], [4530.75, 11938.0], [4530.5, 24593.0], [4530.25, 5496.0], [4530.0, 4500.0], [4528.75, 536.0], [4528.0, 3884.0], [4527.75, 12945.0], [4527.0, 4269.0], [4526.75, 14231.0], [4526.25, 536.0], [4525.5, 521.0], [4525.25, 5215.0], [4525.0, 32671.0], [4524.75, 26980.0], [4524.5, 5001.0], [4524.25, 520.0], [4524.0, 1983.0], [4523.75, 6611.0], [4521.75, 530.0]], "asks": [[4531.5, 16551.0], [4531.75, 24000.0], [4532.25, 7972.0], [4532.5, 48839.0], [4532.75, 7735.0], [4533.5, 536.0], [4533.75, 2.0], [4534.0, 4722.0], [4534.25, 13953.0], [4534.5, 535.0], [4534.75, 15156.0], [4535.0, 50520.0], [4535.25, 6837.0], [4535.5, 22789.0], [4536.25, 787.0], [4536.5, 10297.0], [4536.75, 25582.0], [4537.5, 529.0], [4538.0, 791.0], [4538.25, 2636.0]]}}}
{"jsonrpc": "2.0", "method": "subscription", "params": {"channel": "book.ETH-19SEP25.none.20.100ms", "data": {"timestamp": 1758140650946, "change_id": 86919482941, "instrument_name": "ETH-19SEP25", "bids": [[4531.0, 4660.0], [4530.75, 11938.0], [4530.5, 22793.0], [4528.75, 536.0], [4528.0, 3884.0], [4527.75, 12945.0], [4527.0, 4269.0], [4526.75, 14231.0], [4525.5, 521.0], [4525.25, 5215.0], [4525.0, 32671.0], [4524.75, 26980.0], [4524.5, 5001.0], [4524.25, 520.0], [4524.0, 1983.0], [4523.75, 6611.0], [4521.75, 530.0], [4521.5, 14815.0], [4521.25, 49384.0], [4521.0, 10.0]], "asks": [[4531.5, 40551.0], [4532.25, 12042.0], [4532.5, 48839.0], [4532.75, 7735.0], [4533.5, 536.0], [4533.75, 2.0], [4534.0, 4722.0], [4534.25, 13953.0], [4534.5, 535.0], [4534.75, 15156.0], [4535.0, 50520.0], [4535.25, 6837.0], [4535.5, 22789.0], [4536.25, 787.0], [4536.5, 10297.0], [4536.75, 25582.0], [4537.5, 529.0], [4538.0, 791.0], [4538.25, 2636.0], [4539.0, 10.0]]}}}
