{"jsonrpc": "2.0", "method": "subscription", "params": {"channel": "book.ETH-14MAR25.none.20.100ms", "data": {"timestamp": 1741378955052, "change_id": 61335981699, "instrument_name": "ETH-14MAR25", "bids": [[2174.75, 4076.0], [2174.5, 11481.0], [2174.25, 3484.0], [2174.0, 5527.0], [2173.75, 2324.0], [2173.5, 2392.0], [2173.25, 6134.0], [2173.0, 26657.0], [2172.75, 48252.0], [2172.5, 14060.0], [2172.25, 1531.0], [2172.0, 8848.0], [2171.75, 52390.0], [2171.5, 106101.0], [2171.25, 51202.0], [2170.0, 1220.0], [2169.75, 51512.0], [2169.25, 1706.0], [2169.0, 1208.0], [2168.0, 1199.0]], "asks": [[2175.25, 2420.0], [2175.5, 5246.0], [2175.75, 12420.0], [2176.0, 5891.0], [2176.25, 2982.0], [2176.5, 2392.0], [2176.75, 2392.0], [2177.0, 2811.0], [2177.25, 10997.0], [2177.5, 29586.0], [2177.75, 9819.0], [2178.0, 1524.0], [2178.25, 1524.0], [2178.5, 8934.0], [2178.75, 40891.0], [2179.0, 51594.0], [2179.25, 1549.0], [2179.5, 1579.0], [2179.75, 1466.0], [2180.0, 1575.0]]}}}
{"jsonrpc": "2.0", "method": "subscription", "params": {"channel": "book.ETH-21MAR25.none.20.100ms", "data": {"timestamp": 1741378954910, "change_id": 61335981369, "instrument_name": "ETH-21MAR25", "bids": [[2177.25, 10120.0], [2176.75, 956.0], [2176.5, 3188.0], [2175.75, 4517.0], [2175.5, 25096.0], [2175.25, 8620.0], [2175.0, 27000.0], [2174.75, 90000.0], [2174.0, 13113.0], [2173.75, 50408.0], [2173.5, 21913.0], [2172.0, 500.0], [2171.75, 44523.0], [2171.5, 5.0], [2171.0, 180000.0], [2169.5, 40000.0], [2167.25, 5.0], [2165.0, 500.0], [2164.0, 40500.0], [2162.75, 45098.0]], "asks": [[2178.25, 956.0], [2178.5, 6255.0], [2178.75, 15176.0], [2179.0, 17431.0], [2179.75, 300.0], [2180.0, 5424.0], [2180.25, 17303.0], [2180.5, 8516.0], [2180.75, 6749.0], [2181.0, 22500.0], [2181.5, 13152.0], [2181.75, 43840.0], [2183.25, 500.0], [2184.25, 44013.0], [2184.5, 5.0], [2185.5, 90000.0], [2185.75, 40000.0], [2187.75, 500.0], [2188.0, 45226.0], [2189.0, 5.0]]}}}
{"jsonrpc": "2.0", "method": "subscription", "params": {"channel": "book.ETH-14MAR25.none.20.100ms", "data": {"timestamp": 1741378955393, "change_id": 61335982149, "instrument_name": "ETH-14MAR25", "bids": [[2175.0, 1221.0], [2174.75, 2276.0], [2174.5, 4445.0], [2174.25, 13484.0], [2174.0, 5527.0], [2173.75, 2324.0], [2173.5, 2392.0], [2173.25, 8331.0], [2173.0, 35541.0], [2172.75, 45330.0], [2172.5, 5789.0], [2172.25, 1531.0], [2172.0, 8848.0], [2171.75, 52390.0], [2171.5, 106101.0], [2171.25, 51202.0], [2170.0, 1220.0], [2169.75, 51512.0], [2169.25, 1706.0], [2169.0, 1208.0]], "asks": [[2175.5, 5246.0], [2175.75, 12420.0], [2176.0, 5891.0], [2176.25, 2982.0], [2176.5, 2392.0], [2176.75, 2392.0], [2177.0, 2811.0], [2177.25, 10997.0], [2177.5, 29586.0], [2177.75, 9819.0], [2178.0, 1524.0], [2178.25, 1524.0], [2178.5, 8934.0], [2178.75, 40891.0], [2179.0, 51594.0], [2179.25, 1549.0], [2179.5, 1579.0], [2179.75, 1466.0], [2180.0, 1575.0], [2180.25, 1694.0]]}}}
{"jsonrpc": "2.0", "method": "subscription", "params": {"channel": "book.ETH-21MAR25.none.20.100ms", "data": {"timestamp": 1741378955326, "change_id": 61335982100, "instrument_name": "ETH-21MAR25", "bids": [[2177.25, 10120.0], [2176.75, 956.0], [2176.5, 3188.0], [2175.75, 5.0], [2175.5, 8272.0], [2175.0, 49510.0], [2174.75, 90000.0], [2174.0, 13113.0], [2173.75, 50408.0], [2173.5, 21913.0], [2172.0, 13857.0], [2171.75, 44523.0], [2171.5, 5.0], [2171.0, 180000.0], [2169.5, 40000.0], [2167.25, 5.0], [2165.0, 500.0], [2164.0, 40500.0], [2162.75, 45098.0], [2162.0, 40000.0]], "asks": [[2178.25, 3873.0], [2178.5, 13732.0], [2178.75, 5176.0], [2179.0, 17431.0], [2179.25, 4424.0], [2179.5, 14748.0], [2179.75, 300.0], [2180.0, 1000.0], [2180.25, 2555.0], [2180.5, 8516.0], [2180.75, 6749.0], [2181.0, 22500.0], [2181.5, 13152.0], [2181.75, 43840.0], [2183.25, 500.0], [2184.25, 44013.0], [2184.5, 5.0], [2185.5, 90000.0], [2185.75, 40000.0], [2187.75, 500.0]]}}}
{"jsonrpc": "2.0", "method": "subscription", "params": {"channel": "book.ETH-14MAR25.none.20.100ms", "data": {"timestamp": 1741378955669, "change_id": 61335982739, "instrument_name": "ETH-14MAR25", "bids": [[2175.0, 800.0], [2174.75, 5677.0], [2174.5, 12545.0], [2174.25, 3484.0], [2174.0, 5527.0], [2173.75, 2324.0], [2173.5, 2392.0], [2173.25, 8331.0], [2173.0, 35541.0], [2172.75, 45330.0], [2172.5, 5789.0], [2172.25, 1531.0], [2172.0, 8848.0], [2171.75, 52390.0], [2171.5, 106101.0], [2171.25, 51202.0], [2170.0, 1220.0], [2169.75, 51512.0], [2169.25, 1706.0], [2169.0, 1208.0]], "asks": [[2175.25, 1.0], [2175.5, 240.0], [2175.75, 2420.0], [2176.0, 8854.0], [2176.25, 12982.0], [2176.5, 2392.0], [2176.75, 2392.0], [2177.0, 2811.0], [2177.25, 10997.0], [2177.5, 29586.0], [2177.75, 9819.0], [2178.0, 1524.0], [2178.25, 1524.0], [2178.5, 8934.0], [2178.75, 40891.0], [2179.0, 51594.0], [2179.25, 1549.0], [2179.5, 1579.0], [2179.75, 1466.0], [2180.0, 1575.0]]}}}
{"jsonrpc": "2.0", "method": "subscription", "params": {"channel": "book.ETH-21MAR25.none.20.100ms", "data": {"timestamp": 1741378955663, "change_id": 61335982734, "instrument_name": "ETH-21MAR25", "bids": [[2177.5, 3156.0], [2177.25, 10000.0], [2176.75, 956.0], [2176.5, 3188.0], [2175.75, 5.0], [2175.5, 8272.0], [2175.0, 49510.0], [2174.75, 90000.0], [2174.0, 13113.0], [2173.75, 50408.0], [2173.5, 21913.0], [2172.0, 13857.0], [2171.75, 44523.0], [2171.5, 5.0], [2171.0, 180000.0], [2169.5, 40000.0], [2167.25, 5.0], [2165.0, 500.0], [2164.0, 40500.0], [2162.75, 45098.0]], "asks": [[2178.25, 956.0], [2178.5, 3612.0], [2178.75, 3000.0], [2179.0, 10120.0], [2179.25, 4424.0], [2179.5, 14748.0], [2179.75, 300.0], [2180.0, 1000.0], [2180.25, 2555.0], [2180.5, 8516.0], [2180.75, 6749.0], [2181.0, 22500.0], [2181.5, 13152.0], [2181.75, 43840.0], [2183.25, 500.0], [2184.25, 44013.0], [2184.5, 5.0], [2185.5, 90000.0], [2185.75, 40000.0], [2187.75, 500.0]]}}}
{"jsonrpc": "2.0", "method": "subscription", "params": {"channel": "book.ETH-14MAR25.none.20.100ms", "data": {"timestamp": 1741378956052, "change_id": 61335984060, "instrument_name": "ETH-14MAR25", "bids": [[2175.25, 800.0], [2175.0, 4357.0], [2174.75, 12717.0], [2174.5, 2545.0], [2174.25, 3484.0], [2174.0, 5527.0], [2173.75, 2324.0], [2173.5, 2392.0], [2173.25, 8331.0], [2173.0, 35541.0], [2172.75, 45330.0], [2172.5, 5789.0], [2172.25, 1531.0], [2172.0, 8848.0], [2171.75, 52390.0], [2171.5, 106101.0], [2171.25, 51202.0], [2170.0, 1220.0], [2169.75, 51512.0], [2169.25, 1706.0]], "asks": [[2175.5, 1.0], [2175.75, 6010.0], [2176.0, 14707.0], [2176.25, 2808.0], [2176.5, 2982.0], [2176.75, 2392.0], [2177.0, 2811.0], [2177.25, 10997.0], [2177.5, 29586.0], [2177.75, 9819.0], [2178.0, 1524.0], [2178.25, 1524.0], [2178.5, 8934.0], [2178.75, 40891.0], [2179.0, 51594.0], [2179.25, 1549.0], [2179.5, 1579.0], [2179.75, 1466.0], [2180.0, 1575.0], [2180.25, 1694.0]]}}}
{"jsonrpc": "2.0", "method": "subscription", "params": {"channel": "book.ETH-21MAR25.none.20.100ms", "data": {"timestamp": 1741378955964, "change_id": 61335983536, "instrument_name": "ETH-21MAR25", "bids": [[2177.5, 10544.0], [2176.75, 956.0], [2176.5, 3188.0], [2175.75, 5.0], [2175.5, 8272.0], [2175.0, 49510.0], [2174.75, 90000.0], [2174.0, 13113.0], [2173.75, 50408.0], [2173.5, 21913.0], [2172.0, 13857.0], [2171.75, 44523.0], [2171.5, 5.0], [2171.0, 180000.0], [2169.5, 40000.0], [2167.25, 5.0], [2165.0, 500.0], [2164.0, 40500.0], [2162.75, 45098.0], [2162.0, 40000.0]], "asks": [[2178.5, 3612.0], [2178.75, 3000.0], [2179.0, 10120.0], [2179.25, 4424.0], [2179.5, 14748.0], [2179.75, 300.0], [2180.0, 1000.0], [2180.25, 2555.0], [2180.5, 8516.0], [2180.75, 6749.0], [2181.0, 22500.0], [2181.5, 13152.0], [2181.75, 43840.0], [2183.25, 500.0], [2184.25, 44013.0], [2184.5, 5.0], [2185.5, 90000.0], [2185.75, 40000.0], [2187.75, 500.0], [2188.0, 45226.0]]}}}
{"jsonrpc": "2.0", "method": "subscription", "params": {"channel": "book.ETH-14MAR25.none.20.100ms", "data": {"timestamp": 1741378956337, "change_id": 61335984524, "instrument_name": "ETH-14MAR25", "bids": [[2175.25, 800.0], [2175.0, 4357.0], [2174.75, 12717.0], [2174.5, 2545.0], [2174.25, 3484.0], [2174.0, 5527.0], [2173.75, 2324.0], [2173.5, 2392.0], [2173.25, 8331.0], [2173.0, 35541.0], [2172.75, 45330.0], [2172.5, 5789.0], [2172.25, 1531.0], [2172.0, 8848.0], [2171.75, 52390.0], [2171.5, 106101.0], [2171.25, 51202.0], [2170.0, 1220.0], [2169.75, 51512.0], [2169.25, 1706.0]], "asks": [[2175.5, 1.0], [2175.75, 6010.0], [2176.0, 14707.0], [2176.25, 2808.0], [2176.5, 2982.0], [2176.75, 2392.0], [2177.0, 2811.0], [2177.25, 10997.0], [2177.5, 29586.0], [2177.75, 9819.0], [2178.0, 1524.0], [2178.25, 1524.0], [2178.5, 8934.0], [2178.75, 45211.0], [2179.0, 51594.0], [2179.25, 1549.0], [2179.5, 1579.0], [2179.75, 1466.0], [2180.0, 1575.0], [2180.25, 1694.0]]}}}
{"jsonrpc": "2.0", "method": "subscription", "params": {"channel": "book.ETH-14MAR25.none.20.100ms", "data": {"timestamp": 1741378956713, "change_id": 61335985124, "instrument_name": "ETH-14MAR25", "bids": [[2175.25, 800.0], [2175.0, 4357.0], [2174.75, 12717.0], [2174.5, 2545.0], [2174.25, 3484.0], [2174.0, 5527.0], [2173.75, 2324.0], [2173.5, 2392.0], [2173.25, 8331.0], [2173.0, 35541.0], [2172.75, 45330.0], [2172.5, 5789.0], [2172.25, 1531.0], [2172.0, 8848.0], [2171.75, 52390.0], [2171.5, 106101.0], [2171.25, 51202.0], [2170.0, 1220.0], [2169.75, 51512.0], [2169.25, 1706.0]], "asks": [[2175.5, 1.0], [2175.75, 6010.0], [2176.0, 14827.0], [2176.25, 2688.0], [2176.5, 2982.0], [2176.75, 2392.0], [2177.0, 2811.0], [2177.25, 10997.0], [2177.5, 29586.0], [2177.75, 9819.0], [2178.0, 1524.0], [2178.25, 1524.0], [2178.5, 8934.0], [2178.75, 45211.0], [2179.0, 51594.0], [2179.25, 1549.0], [2179.5, 1579.0], [2179.75, 1466.0], [2180.0, 1575.0], [2180.25, 1694.0]]}}}
{"jsonrpc": "2.0", "method": "subscription", "params": {"channel": "book.ETH-14MAR25.none.20.100ms", "data": {"timestamp": 1741378956995, "change_id": 61335985548, "instrument_name": "ETH-14MAR25", "bids": [[2175.25, 800.0], [2175.0, 4357.0], [2174.75, 12717.0], [2174.5, 2545.0], [2174.25, 3484.0], [2174.0, 5527.0], [2173.75, 2324.0], [2173.5, 2392.0], [2173.25, 8331.0], [2173.0, 35541.0], [2172.75, 45330.0], [2172.5, 5789.0], [2172.25, 1531.0], [2172.0, 8848.0], [2171.75, 52390.0], [2171.5, 106101.0], [2171.25, 51202.0], [2170.0, 1220.0], [2169.75, 51512.0], [2169.25, 1706.0]], "asks": [[2175.5, 1.0], [2175.75, 6010.0], [2176.0, 14827.0], [2176.25, 2688.0], [2176.5, 2392.0], [2176.75, 2392.0], [2177.0, 2811.0], [2177.25, 10997.0], [2177.5, 29586.0], [2177.75, 9819.0], [2178.0, 1524.0], [2178.25, 1524.0], [2178.5, 8934.0], [2178.75, 45211.0], [2179.0, 51594.0], [2179.25, 1549.0], [2179.5, 1579.0], [2179.75, 1466.0], [2180.0, 1575.0], [2180.25, 1694.0]]}}}
{"jsonrpc": "2.0", "method": "subscription", "params": {"channel": "book.ETH-21MAR25.none.20.100ms", "data": {"timestamp": 1741378956780, "change_id": 61335985184, "instrument_name": "ETH-21MAR25", "bids": [[2177.5, 10544.0], [2176.75, 956.0], [2176.5, 3188.0], [2175.75, 5.0], [2175.5, 8272.0], [2175.25, 6753.0], [2175.0, 49510.0], [2174.75, 90000.0], [2174.0, 13113.0], [2173.75, 50408.0], [2173.5, 21913.0], [2172.0, 13857.0], [2171.75, 44523.0], [2171.5, 5.0], [2171.0, 180000.0], [2169.5, 40000.0], [2167.25, 5.0], [2165.0, 500.0], [2164.0, 40500.0], [2162.75, 45098.0]], "asks": [[2178.5, 3612.0], [2178.75, 3000.0], [2179.0, 10120.0], [2179.25, 4424.0], [2179.5, 14748.0], [2179.75, 300.0], [2180.0, 1000.0], [2180.25, 2555.0], [2180.5, 8516.0], [2180.75, 6749.0], [2181.0, 22500.0], [2181.5, 13152.0], [2181.75, 43840.0], [2183.25, 500.0], [2184.25, 44013.0], [2184.5, 5.0], [2185.5, 90000.0], [2185.75, 40000.0], [2187.75, 500.0], [2188.0, 45226.0]]}}}
{"jsonrpc": "2.0", "method": "subscription", "params": {"channel": "book.ETH-14MAR25.none.20.100ms", "data": {"timestamp": 1741378957376, "change_id": 61335985964, "instrument_name": "ETH-14MAR25", "bids": [[2175.25, 800.0], [2175.0, 4357.0], [2174.75, 12717.0], [2174.5, 2545.0], [2174.25, 3484.0], [2174.0, 5527.0], [2173.75, 2324.0], [2173.5, 2392.0], [2173.25, 8331.0], [2173.0, 35541.0], [2172.75, 45330.0], [2172.5, 5789.0], [2172.25, 1531.0], [2172.0, 8848.0], [2171.75, 52390.0], [2171.5, 106101.0], [2171.25, 51202.0], [2170.0, 1220.0], [2169.75, 51512.0], [2169.25, 1706.0]], "asks": [[2175.75, 6010.0], [2176.0, 14827.0], [2176.25, 2688.0], [2176.5, 2688.0], [2176.75, 2982.0], [2177.0, 2811.0], [2177.25, 10997.0], [2177.5, 29586.0], [2177.75, 9819.0], [2178.0, 1524.0], [2178.25, 1524.0], [2178.5, 8934.0], [2178.75, 45211.0], [2179.0, 51594.0], [2179.25, 1549.0], [2179.5, 1579.0], [2179.75, 1466.0], [2180.0, 1575.0], [2180.25, 1694.0], [2181.0, 1180.0]]}}}
{"jsonrpc": "2.0", "method": "subscription", "params": {"channel": "book.ETH-21MAR25.none.20.100ms", "data": {"timestamp": 1741378957608, "change_id": 61335986543, "instrument_name": "ETH-21MAR25", "bids": [[2177.75, 120.0], [2177.5, 10424.0], [2177.25, 956.0], [2177.0, 3188.0], [2175.75, 2487.0], [2175.5, 8272.0], [2175.25, 6753.0], [2175.0, 49510.0], [2174.75, 90000.0], [2174.0, 13113.0], [2173.75, 50408.0], [2173.5, 21913.0], [2172.0, 13857.0], [2171.75, 44523.0], [2171.5, 5.0], [2171.0, 180000.0], [2169.5, 40000.0], [2167.25, 5.0], [2165.0, 500.0], [2164.0, 40500.0]], "asks": [[2178.5, 3612.0], [2178.75, 3000.0], [2179.0, 10120.0], [2179.25, 4424.0], [2179.5, 14748.0], [2179.75, 300.0], [2180.0, 1000.0], [2180.25, 2555.0], [2180.5, 8516.0], [2180.75, 6749.0], [2181.0, 22500.0], [2181.5, 13152.0], [2181.75, 43840.0], [2183.25, 500.0], [2184.25, 44013.0], [2184.5, 5.0], [2185.5, 90000.0], [2185.75, 40000.0], [2187.75, 500.0], [2188.0, 45226.0]]}}}
{"jsonrpc": "2.0", "method": "subscription", "params": {"channel": "book.ETH-14MAR25.none.20.100ms", "data": {"timestamp": 1741378957654, "change_id": 61335986646, "instrument_name": "ETH-14MAR25", "bids": [[2175.25, 1040.0], [2175.0, 4477.0], [2174.75, 13478.0], [2174.5, 5736.0], [2174.25, 2404.0], [2174.0, 2336.0], [2173.75, 2324.0], [2173.5, 2392.0], [2173.25, 8331.0], [2173.0, 35541.0], [2172.75, 45330.0], [2172.5, 5789.0], [2172.25, 1531.0], [2172.0, 8848.0], [2171.75, 52390.0], [2171.5, 106101.0], [2171.25, 51202.0], [2170.0, 1220.0], [2169.75, 51512.0], [2169.25, 1706.0]], "asks": [[2175.75, 3500.0], [2176.0, 7613.0], [2176.25, 12688.0], [2176.5, 2688.0], [2176.75, 2982.0], [2177.0, 2811.0], [2177.25, 10997.0], [2177.5, 29586.0], [2177.75, 9819.0], [2178.0, 1524.0], [2178.25, 1524.0], [2178.5, 8934.0], [2178.75, 45211.0], [2179.0, 51594.0], [2179.25, 1549.0], [2179.5, 1579.0], [2179.75, 1466.0], [2180.0, 1575.0], [2180.25, 1694.0], [2181.0, 1180.0]]}}}
{"jsonrpc": "2.0", "method": "subscription", "params": {"channel": "book.ETH-14MAR25.none.20.100ms", "data": {"timestamp": 1741378957995, "change_id": 61335987100, "instrument_name": "ETH-14MAR25", "bids": [[2175.25, 800.0], [2175.0, 4477.0], [2174.75, 13478.0], [2174.5, 5736.0], [2174.25, 2404.0], [2174.0, 2336.0], [2173.75, 2324.0], [2173.5, 2392.0], [2173.25, 8331.0], [2173.0, 35541.0], [2172.75, 45330.0], [2172.5, 5789.0], [2172.25, 1531.0], [2172.0, 8848.0], [2171.75, 52390.0], [2171.5, 106101.0], [2171.25, 51202.0], [2170.0, 1220.0], [2169.75, 51512.0], [2169.25, 1706.0]], "asks": [[2175.5, 801.0], [2175.75, 3500.0], [2176.0, 7613.0], [2176.25, 12688.0], [2176.5, 2688.0], [2176.75, 2982.0], [2177.0, 2811.0], [2177.25, 10997.0], [2177.5, 29586.0], [2177.75, 9819.0], [2178.0, 1524.0], [2178.25, 1524.0], [2178.5, 8934.0], [2178.75, 45211.0], [2179.0, 51594.0], [2179.25, 1549.0], [2179.5, 1579.0], [2179.75, 1466.0], [2180.0, 1575.0], [2180.25, 1694.0]]}}}
{"jsonrpc": "2.0", "method": "subscription", "params": {"channel": "book.ETH-21MAR25.none.20.100ms", "data": {"timestamp": 1741378957849, "change_id": 61335986948, "instrument_name": "ETH-21MAR25", "bids": [[2177.75, 120.0], [2177.5, 10424.0], [2177.25, 956.0], [2177.0, 3188.0], [2175.75, 2487.0], [2175.5, 8272.0], [2175.25, 6753.0], [2175.0, 49510.0], [2174.75, 90000.0], [2174.0, 13113.0], [2173.75, 50408.0], [2173.5, 21913.0], [2172.0, 13857.0], [2171.75, 44523.0], [2171.5, 5.0], [2171.0, 180000.0], [2169.5, 40000.0], [2167.25, 5.0], [2165.0, 500.0], [2164.0, 40500.0]], "asks": [[2178.5, 3612.0], [2178.75, 3000.0], [2179.0, 10120.0], [2179.25, 4424.0], [2179.5, 14748.0], [2179.75, 300.0], [2180.0, 1000.0], [2180.25, 2555.0], [2180.5, 8516.0], [2180.75, 6749.0], [2181.0, 22500.0], [2181.5, 13152.0], [2181.75, 43840.0], [2183.25, 500.0], [2184.25, 44013.0], [2184.5, 5.0], [2185.5, 90000.0], [2185.75, 40000.0], [2187.75, 500.0], [2188.0, 45226.0]]}}}
{"jsonrpc": "2.0", "method": "subscription", "params": {"channel": "book.ETH-21MAR25.none.20.100ms", "data": {"timestamp": 1741378958188, "change_id": 61335987360, "instrument_name": "ETH-21MAR25", "bids": [[2177.75, 10120.0], [2177.25, 956.0], [2177.0, 3188.0], [2175.75, 2487.0], [2175.5, 8272.0], [2175.25, 6753.0], [2175.0, 49510.0], [2174.75, 90000.0], [2174.0, 13113.0], [2173.75, 50408.0], [2173.5, 21913.0], [2172.0, 13857.0], [2171.75, 44523.0], [2171.5, 5.0], [2171.0, 180000.0], [2169.5, 40000.0], [2167.25, 5.0], [2165.0, 500.0], [2164.0, 40500.0], [2162.75, 45098.0]], "asks": [[2178.5, 3612.0], [2178.75, 3000.0], [2179.0, 10120.0], [2179.25, 4424.0], [2179.5, 14748.0], [2179.75, 300.0], [2180.0, 1000.0], [2180.25, 2555.0], [2180.5, 8516.0], [2180.75, 6749.0], [2181.0, 22500.0], [2181.5, 13152.0], [2181.75, 43840.0], [2183.25, 500.0], [2184.25, 44013.0], [2184.5, 5.0], [2185.5, 90000.0], [2185.75, 40000.0], [2187.75, 500.0], [2188.0, 45226.0]]}}}
{"jsonrpc": "2.0", "method": "subscription", "params": {"channel": "book.ETH-14MAR25.none.20.100ms", "data": {"timestamp": 1741378958352, "change_id": 61335987500, "instrument_name": "ETH-14MAR25", "bids": [[2175.25, 1076.0], [2175.0, 4477.0], [2174.75, 13478.0], [2174.5, 5736.0], [2174.25, 2404.0], [2174.0, 2336.0], [2173.75, 2324.0], [2173.5, 2392.0], [2173.25, 8331.0], [2173.0, 35541.0], [2172.75, 45330.0], [2172.5, 5789.0], [2172.25, 1531.0], [2172.0, 8848.0], [2171.75, 52390.0], [2171.5, 106101.0], [2171.25, 51202.0], [2170.0, 1220.0], [2169.75, 51512.0], [2169.25, 1706.0]], "asks": [[2175.75, 3500.0], [2176.0, 7613.0], [2176.25, 12688.0], [2176.5, 2688.0], [2176.75, 2982.0], [2177.0, 2811.0], [2177.25, 10997.0], [2177.5, 29586.0], [2177.75, 9819.0], [2178.0, 1524.0], [2178.25, 1524.0], [2178.5, 8934.0], [2178.75, 45211.0], [2179.0, 51594.0], [2179.25, 1549.0], [2179.5, 1579.0], [2179.75, 1466.0], [2180.0, 1575.0], [2180.25, 1694.0], [2181.0, 1180.0]]}}}
{"jsonrpc": "2.0", "method": "subscription", "params": {"channel": "book.ETH-14MAR25.none.20.100ms", "data": {"timestamp": 1741378958698, "change_id": 61335988292, "instrument_name": "ETH-14MAR25", "bids": [[2175.25, 800.0], [2175.0, 14477.0], [2174.75, 3478.0], [2174.5, 5736.0], [2174.25, 2404.0], [2174.0, 2336.0], [2173.75, 2324.0], [2173.5, 10114.0], [2173.25, 42806.0], [2173.0, 15517.0], [2172.75, 19988.0], [2172.5, 5789.0], [2172.25, 1531.0], [2172.0, 8848.0], [2171.75, 52390.0], [2171.5, 106101.0], [2171.25, 51202.0], [2170.0, 1220.0], [2169.75, 51512.0], [2169.25, 1706.0]], "asks": [[2175.5, 1.0], [2175.75, 2300.0], [2176.0, 7493.0], [2176.25, 12688.0], [2176.5, 2808.0], [2176.75, 2982.0], [2177.0, 2811.0], [2177.25, 10997.0], [2177.5, 26749.0], [2177.75, 9814.0], [2178.0, 1524.0], [2178.25, 1524.0], [2178.5, 8934.0], [2178.75, 45211.0], [2179.0, 51594.0], [2179.25, 1549.0], [2179.5, 1579.0], [2179.75, 1466.0], [2180.0, 1575.0], [2180.25, 1694.0]]}}}
{"jsonrpc": "2.0", "method": "subscription", "params": {"channel": "book.ETH-21MAR25.none.20.100ms", "data": {"timestamp": 1741378958668, "change_id": 61335988164, "instrument_name": "ETH-21MAR25", "bids": [[2177.75, 10120.0], [2177.25, 956.0], [2177.0, 3188.0], [2175.75, 2487.0], [2175.5, 8272.0], [2175.25, 6753.0], [2175.0, 49510.0], [2174.75, 90000.0], [2174.0, 13113.0], [2173.75, 50408.0], [2173.5, 21913.0], [2172.0, 13857.0], [2171.75, 44523.0], [2171.5, 5.0], [2171.0, 180000.0], [2169.5, 40000.0], [2167.25, 5.0], [2165.0, 500.0], [2164.0, 40500.0], [2162.75, 45098.0]], "asks": [[2178.5, 3612.0], [2178.75, 3000.0], [2179.0, 10120.0], [2179.25, 4424.0], [2179.5, 14748.0], [2179.75, 300.0], [2180.0, 1000.0], [2180.25, 2582.0], [2180.5, 8607.0], [2180.75, 6749.0], [2181.0, 22500.0], [2181.5, 13152.0], [2181.75, 43840.0], [2183.25, 500.0], [2184.25, 44013.0], [2184.5, 5.0], [2185.5, 90000.0], [2185.75, 40000.0], [2187.75, 500.0], [2188.0, 45226.0]]}}}
{"jsonrpc": "2.0", "method": "subscription", "params": {"channel": "book.ETH-14MAR25.none.20.100ms", "data": {"timestamp": 1741378958958, "change_id": 61335988778, "instrument_name": "ETH-14MAR25", "bids": [[2175.0, 19321.0], [2174.75, 13598.0], [2174.5, 5736.0], [2174.25, 2404.0], [2174.0, 2336.0], [2173.75, 2324.0], [2173.5, 10114.0], [2173.25, 42806.0], [2173.0, 15517.0], [2172.75, 19988.0], [2172.5, 5789.0], [2172.25, 1914.0], [2172.0, 10273.0], [2171.75, 52390.0], [2171.5, 106101.0], [2171.25, 51202.0], [2170.0, 1220.0], [2169.75, 51512.0], [2169.25, 1706.0], [2169.0, 1208.0]], "asks": [[2175.5, 1220.0], [2175.75, 3500.0], [2176.0, 7493.0], [2176.25, 12808.0], [2176.5, 2688.0], [2176.75, 2982.0], [2177.0, 2811.0], [2177.25, 10997.0], [2177.5, 29588.0], [2177.75, 9814.0], [2178.0, 1524.0], [2178.25, 1524.0], [2178.5, 8934.0], [2178.75, 45211.0], [2179.0, 51594.0], [2179.25, 1549.0], [2179.5, 1579.0], [2179.75, 1466.0], [2180.0, 1575.0], [2180.25, 1694.0]]}}}
{"jsonrpc": "2.0", "method": "subscription", "params": {"channel": "book.ETH-21MAR25.none.20.100ms", "data": {"timestamp": 1741378958958, "change_id": 61335988748, "instrument_name": "ETH-21MAR25", "bids": [[2177.5, 10544.0], [2177.25, 956.0], [2177.0, 3188.0], [2175.75, 2487.0], [2175.5, 8272.0], [2175.25, 6753.0], [2175.0, 49510.0], [2174.75, 90000.0], [2174.0, 13113.0], [2173.75, 50408.0], [2173.5, 21913.0], [2172.0, 13857.0], [2171.75, 44523.0], [2171.5, 5.0], [2171.0, 180000.0], [2169.5, 40000.0], [2167.25, 5.0], [2165.0, 500.0], [2164.0, 40500.0], [2162.75, 45098.0]], "asks": [[2178.5, 3612.0], [2178.75, 3000.0], [2179.0, 10120.0], [2179.25, 4424.0], [2179.5, 14748.0], [2179.75, 300.0], [2180.0, 1000.0], [2180.25, 2582.0], [2180.5, 8607.0], [2180.75, 6749.0], [2181.0, 22500.0], [2181.5, 13152.0], [2181.75, 43840.0], [2183.25, 500.0], [2184.25, 44013.0], [2184.5, 5.0], [2185.5, 90000.0], [2185.75, 40000.0], [2187.75, 500.0], [2188.0, 45226.0]]}}}
{"jsonrpc": "2.0", "method": "subscription", "params": {"channel": "book.ETH-21MAR25.none.20.100ms", "data": {"timestamp": 1741378959221, "change_id": 61335989169, "instrument_name": "ETH-21MAR25", "bids": [[2177.75, 3156.0], [2177.5, 10424.0], [2177.25, 956.0], [2177.0, 3188.0], [2175.75, 2487.0], [2175.5, 8272.0], [2175.25, 6753.0], [2175.0, 49510.0], [2174.75, 90000.0], [2174.0, 13113.0], [2173.75, 50408.0], [2173.5, 21913.0], [2172.0, 13857.0], [2171.75, 44523.0], [2171.5, 5.0], [2171.0, 180000.0], [2169.5, 40000.0], [2167.25, 5.0], [2165.0, 500.0], [2164.0, 40500.0]], "asks": [[2178.5, 3612.0], [2178.75, 3000.0], [2179.0, 10120.0], [2179.25, 4424.0], [2179.5, 14748.0], [2179.75, 300.0], [2180.0, 1000.0], [2180.25, 2582.0], [2180.5, 8607.0], [2180.75, 6749.0], [2181.0, 22500.0], [2181.5, 13152.0], [2181.75, 43840.0], [2183.25, 500.0], [2184.25, 44013.0], [2184.5, 5.0], [2185.5, 90000.0], [2185.75, 40000.0], [2187.75, 500.0], [2188.0, 45226.0]]}}}
{"jsonrpc": "2.0", "method": "subscription", "params": {"channel": "book.ETH-14MAR25.none.20.100ms", "data": {"timestamp": 1741378959356, "change_id": 61335989305, "instrument_name": "ETH-14MAR25", "bids": [[2175.25, 4966.0], [2175.0, 18805.0], [2174.75, 12881.0], [2174.5, 5736.0], [2174.25, 2404.0], [2174.0, 2336.0], [2173.75, 2324.0], [2173.5, 10114.0], [2173.25, 40609.0], [2173.0, 15517.0], [2172.75, 19988.0], [2172.5, 5789.0], [2172.25, 1531.0], [2172.0, 10273.0], [2171.75, 52390.0], [2171.5, 106101.0], [2171.25, 51202.0], [2170.0, 1220.0], [2169.75, 51512.0], [2169.25, 1706.0]], "asks": [[2175.75, 2700.0], [2176.0, 7493.0], [2176.25, 12808.0], [2176.5, 2688.0], [2176.75, 2982.0], [2177.0, 2811.0], [2177.25, 10997.0], [2177.5, 29588.0], [2177.75, 9814.0], [2178.0, 1524.0], [2178.25, 1524.0], [2178.5, 8934.0], [2178.75, 45211.0], [2179.0, 51594.0], [2179.25, 1549.0], [2179.5, 1579.0], [2179.75, 1466.0], [2180.0, 1575.0], [2180.25, 1694.0], [2181.0, 1180.0]]}}}
{"jsonrpc": "2.0", "method": "subscription", "params": {"channel": "book.ETH-14MAR25.none.20.100ms", "data": {"timestamp": 1741378959563, "change_id": 61335989700, "instrument_name": "ETH-14MAR25", "bids": [[2175.25, 5576.0], [2175.0, 18805.0], [2174.75, 13442.0], [2174.5, 5736.0], [2174.25, 2404.0], [2174.0, 2336.0], [2173.75, 2324.0], [2173.5, 10114.0], [2173.25, 40609.0], [2173.0, 15517.0], [2172.75, 19988.0], [2172.5, 5789.0], [2172.25, 1531.0], [2172.0, 10273.0], [2171.75, 52390.0], [2171.5, 106101.0], [2171.25, 51202.0], [2170.0, 1220.0], [2169.75, 51512.0], [2169.25, 1706.0]], "asks": [[2175.75, 3145.0], [2176.0, 7493.0], [2176.25, 12808.0], [2176.5, 2688.0], [2176.75, 2982.0], [2177.0, 2811.0], [2177.25, 10997.0], [2177.5, 29588.0], [2177.75, 9814.0], [2178.0, 1524.0], [2178.25, 1524.0], [2178.5, 8934.0], [2178.75, 45211.0], [2179.0, 51594.0], [2179.25, 1549.0], [2179.5, 1579.0], [2179.75, 1466.0], [2180.0, 1575.0], [2180.25, 1694.0], [2181.0, 1180.0]]}}}
{"jsonrpc": "2.0", "method": "subscription", "params": {"channel": "book.ETH-21MAR25.none.20.100ms", "data": {"timestamp": 1741378959605, "change_id": 61335989850, "instrument_name": "ETH-21MAR25", "bids": [[2177.75, 10544.0], [2177.25, 956.0], [2177.0, 3188.0], [2176.0, 4514.0], [2175.75, 24997.0], [2175.5, 8272.0], [2175.0, 27000.0], [2174.75, 90000.0], [2174.0, 13113.0], [2173.75, 50408.0], [2173.5, 21913.0], [2172.0, 13857.0], [2171.75, 44523.0], [2171.5, 5.0], [2171.0, 180000.0], [2169.5, 40000.0], [2167.25, 5.0], [2165.0, 500.0], [2164.0, 40500.0], [2162.75, 45098.0]], "asks": [[2178.5, 3188.0], [2178.75, 3000.0], [2179.0, 10120.0], [2179.25, 4424.0], [2179.5, 14748.0], [2179.75, 300.0], [2180.0, 1000.0], [2180.25, 2582.0], [2180.5, 8607.0], [2180.75, 6749.0], [2181.0, 22500.0], [2181.5, 13152.0], [2181.75, 43840.0], [2183.25, 500.0], [2184.25, 44013.0], [2184.5, 5.0], [2185.5, 90000.0], [2185.75, 40000.0], [2187.75, 500.0], [2188.0, 45226.0]]}}}
{"jsonrpc": "2.0", "method": "subscription", "params": {"channel": "book.ETH-14MAR25.none.20.100ms", "data": {"timestamp": 1741378960019, "change_id": 61335990461, "instrument_name": "ETH-14MAR25", "bids": [[2175.25, 800.0], [2175.0, 26832.0], [2174.75, 4656.0], [2174.5, 5736.0], [2174.25, 2404.0], [2174.0, 2336.0], [2173.75, 2324.0], [2173.5, 10114.0], [2173.25, 43153.0], [2173.0, 15517.0], [2172.75, 19988.0], [2172.5, 5789.0], [2172.25, 1531.0], [2172.0, 10273.0], [2171.75, 52390.0], [2171.5, 106101.0], [2171.25, 51202.0], [2170.0, 1220.0], [2169.75, 51512.0], [2169.25, 1706.0]], "asks": [[2175.5, 1.0], [2175.75, 1945.0], [2176.0, 7493.0], [2176.25, 12808.0], [2176.5, 2688.0], [2176.75, 2982.0], [2177.0, 2811.0], [2177.25, 10997.0], [2177.5, 29588.0], [2177.75, 9814.0], [2178.0, 1524.0], [2178.25, 1524.0], [2178.5, 8934.0], [2178.75, 45211.0], [2179.0, 51594.0], [2179.25, 1549.0], [2179.5, 1579.0], [2179.75, 1466.0], [2180.0, 1575.0], [2180.25, 1694.0]]}}}
{"jsonrpc": "2.0", "method": "subscription", "params": {"channel": "book.ETH-14MAR25.none.20.100ms", "data": {"timestamp": 1741378960337, "change_id": 61335991291, "instrument_name": "ETH-14MAR25", "bids": [[2175.75, 800.0], [2175.5, 800.0], [2175.25, 4764.0], [2175.0, 14411.0], [2174.75, 3634.0], [2174.5, 1984.0], [2174.25, 2404.0], [2174.0, 1984.0], [2173.75, 1972.0], [2173.5, 40609.0], [2173.25, 2878.0], [2173.0, 15569.0], [2172.75, 19988.0], [2172.5, 5545.0], [2172.25, 1172.0], [2172.0, 2623.0], [2171.75, 52390.0], [2171.5, 106101.0], [2171.25, 51202.0], [2170.0, 1220.0]], "asks": [[2176.25, 2419.0], [2176.5, 7530.0], [2176.75, 12688.0], [2177.0, 2982.0], [2177.25, 9997.0], [2177.5, 26995.0], [2177.75, 1686.0], [2178.0, 2418.0], [2178.25, 1172.0], [2178.5, 5673.0], [2178.75, 45459.0], [2179.0, 51485.0], [2179.25, 1441.0], [2179.5, 1217.0], [2179.75, 1208.0], [2180.0, 1217.0], [2180.25, 1694.0], [2181.0, 1180.0], [2181.25, 1181.0], [2182.25, 1190.0]]}}}
{"jsonrpc": "2.0", "method": "subscription", "params": {"channel": "book.ETH-21MAR25.none.20.100ms", "data": {"timestamp": 1741378960315, "change_id": 61335991174, "instrument_name": "ETH-21MAR25", "bids": [[2178.0, 3156.0], [2177.75, 10424.0], [2177.25, 956.0], [2177.0, 3188.0], [2176.25, 4512.0], [2176.0, 22510.0], [2175.75, 2487.0], [2175.5, 8272.0], [2175.0, 27000.0], [2174.75, 111913.0], [2174.0, 13113.0], [2173.75, 43887.0], [2172.0, 13857.0], [2171.75, 44523.0], [2171.5, 5.0], [2171.0, 180000.0], [2169.5, 40000.0], [2167.25, 5.0], [2165.0, 500.0], [2164.0, 40500.0]], "asks": [[2178.75, 3188.0], [2179.25, 3036.0], [2179.5, 10120.0], [2179.75, 4424.0], [2180.0, 14748.0], [2180.5, 300.0], [2180.75, 1000.0], [2181.0, 5.0], [2182.25, 6749.0], [2182.5, 22495.0], [2183.0, 13302.0], [2183.25, 44340.0], [2184.25, 44013.0], [2184.5, 5.0], [2185.5, 90000.0], [2185.75, 40000.0], [2187.75, 500.0], [2188.0, 45226.0], [2189.0, 5.0], [2189.25, 180000.0]]}}}
{"jsonrpc": "2.0", "method": "subscription", "params": {"channel": "book.ETH-14MAR25.none.20.100ms", "data": {"timestamp": 1741378960558, "change_id": 61335992000, "instrument_name": "ETH-14MAR25", "bids": [[2175.75, 800.0], [2175.5, 800.0], [2175.25, 10920.0], [2175.0, 5205.0], [2174.75, 3214.0], [2174.5, 1984.0], [2174.25, 1984.0], [2174.0, 1984.0], [2173.75, 14847.0], [2173.5, 27314.0], [2173.25, 1172.0], [2173.0, 34358.0], [2172.75, 18377.0], [2172.5, 5545.0], [2172.25, 1172.0], [2172.0, 2623.0], [2171.75, 1197.0], [2171.5, 91213.0], [2171.25, 51202.0], [2170.0, 1220.0]], "asks": [[2176.0, 1.0], [2176.25, 1200.0], [2176.5, 3991.0], [2176.75, 12092.0], [2177.0, 2562.0], [2177.25, 1972.0], [2177.5, 26749.0], [2177.75, 1172.0], [2178.0, 2172.0], [2178.25, 9604.0], [2178.5, 1172.0], [2178.75, 30194.0], [2179.0, 51239.0], [2179.5, 1217.0], [2179.75, 1208.0], [2180.0, 1217.0], [2180.25, 1194.0], [2181.0, 1180.0], [2181.25, 1681.0], [2182.25, 1190.0]]}}}
{"jsonrpc": "2.0", "method": "subscription", "params": {"channel": "book.ETH-21MAR25.none.20.100ms", "data": {"timestamp": 1741378960646, "change_id": 61335992328, "instrument_name": "ETH-21MAR25", "bids": [[2178.25, 2830.0], [2178.0, 10120.0], [2177.25, 903.0], [2177.0, 3188.0], [2176.75, 2508.0], [2176.5, 8538.0], [2176.25, 22510.0], [2175.75, 5.0], [2175.0, 33574.0], [2174.75, 111913.0], [2174.0, 12689.0], [2173.75, 43887.0], [2172.0, 13857.0], [2171.75, 44523.0], [2171.5, 5.0], [2171.0, 180000.0], [2169.5, 40000.0], [2167.25, 5.0], [2165.0, 500.0], [2164.0, 40500.0]], "asks": [[2179.0, 903.0], [2179.25, 6224.0], [2179.5, 10120.0], [2179.75, 4424.0], [2180.0, 14748.0], [2180.5, 2811.0], [2180.75, 9495.0], [2181.0, 5.0], [2182.25, 6749.0], [2182.5, 22495.0], [2183.0, 424.0], [2183.25, 43840.0], [2184.0, 500.0], [2184.25, 44013.0], [2184.5, 5.0], [2185.5, 90000.0], [2185.75, 40000.0], [2187.75, 500.0], [2188.0, 45226.0], [2189.0, 5.0]]}}}
{"jsonrpc": "2.0", "method": "subscription", "params": {"channel": "book.ETH-14MAR25.none.20.100ms", "data": {"timestamp": 1741378961003, "change_id": 61335993497, "instrument_name": "ETH-14MAR25", "bids": [[2175.75, 800.0], [2175.5, 3360.0], [2175.25, 12362.0], [2175.0, 6169.0], [2174.75, 3634.0], [2174.5, 2404.0], [2174.25, 2404.0], [2174.0, 6438.0], [2173.75, 15267.0], [2173.5, 2324.0], [2173.25, 11427.0], [2173.0, 39871.0], [2172.75, 20041.0], [2172.5, 5897.0], [2172.25, 1906.0], [2172.0, 2982.0], [2171.75, 28508.0], [2171.5, 91213.0], [2171.25, 51202.0], [2170.0, 1220.0]], "asks": [[2176.25, 2397.0], [2176.5, 7619.0], [2176.75, 12861.0], [2177.0, 2982.0], [2177.25, 9997.0], [2177.5, 27101.0], [2177.75, 1824.0], [2178.0, 5053.0], [2178.25, 9956.0], [2178.5, 10230.0], [2178.75, 45513.0], [2179.0, 51603.0], [2179.25, 1579.0], [2179.5, 1579.0], [2179.75, 1573.0], [2180.0, 1575.0], [2180.25, 1194.0], [2181.0, 1180.0], [2181.25, 1681.0], [2182.25, 1190.0]]}}}
{"jsonrpc": "2.0", "method": "subscription", "params": {"channel": "book.ETH-21MAR25.none.20.100ms", "data": {"timestamp": 1741378960862, "change_id": 61335992995, "instrument_name": "ETH-21MAR25", "bids": [[2178.25, 120.0], [2178.0, 10000.0], [2177.25, 903.0], [2177.0, 3188.0], [2176.75, 2508.0], [2176.5, 15291.0], [2176.25, 22510.0], [2175.75, 5.0], [2175.0, 33574.0], [2174.75, 111913.0], [2174.0, 12689.0], [2173.75, 43887.0], [2172.0, 13857.0], [2171.75, 44523.0], [2171.5, 5.0], [2171.0, 180000.0], [2169.5, 40000.0], [2167.25, 5.0], [2165.0, 500.0], [2164.0, 40500.0]], "asks": [[2179.0, 903.0], [2179.25, 6224.0], [2179.5, 10120.0], [2179.75, 4424.0], [2180.0, 14748.0], [2180.5, 2811.0], [2180.75, 9495.0], [2181.0, 5.0], [2182.25, 6749.0], [2182.5, 22495.0], [2183.0, 13099.0], [2183.25, 43840.0], [2184.0, 500.0], [2184.25, 44013.0], [2184.5, 5.0], [2185.5, 90000.0], [2185.75, 40000.0], [2187.75, 500.0], [2188.0, 45226.0], [2189.0, 5.0]]}}}
{"jsonrpc": "2.0", "method": "subscription", "params": {"channel": "book.ETH-14MAR25.none.20.100ms", "data": {"timestamp": 1741378961326, "change_id": 61335994456, "instrument_name": "ETH-14MAR25", "bids": [[2176.0, 801.0], [2175.75, 800.0], [2175.5, 10120.0], [2175.25, 2014.0], [2175.0, 5205.0], [2174.75, 3214.0], [2174.5, 1984.0], [2174.25, 1984.0], [2174.0, 10596.0], [2173.75, 14847.0], [2173.5, 27314.0], [2173.25, 1172.0], [2173.0, 26064.0], [2172.75, 18377.0], [2172.5, 5545.0], [2172.25, 1172.0], [2172.0, 2623.0], [2171.75, 1197.0], [2171.5, 91213.0], [2171.25, 51202.0]], "asks": [[2176.5, 2000.0], [2176.75, 920.0], [2177.0, 5163.0], [2177.25, 12562.0], [2177.5, 26749.0], [2177.75, 1172.0], [2178.0, 2172.0], [2178.25, 9604.0], [2178.5, 1172.0], [2178.75, 30194.0], [2179.0, 51239.0], [2179.25, 1214.0], [2179.5, 1217.0], [2179.75, 1208.0], [2180.0, 1217.0], [2180.25, 1194.0], [2181.0, 1180.0], [2181.25, 1681.0], [2182.25, 1190.0], [2182.5, 1190.0]]}}}
{"jsonrpc": "2.0", "method": "subscription", "params": {"channel": "book.ETH-21MAR25.none.20.100ms", "data": {"timestamp": 1741378961306, "change_id": 61335994402, "instrument_name": "ETH-21MAR25", "bids": [[2178.5, 3036.0], [2178.25, 10120.0], [2177.75, 903.0], [2177.5, 3188.0], [2176.5, 8538.0], [2176.25, 6753.0], [2176.0, 22510.0], [2175.75, 5.0], [2174.75, 111913.0], [2173.75, 43887.0], [2172.0, 500.0], [2171.75, 84523.0], [2171.5, 5.0], [2171.0, 180000.0], [2169.5, 40000.0], [2167.25, 5.0], [2165.0, 500.0], [2164.0, 40500.0], [2162.75, 45098.0], [2158.75, 44167.0]], "asks": [[2179.25, 3188.0], [2180.0, 24868.0], [2180.75, 9495.0], [2182.5, 22495.0], [2183.25, 43840.0], [2184.0, 13704.0], [2184.25, 44013.0], [2184.5, 5.0], [2185.5, 90000.0], [2185.75, 40000.0], [2187.75, 500.0], [2188.0, 45226.0], [2189.0, 5.0], [2189.25, 180000.0], [2190.5, 40000.0], [2192.25, 500.0], [2193.25, 5.0], [2193.5, 44830.0], [2196.0, 40000.0], [2196.25, 30217.0]]}}}
{"jsonrpc": "2.0", "method": "subscription", "params": {"channel": "book.ETH-21MAR25.none.20.100ms", "data": {"timestamp": 1741378961667, "change_id": 61335995244, "instrument_name": "ETH-21MAR25", "bids": [[2178.5, 120.0], [2178.25, 10000.0], [2177.5, 3188.0], [2176.5, 8538.0], [2176.0, 22510.0], [2175.75, 5.0], [2174.75, 111913.0], [2173.75, 43887.0], [2172.0, 500.0], [2171.75, 84523.0], [2171.5, 5.0], [2171.0, 180000.0], [2169.5, 40000.0], [2167.25, 5.0], [2165.0, 500.0], [2164.0, 40500.0], [2162.75, 45098.0], [2158.75, 44167.0], [2158.5, 5.0], [2155.75, 29151.0]], "asks": [[2179.25, 3188.0], [2179.75, 120.0], [2180.0, 24748.0], [2180.75, 9495.0], [2182.5, 22495.0], [2183.25, 43840.0], [2184.0, 500.0], [2184.25, 44013.0], [2184.5, 5.0], [2185.5, 90000.0], [2185.75, 40000.0], [2187.75, 500.0], [2188.0, 45226.0], [2189.0, 5.0], [2189.25, 180000.0], [2190.5, 40000.0], [2192.25, 500.0], [2193.25, 5.0], [2193.5, 44830.0], [2196.0, 40000.0]]}}}
{"jsonrpc": "2.0", "method": "subscription", "params": {"channel": "book.ETH-14MAR25.none.20.100ms", "data": {"timestamp": 1741378961666, "change_id": 61335995242, "instrument_name": "ETH-14MAR25", "bids": [[2176.0, 800.0], [2175.75, 920.0], [2175.5, 10800.0], [2175.25, 2014.0], [2175.0, 5205.0], [2174.75, 3214.0], [2174.5, 1984.0], [2174.25, 1984.0], [2174.0, 10596.0], [2173.75, 14847.0], [2173.5, 26514.0], [2173.25, 1172.0], [2173.0, 26064.0], [2172.75, 18377.0], [2172.5, 5545.0], [2172.25, 1172.0], [2172.0, 2623.0], [2171.75, 1197.0], [2171.5, 91213.0], [2171.25, 51202.0]], "asks": [[2176.5, 2000.0], [2176.75, 920.0], [2177.0, 15163.0], [2177.25, 2562.0], [2177.5, 26749.0], [2177.75, 1172.0], [2178.0, 2172.0], [2178.25, 9604.0], [2178.5, 1172.0], [2178.75, 30194.0], [2179.0, 51239.0], [2179.25, 1214.0], [2179.5, 1217.0], [2179.75, 1208.0], [2180.0, 1217.0], [2180.25, 1194.0], [2181.0, 1180.0], [2181.25, 1681.0], [2182.25, 1190.0], [2182.5, 1190.0]]}}}
{"jsonrpc": "2.0", "method": "subscription", "params": {"channel": "book.ETH-21MAR25.none.20.100ms", "data": {"timestamp": 1741378961816, "change_id": 61335995603, "instrument_name": "ETH-21MAR25", "bids": [[2178.25, 10120.0], [2177.75, 903.0], [2177.5, 3188.0], [2176.75, 2508.0], [2176.5, 8538.0], [2176.25, 424.0], [2176.0, 22510.0], [2175.75, 5.0], [2174.75, 111913.0], [2173.75, 43887.0], [2172.0, 500.0], [2171.75, 84523.0], [2171.5, 5.0], [2171.0, 180000.0], [2169.5, 40000.0], [2167.25, 5.0], [2165.0, 500.0], [2164.0, 40500.0], [2162.75, 45098.0], [2158.75, 44167.0]], "asks": [[2179.25, 3188.0], [2179.75, 120.0], [2180.0, 24748.0], [2180.75, 9495.0], [2182.5, 22495.0], [2183.25, 43840.0], [2184.0, 500.0], [2184.25, 44013.0], [2184.5, 5.0], [2185.5, 90000.0], [2185.75, 40000.0], [2187.75, 500.0], [2188.0, 45226.0], [2189.0, 5.0], [2189.25, 180000.0], [2190.5, 40000.0], [2192.25, 500.0], [2193.25, 5.0], [2193.5, 44830.0], [2196.0, 40000.0]]}}}
{"jsonrpc": "2.0", "method": "subscription", "params": {"channel": "book.ETH-14MAR25.none.20.100ms", "data": {"timestamp": 1741378961961, "change_id": 61335995831, "instrument_name": "ETH-14MAR25", "bids": [[2176.0, 800.0], [2175.75, 4040.0], [2175.5, 11340.0], [2175.25, 3576.0], [2175.0, 6117.0], [2174.75, 3634.0], [2174.5, 2404.0], [2174.25, 5110.0], [2174.0, 14998.0], [2173.75, 22749.0], [2173.5, 26866.0], [2173.25, 8991.0], [2173.0, 31577.0], [2172.75, 20041.0], [2172.5, 5897.0], [2172.25, 1959.0], [2172.0, 2623.0], [2171.75, 1197.0], [2171.5, 91213.0], [2171.25, 51202.0]], "asks": [[2176.25, 1.0], [2176.5, 1420.0], [2176.75, 5469.0], [2177.0, 15932.0], [2177.25, 10587.0], [2177.5, 27101.0], [2177.75, 1824.0], [2178.0, 5053.0], [2178.25, 9956.0], [2178.5, 10230.0], [2178.75, 45566.0], [2179.0, 51603.0], [2179.25, 1579.0], [2179.5, 1579.0], [2179.75, 1573.0], [2180.0, 1575.0], [2180.25, 1194.0], [2181.0, 1180.0], [2181.25, 1681.0], [2182.25, 1190.0]]}}}
{"jsonrpc": "2.0", "method": "subscription", "params": {"channel": "book.ETH-14MAR25.none.20.100ms", "data": {"timestamp": 1741378962298, "change_id": 61335996359, "instrument_name": "ETH-14MAR25", "bids": [[2176.0, 1016.0], [2175.75, 4160.0], [2175.5, 11220.0], [2175.25, 3576.0], [2175.0, 6117.0], [2174.75, 3634.0], [2174.5, 2404.0], [2174.25, 5110.0], [2174.0, 14998.0], [2173.75, 22749.0], [2173.5, 26866.0], [2173.25, 8991.0], [2173.0, 31577.0], [2172.75, 20041.0], [2172.5, 5897.0], [2172.25, 1959.0], [2172.0, 2982.0], [2171.75, 1197.0], [2171.5, 91213.0], [2171.25, 51202.0]], "asks": [[2176.5, 1420.0], [2176.75, 5469.0], [2177.0, 15932.0], [2177.25, 10587.0], [2177.5, 27101.0], [2177.75, 1824.0], [2178.0, 5053.0], [2178.25, 9956.0], [2178.5, 10230.0], [2178.75, 45566.0], [2179.0, 51603.0], [2179.25, 1579.0], [2179.5, 1579.0], [2179.75, 1573.0], [2180.0, 1575.0], [2180.25, 1194.0], [2181.0, 1180.0], [2181.25, 1681.0], [2182.25, 1190.0], [2182.5, 1190.0]]}}}
{"jsonrpc": "2.0", "method": "subscription", "params": {"channel": "book.ETH-21MAR25.none.20.100ms", "data": {"timestamp": 1741378962027, "change_id": 61335996105, "instrument_name": "ETH-21MAR25", "bids": [[2178.5, 120.0], [2178.25, 10000.0], [2177.75, 903.0], [2177.5, 3188.0], [2176.75, 2508.0], [2176.5, 8538.0], [2176.25, 6700.0], [2176.0, 22510.0], [2175.75, 5.0], [2175.0, 33574.0], [2174.75, 111913.0], [2173.75, 43887.0], [2172.0, 500.0], [2171.75, 84523.0], [2171.5, 5.0], [2171.0, 180000.0], [2169.5, 40000.0], [2167.25, 5.0], [2165.0, 500.0], [2164.0, 40500.0]], "asks": [[2179.25, 3188.0], [2179.5, 3036.0], [2179.75, 14544.0], [2180.0, 14748.0], [2180.5, 2849.0], [2180.75, 9495.0], [2182.25, 6749.0], [2182.5, 22495.0], [2183.0, 13152.0], [2183.25, 43840.0], [2184.0, 13704.0], [2184.25, 44013.0], [2184.5, 5.0], [2185.5, 90000.0], [2185.75, 40000.0], [2187.75, 500.0], [2188.0, 45226.0], [2189.0, 5.0], [2189.25, 180000.0], [2190.5, 40000.0]]}}}
{"jsonrpc": "2.0", "method": "subscription", "params": {"channel": "book.ETH-14MAR25.none.20.100ms", "data": {"timestamp": 1741378962661, "change_id": 61335997288, "instrument_name": "ETH-14MAR25", "bids": [[2175.75, 1.0], [2175.5, 27240.0], [2175.25, 2482.0], [2175.0, 6117.0], [2174.75, 3634.0], [2174.5, 2404.0], [2174.25, 5110.0], [2174.0, 14998.0], [2173.75, 22749.0], [2173.5, 26866.0], [2173.25, 8991.0], [2173.0, 31577.0], [2172.75, 20041.0], [2172.5, 5897.0], [2172.25, 1959.0], [2172.0, 2982.0], [2171.75, 28561.0], [2171.5, 91213.0], [2171.25, 51202.0], [2170.0, 1220.0]], "asks": [[2176.25, 2360.0], [2176.5, 1620.0], [2176.75, 6683.0], [2177.0, 15932.0], [2177.25, 10587.0], [2177.5, 27101.0], [2177.75, 1824.0], [2178.0, 5053.0], [2178.25, 9956.0], [2178.5, 10230.0], [2178.75, 45566.0], [2179.0, 51603.0], [2179.25, 1579.0], [2179.5, 1579.0], [2179.75, 1573.0], [2180.0, 1575.0], [2180.25, 1194.0], [2181.0, 1180.0], [2181.25, 1681.0], [2182.25, 1190.0]]}}}
{"jsonrpc": "2.0", "method": "subscription", "params": {"channel": "book.ETH-21MAR25.none.20.100ms", "data": {"timestamp": 1741378962497, "change_id": 61335996723, "instrument_name": "ETH-21MAR25", "bids": [[2178.25, 10000.0], [2178.0, 120.0], [2177.75, 903.0], [2177.5, 3188.0], [2176.75, 2508.0], [2176.5, 8538.0], [2176.25, 6700.0], [2176.0, 22510.0], [2175.75, 5.0], [2175.0, 33574.0], [2174.75, 111913.0], [2173.75, 43887.0], [2172.0, 500.0], [2171.75, 84523.0], [2171.5, 5.0], [2171.0, 180000.0], [2169.5, 40000.0], [2167.25, 5.0], [2165.0, 500.0], [2164.0, 40500.0]], "asks": [[2179.0, 956.0], [2179.25, 3188.0], [2179.5, 3036.0], [2179.75, 14544.0], [2180.0, 14748.0], [2180.5, 2849.0], [2180.75, 9495.0], [2182.25, 6749.0], [2182.5, 22495.0], [2183.0, 13152.0], [2183.25, 43840.0], [2184.0, 13704.0], [2184.25, 44013.0], [2184.5, 5.0], [2185.5, 90000.0], [2185.75, 40000.0], [2187.75, 500.0], [2188.0, 45226.0], [2189.0, 5.0], [2189.25, 180000.0]]}}}
{"jsonrpc": "2.0", "method": "subscription", "params": {"channel": "book.ETH-14MAR25.none.20.100ms", "data": {"timestamp": 1741378962927, "change_id": 61335997917, "instrument_name": "ETH-14MAR25", "bids": [[2175.75, 800.0], [2175.5, 11076.0], [2175.25, 2062.0], [2175.0, 6117.0], [2174.75, 3634.0], [2174.5, 2404.0], [2174.25, 4937.0], [2174.0, 15050.0], [2173.75, 22749.0], [2173.5, 26866.0], [2173.25, 8991.0], [2173.0, 31577.0], [2172.75, 20041.0], [2172.5, 5897.0], [2172.25, 1920.0], [2172.0, 2982.0], [2171.75, 28561.0], [2171.5, 91213.0], [2171.25, 51202.0], [2170.0, 1220.0]], "asks": [[2176.0, 1.0], [2176.25, 2000.0], [2176.5, 3588.0], [2176.75, 13630.0], [2177.0, 5932.0], [2177.25, 10587.0], [2177.5, 27101.0], [2177.75, 1824.0], [2178.0, 5053.0], [2178.25, 9956.0], [2178.5, 9665.0], [2178.75, 45513.0], [2179.0, 51603.0], [2179.25, 1579.0], [2179.5, 1579.0], [2179.75, 1573.0], [2180.0, 1575.0], [2180.25, 1194.0], [2181.0, 1180.0], [2181.25, 1681.0]]}}}
{"jsonrpc": "2.0", "method": "subscription", "params": {"channel": "book.ETH-21MAR25.none.20.100ms", "data": {"timestamp": 1741378962865, "change_id": 61335997839, "instrument_name": "ETH-21MAR25", "bids": [[2178.25, 10000.0], [2178.0, 120.0], [2177.75, 903.0], [2177.5, 3188.0], [2176.75, 2508.0], [2176.5, 8538.0], [2176.25, 6700.0], [2176.0, 22510.0], [2175.75, 5.0], [2175.0, 33574.0], [2174.75, 111913.0], [2173.75, 43887.0], [2172.0, 500.0], [2171.75, 84523.0], [2171.5, 5.0], [2171.0, 180000.0], [2169.5, 40000.0], [2167.25, 5.0], [2165.0, 500.0], [2164.0, 40500.0]], "asks": [[2179.0, 956.0], [2179.25, 6224.0], [2179.5, 13156.0], [2179.75, 17206.0], [2180.0, 14748.0], [2180.5, 2849.0], [2180.75, 9495.0], [2182.25, 6749.0], [2182.5, 22495.0], [2183.0, 13152.0], [2183.25, 43840.0], [2184.0, 13704.0], [2184.25, 44013.0], [2184.5, 5.0], [2185.5, 90000.0], [2185.75, 40000.0], [2187.75, 500.0], [2188.0, 45226.0], [2189.0, 5.0], [2189.25, 180000.0]]}}}
{"jsonrpc": "2.0", "method": "subscription", "params": {"channel": "book.ETH-14MAR25.none.20.100ms", "data": {"timestamp": 1741378963270, "change_id": 61335998457, "instrument_name": "ETH-14MAR25", "bids": [[2175.75, 4040.0], [2175.5, 11076.0], [2175.25, 2062.0], [2175.0, 6117.0], [2174.75, 3634.0], [2174.5, 2404.0], [2174.25, 4937.0], [2174.0, 15050.0], [2173.75, 22749.0], [2173.5, 26866.0], [2173.25, 8991.0], [2173.0, 31577.0], [2172.75, 20041.0], [2172.5, 5897.0], [2172.25, 1920.0], [2172.0, 4648.0], [2171.75, 34264.0], [2171.5, 91213.0], [2171.25, 51202.0], [2170.0, 1220.0]], "asks": [[2176.25, 2957.0], [2176.5, 6779.0], [2176.75, 12554.0], [2177.0, 2741.0], [2177.25, 10587.0], [2177.5, 27101.0], [2177.75, 1824.0], [2178.0, 5053.0], [2178.25, 9956.0], [2178.5, 9665.0], [2178.75, 45513.0], [2179.0, 51603.0], [2179.25, 1579.0], [2179.5, 1579.0], [2179.75, 1573.0], [2180.0, 1575.0], [2180.25, 1194.0], [2181.0, 1180.0], [2181.25, 1681.0], [2182.5, 1190.0]]}}}
{"jsonrpc": "2.0", "method": "subscription", "params": {"channel": "book.ETH-21MAR25.none.20.100ms", "data": {"timestamp": 1741378963647, "change_id": 61335999024, "instrument_name": "ETH-21MAR25", "bids": [[2178.0, 10544.0], [2177.75, 903.0], [2177.5, 3188.0], [2176.75, 2508.0], [2176.5, 8538.0], [2176.25, 6700.0], [2176.0, 22510.0], [2175.75, 5.0], [2175.0, 33574.0], [2174.75, 111913.0], [2173.75, 43887.0], [2172.0, 500.0], [2171.75, 84523.0], [2171.5, 5.0], [2171.0, 180000.0], [2169.5, 40000.0], [2167.25, 5.0], [2165.0, 500.0], [2164.0, 40500.0], [2162.75, 45098.0]], "asks": [[2179.0, 956.0], [2179.25, 6224.0], [2179.5, 13156.0], [2179.75, 17206.0], [2180.0, 14748.0], [2180.5, 2849.0], [2180.75, 9495.0], [2182.25, 6749.0], [2182.5, 22495.0], [2183.0, 13152.0], [2183.25, 43840.0], [2184.0, 13704.0], [2184.25, 44013.0], [2184.5, 5.0], [2185.5, 90000.0], [2185.75, 40000.0], [2187.75, 500.0], [2188.0, 45226.0], [2189.0, 5.0], [2189.25, 180000.0]]}}}
{"jsonrpc": "2.0", "method": "subscription", "params": {"channel": "book.ETH-14MAR25.none.20.100ms", "data": {"timestamp": 1741378963651, "change_id": 61335999033, "instrument_name": "ETH-14MAR25", "bids": [[2175.75, 801.0], [2175.5, 4042.0], [2175.25, 12062.0], [2175.0, 6117.0], [2174.75, 3634.0], [2174.5, 2404.0], [2174.25, 4937.0], [2174.0, 15050.0], [2173.75, 22749.0], [2173.5, 26866.0], [2173.25, 8991.0], [2173.0, 31577.0], [2172.75, 20041.0], [2172.5, 5897.0], [2172.25, 1920.0], [2172.0, 4648.0], [2171.75, 34264.0], [2171.5, 91213.0], [2171.25, 51202.0], [2170.0, 1220.0]], "asks": [[2176.0, 800.0], [2176.25, 2957.0], [2176.5, 7699.0], [2176.75, 12434.0], [2177.0, 2741.0], [2177.25, 10587.0], [2177.5, 27101.0], [2177.75, 1824.0], [2178.0, 5053.0], [2178.25, 9956.0], [2178.5, 9665.0], [2178.75, 45513.0], [2179.0, 51603.0], [2179.25, 1579.0], [2179.5, 1579.0], [2179.75, 1573.0], [2180.0, 1575.0], [2180.25, 1194.0], [2181.0, 1180.0], [2181.25, 1681.0]]}}}
{"jsonrpc": "2.0", "method": "subscription", "params": {"channel": "book.ETH-14MAR25.none.20.100ms", "data": {"timestamp": 1741378963937, "change_id": 61335999614, "instrument_name": "ETH-14MAR25", "bids": [[2175.75, 1040.0], [2175.5, 4042.0], [2175.25, 12062.0], [2175.0, 6117.0], [2174.75, 3634.0], [2174.5, 2404.0], [2174.25, 4937.0], [2174.0, 15050.0], [2173.75, 22749.0], [2173.5, 26866.0], [2173.25, 8991.0], [2173.0, 31577.0], [2172.75, 20041.0], [2172.5, 5897.0], [2172.25, 1920.0], [2172.0, 4648.0], [2171.75, 34264.0], [2171.5, 91213.0], [2171.25, 51202.0], [2170.0, 1220.0]], "asks": [[2176.25, 2957.0], [2176.5, 7699.0], [2176.75, 12434.0], [2177.0, 2741.0], [2177.25, 10587.0], [2177.5, 27101.0], [2177.75, 1824.0], [2178.0, 5053.0], [2178.25, 9956.0], [2178.5, 9665.0], [2178.75, 45513.0], [2179.0, 51603.0], [2179.25, 1579.0], [2179.5, 1579.0], [2179.75, 1573.0], [2180.0, 1575.0], [2180.25, 1194.0], [2181.0, 1180.0], [2181.25, 1681.0], [2182.5, 1190.0]]}}}
{"jsonrpc": "2.0", "method": "subscription", "params": {"channel": "book.ETH-14MAR25.none.20.100ms", "data": {"timestamp": 1741378964250, "change_id": 61336000054, "instrument_name": "ETH-14MAR25", "bids": [[2175.75, 1076.0], [2175.5, 4162.0], [2175.25, 11942.0], [2175.0, 6117.0], [2174.75, 3634.0], [2174.5, 2404.0], [2174.25, 4937.0], [2174.0, 15050.0], [2173.75, 22749.0], [2173.5, 26866.0], [2173.25, 8991.0], [2173.0, 31577.0], [2172.75, 20041.0], [2172.5, 5897.0], [2172.25, 1920.0], [2172.0, 4648.0], [2171.75, 34264.0], [2171.5, 91213.0], [2171.25, 51202.0], [2170.0, 1220.0]], "asks": [[2176.25, 2957.0], [2176.5, 7699.0], [2176.75, 12434.0], [2177.0, 2741.0], [2177.25, 10587.0], [2177.5, 27101.0], [2177.75, 1824.0], [2178.0, 5053.0], [2178.25, 9956.0], [2178.5, 9665.0], [2178.75, 45513.0], [2179.0, 51603.0], [2179.25, 1579.0], [2179.5, 1579.0], [2179.75, 1573.0], [2180.0, 1575.0], [2180.25, 1194.0], [2181.0, 1180.0], [2181.25, 1681.0], [2182.5, 1190.0]]}}}
{"jsonrpc": "2.0", "method": "subscription", "params": {"channel": "book.ETH-21MAR25.none.20.100ms", "data": {"timestamp": 1741378964227, "change_id": 61336000047, "instrument_name": "ETH-21MAR25", "bids": [[2178.0, 10544.0], [2177.75, 903.0], [2177.5, 3188.0], [2176.75, 2508.0], [2176.5, 8538.0], [2176.25, 6700.0], [2176.0, 22510.0], [2175.75, 5.0], [2175.0, 33574.0], [2174.75, 111913.0], [2173.75, 43887.0], [2172.0, 500.0], [2171.75, 84523.0], [2171.5, 5.0], [2171.0, 180000.0], [2169.5, 40000.0], [2167.25, 5.0], [2165.0, 500.0], [2164.0, 40500.0], [2162.75, 45098.0]], "asks": [[2179.0, 956.0], [2179.25, 6224.0], [2179.5, 13156.0], [2179.75, 17206.0], [2180.0, 14748.0], [2180.5, 2849.0], [2180.75, 9495.0], [2182.25, 6754.0], [2182.5, 22495.0], [2183.0, 13152.0], [2183.25, 43840.0], [2184.0, 13704.0], [2184.25, 44013.0], [2184.5, 5.0], [2185.5, 90000.0], [2185.75, 40000.0], [2187.75, 500.0], [2188.0, 45226.0], [2189.0, 5.0], [2189.25, 180000.0]]}}}
{"jsonrpc": "2.0", "method": "subscription", "params": {"channel": "book.ETH-14MAR25.none.20.100ms", "data": {"timestamp": 1741378964599, "change_id": 61336000453, "instrument_name": "ETH-14MAR25", "bids": [[2175.75, 800.0], [2175.5, 4162.0], [2175.25, 11942.0], [2175.0, 6117.0], [2174.75, 3634.0], [2174.5, 2404.0], [2174.25, 4937.0], [2174.0, 15050.0], [2173.75, 22749.0], [2173.5, 26866.0], [2173.25, 8991.0], [2173.0, 31577.0], [2172.75, 20041.0], [2172.5, 5897.0], [2172.25, 1920.0], [2172.0, 4648.0], [2171.75, 34264.0], [2171.5, 91213.0], [2171.25, 51202.0], [2170.0, 1220.0]], "asks": [[2176.0, 1.0], [2176.25, 2957.0], [2176.5, 7699.0], [2176.75, 12434.0], [2177.0, 2741.0], [2177.25, 10587.0], [2177.5, 27101.0], [2177.75, 1824.0], [2178.0, 5053.0], [2178.25, 9956.0], [2178.5, 9665.0], [2178.75, 45513.0], [2179.0, 51603.0], [2179.25, 1579.0], [2179.5, 1579.0], [2179.75, 1573.0], [2180.0, 1575.0], [2180.25, 1194.0], [2181.0, 1180.0], [2181.25, 1681.0]]}}}
{"jsonrpc": "2.0", "method": "subscription", "params": {"channel": "book.ETH-21MAR25.none.20.100ms", "data": {"timestamp": 1741378964581, "change_id": 61336000378, "instrument_name": "ETH-21MAR25", "bids": [[2178.25, 3156.0], [2178.0, 10424.0], [2177.75, 903.0], [2177.5, 3188.0], [2176.75, 2508.0], [2176.5, 8538.0], [2176.25, 6700.0], [2176.0, 22510.0], [2175.75, 5.0], [2175.0, 33574.0], [2174.75, 111913.0], [2173.75, 43887.0], [2172.0, 500.0], [2171.75, 84523.0], [2171.5, 5.0], [2171.0, 180000.0], [2169.5, 40000.0], [2167.25, 5.0], [2165.0, 500.0], [2164.0, 40500.0]], "asks": [[2179.0, 956.0], [2179.25, 6224.0], [2179.5, 10544.0], [2179.75, 4424.0], [2180.0, 14748.0], [2180.5, 2849.0], [2180.75, 9495.0], [2182.25, 6754.0], [2182.5, 22495.0], [2183.0, 13152.0], [2183.25, 43840.0], [2184.0, 13704.0], [2184.25, 44013.0], [2184.5, 5.0], [2185.5, 90000.0], [2185.75, 40000.0], [2187.75, 500.0], [2188.0, 45226.0], [2189.0, 5.0], [2189.25, 180000.0]]}}}
{"jsonrpc": "2.0", "method": "subscription", "params": {"channel": "book.ETH-14MAR25.none.20.100ms", "data": {"timestamp": 1741378964964, "change_id": 61336000885, "instrument_name": "ETH-14MAR25", "bids": [[2175.75, 800.0], [2175.5, 4162.0], [2175.25, 11942.0], [2175.0, 6117.0], [2174.75, 3634.0], [2174.5, 2404.0], [2174.25, 4937.0], [2174.0, 15050.0], [2173.75, 22749.0], [2173.5, 26866.0], [2173.25, 8991.0], [2173.0, 31577.0], [2172.75, 20041.0], [2172.5, 5897.0], [2172.25, 1920.0], [2172.0, 4648.0], [2171.75, 34264.0], [2171.5, 91213.0], [2171.25, 51202.0], [2170.0, 1220.0]], "asks": [[2176.0, 1.0], [2176.25, 2957.0], [2176.5, 7699.0], [2176.75, 12434.0], [2177.0, 2741.0], [2177.25, 10587.0], [2177.5, 27101.0], [2177.75, 1824.0], [2178.0, 5053.0], [2178.25, 9956.0], [2178.5, 9665.0], [2178.75, 45513.0], [2179.0, 51603.0], [2179.25, 1579.0], [2179.5, 1579.0], [2179.75, 1573.0], [2180.0, 1575.0], [2180.25, 1194.0], [2181.0, 1180.0], [2181.25, 1681.0]]}}}
{"jsonrpc": "2.0", "method": "subscription", "params": {"channel": "book.ETH-21MAR25.none.20.100ms", "data": {"timestamp": 1741378964734, "change_id": 61336000644, "instrument_name": "ETH-21MAR25", "bids": [[2178.25, 120.0], [2178.0, 10424.0], [2177.75, 903.0], [2177.5, 3188.0], [2176.75, 2508.0], [2176.5, 8538.0], [2176.25, 6700.0], [2176.0, 22510.0], [2175.75, 5.0], [2175.0, 33574.0], [2174.75, 111913.0], [2173.75, 43887.0], [2172.0, 500.0], [2171.75, 84523.0], [2171.5, 5.0], [2171.0, 180000.0], [2169.5, 40000.0], [2167.25, 5.0], [2165.0, 500.0], [2164.0, 40500.0]], "asks": [[2179.0, 956.0], [2179.25, 6224.0], [2179.5, 10544.0], [2179.75, 4424.0], [2180.0, 14748.0], [2180.5, 2849.0], [2180.75, 9495.0], [2182.25, 6754.0], [2182.5, 22495.0], [2183.0, 13152.0], [2183.25, 43840.0], [2184.0, 13704.0], [2184.25, 44013.0], [2184.5, 5.0], [2185.5, 90000.0], [2185.75, 40000.0], [2187.75, 500.0], [2188.0, 45226.0], [2189.0, 5.0], [2189.25, 180000.0]]}}}
{"jsonrpc": "2.0", "method": "subscription", "params": {"channel": "book.ETH-21MAR25.none.20.100ms", "data": {"timestamp": 1741378965283, "change_id": 61336001346, "instrument_name": "ETH-21MAR25", "bids": [[2178.25, 10544.0], [2177.75, 903.0], [2177.5, 3188.0], [2176.75, 2508.0], [2176.5, 8538.0], [2176.25, 6700.0], [2176.0, 22510.0], [2175.75, 5.0], [2175.0, 33574.0], [2174.75, 111913.0], [2173.75, 43887.0], [2172.0, 500.0], [2171.75, 84523.0], [2171.5, 5.0], [2171.0, 180000.0], [2169.5, 40000.0], [2167.25, 5.0], [2165.0, 500.0], [2164.0, 40500.0], [2162.75, 45098.0]], "asks": [[2179.25, 8386.0], [2179.5, 19016.0], [2179.75, 4424.0], [2180.0, 14748.0], [2180.5, 2849.0], [2180.75, 9495.0], [2182.25, 6754.0], [2182.5, 22495.0], [2183.0, 13152.0], [2183.25, 43840.0], [2184.0, 13704.0], [2184.25, 44013.0], [2184.5, 5.0], [2185.5, 90000.0], [2185.75, 40000.0], [2187.75, 500.0], [2188.0, 45226.0], [2189.0, 5.0], [2189.25, 180000.0], [2190.5, 40000.0]]}}}
{"jsonrpc": "2.0", "method": "subscription", "params": {"channel": "book.ETH-14MAR25.none.20.100ms", "data": {"timestamp": 1741378965274, "change_id": 61336001334, "instrument_name": "ETH-14MAR25", "bids": [[2175.75, 800.0], [2175.5, 4162.0], [2175.25, 11942.0], [2175.0, 6117.0], [2174.75, 3634.0], [2174.5, 2404.0], [2174.25, 4937.0], [2174.0, 15050.0], [2173.75, 22749.0], [2173.5, 26866.0], [2173.25, 8991.0], [2173.0, 31577.0], [2172.75, 20041.0], [2172.5, 5897.0], [2172.25, 1920.0], [2172.0, 4648.0], [2171.75, 34264.0], [2171.5, 91213.0], [2171.25, 51202.0], [2170.0, 1220.0]], "asks": [[2176.0, 1.0], [2176.25, 2157.0], [2176.5, 7699.0], [2176.75, 12434.0], [2177.0, 2741.0], [2177.25, 10587.0], [2177.5, 27101.0], [2177.75, 1824.0], [2178.0, 5053.0], [2178.25, 9956.0], [2178.5, 9665.0], [2178.75, 45513.0], [2179.0, 51603.0], [2179.25, 1579.0], [2179.5, 1579.0], [2179.75, 1573.0], [2180.0, 1575.0], [2180.25, 1194.0], [2181.0, 1180.0], [2181.25, 1681.0]]}}}
{"jsonrpc": "2.0", "method": "subscription", "params": {"channel": "book.ETH-21MAR25.none.20.100ms", "data": {"timestamp": 1741378965633, "change_id": 61336001919, "instrument_name": "ETH-21MAR25", "bids": [[2178.5, 3036.0], [2178.25, 10544.0], [2177.75, 903.0], [2177.5, 3188.0], [2176.75, 2508.0], [2176.5, 8538.0], [2176.25, 6700.0], [2176.0, 22510.0], [2175.75, 5.0], [2175.0, 33574.0], [2174.75, 111913.0], [2173.75, 43887.0], [2172.0, 500.0], [2171.75, 84523.0], [2171.5, 5.0], [2171.0, 180000.0], [2169.5, 40000.0], [2167.25, 5.0], [2165.0, 500.0], [2164.0, 40500.0]], "asks": [[2179.25, 8386.0], [2179.5, 18896.0], [2179.75, 4544.0], [2180.0, 14748.0], [2180.5, 2849.0], [2180.75, 9495.0], [2182.25, 6754.0], [2182.5, 22495.0], [2183.0, 13152.0], [2183.25, 43840.0], [2184.0, 13704.0], [2184.25, 44013.0], [2184.5, 5.0], [2185.5, 90000.0], [2185.75, 40000.0], [2187.75, 500.0], [2188.0, 45226.0], [2189.0, 5.0], [2189.25, 180000.0], [2190.5, 40000.0]]}}}
{"jsonrpc": "2.0", "method": "subscription", "params": {"channel": "book.ETH-14MAR25.none.20.100ms", "data": {"timestamp": 1741378965632, "change_id": 61336001914, "instrument_name": "ETH-14MAR25", "bids": [[2176.0, 1040.0], [2175.75, 4076.0], [2175.5, 11490.0], [2175.25, 3156.0], [2175.0, 6117.0], [2174.75, 3634.0], [2174.5, 2404.0], [2174.25, 4937.0], [2174.0, 15050.0], [2173.75, 22749.0], [2173.5, 26866.0], [2173.25, 8991.0], [2173.0, 31577.0], [2172.75, 20041.0], [2172.5, 5897.0], [2172.25, 1920.0], [2172.0, 4648.0], [2171.75, 34264.0], [2171.5, 91213.0], [2171.25, 51202.0]], "asks": [[2176.25, 1.0], [2176.5, 8779.0], [2176.75, 11340.0], [2177.0, 2741.0], [2177.25, 9997.0], [2177.5, 27101.0], [2177.75, 1824.0], [2178.0, 5053.0], [2178.25, 9956.0], [2178.5, 9665.0], [2178.75, 45513.0], [2179.0, 51603.0], [2179.25, 1579.0], [2179.5, 1579.0], [2179.75, 1573.0], [2180.0, 1575.0], [2180.25, 1194.0], [2181.0, 1180.0], [2181.25, 1681.0], [2182.5, 1190.0]]}}}
{"jsonrpc": "2.0", "method": "subscription", "params": {"channel": "book.ETH-14MAR25.none.20.100ms", "data": {"timestamp": 1741378965924, "change_id": 61336002790, "instrument_name": "ETH-14MAR25", "bids": [[2176.0, 1040.0], [2175.75, 4076.0], [2175.5, 11490.0], [2175.25, 3156.0], [2175.0, 6117.0], [2174.75, 3634.0], [2174.5, 2404.0], [2174.25, 4937.0], [2174.0, 15050.0], [2173.75, 22749.0], [2173.5, 26866.0], [2173.25, 8991.0], [2173.0, 31577.0], [2172.75, 20041.0], [2172.5, 5897.0], [2172.25, 1920.0], [2172.0, 4648.0], [2171.75, 34264.0], [2171.5, 91213.0], [2171.25, 51202.0]], "asks": [[2176.25, 1.0], [2176.5, 4788.0], [2176.75, 14531.0], [2177.0, 2741.0], [2177.25, 9997.0], [2177.5, 27101.0], [2177.75, 1824.0], [2178.0, 5053.0], [2178.25, 9956.0], [2178.5, 9665.0], [2178.75, 45513.0], [2179.0, 51603.0], [2179.25, 1579.0], [2179.5, 1579.0], [2179.75, 1573.0], [2180.0, 1575.0], [2180.25, 1194.0], [2181.0, 1180.0], [2181.25, 1681.0], [2182.5, 1190.0]]}}}
{"jsonrpc": "2.0", "method": "subscription", "params": {"channel": "book.ETH-21MAR25.none.20.100ms", "data": {"timestamp": 1741378965959, "change_id": 61336002839, "instrument_name": "ETH-21MAR25", "bids": [[2178.5, 3036.0], [2178.25, 10544.0], [2177.75, 903.0], [2177.5, 3188.0], [2176.75, 2508.0], [2176.5, 31048.0], [2175.75, 5.0], [2175.0, 33574.0], [2174.75, 111913.0], [2173.75, 43887.0], [2172.0, 500.0], [2171.75, 84523.0], [2171.5, 5.0], [2171.0, 180000.0], [2169.5, 40000.0], [2167.25, 5.0], [2165.0, 500.0], [2164.0, 40500.0], [2162.75, 45098.0], [2158.75, 44167.0]], "asks": [[2179.25, 3188.0], [2179.75, 6991.0], [2180.0, 24748.0], [2180.5, 2849.0], [2180.75, 9495.0], [2182.25, 6754.0], [2182.5, 22495.0], [2183.0, 13152.0], [2183.25, 43840.0], [2184.0, 13704.0], [2184.25, 44013.0], [2184.5, 5.0], [2185.5, 90000.0], [2185.75, 40000.0], [2187.75, 500.0], [2188.0, 45226.0], [2189.0, 5.0], [2189.25, 180000.0], [2190.5, 40000.0], [2192.25, 500.0]]}}}
{"jsonrpc": "2.0", "method": "subscription", "params": {"channel": "book.ETH-21MAR25.none.20.100ms", "data": {"timestamp": 1741378966146, "change_id": 61336003747, "instrument_name": "ETH-21MAR25", "bids": [[2178.5, 10544.0], [2177.75, 903.0], [2177.5, 11140.0], [2176.0, 22510.0], [2175.75, 5.0], [2175.0, 33574.0], [2174.75, 111913.0], [2173.75, 43887.0], [2172.0, 500.0], [2171.75, 84523.0], [2171.5, 5.0], [2171.0, 180000.0], [2169.5, 40000.0], [2167.25, 5.0], [2165.0, 500.0], [2164.0, 40500.0], [2162.75, 45098.0], [2158.75, 44167.0], [2158.5, 5.0], [2155.75, 29151.0]], "asks": [[2179.25, 3188.0], [2179.75, 2991.0], [2180.0, 10000.0], [2180.5, 2849.0], [2180.75, 9495.0], [2181.75, 4424.0], [2182.0, 14748.0], [2182.25, 6754.0], [2182.5, 22495.0], [2183.0, 13152.0], [2183.25, 43840.0], [2184.0, 13704.0], [2184.25, 44013.0], [2184.5, 5.0], [2185.5, 90000.0], [2186.75, 40000.0], [2187.75, 500.0], [2188.0, 45226.0], [2189.0, 5.0], [2189.25, 180000.0]]}}}
{"jsonrpc": "2.0", "method": "subscription", "params": {"channel": "book.ETH-14MAR25.none.20.100ms", "data": {"timestamp": 1741378966177, "change_id": 61336003808, "instrument_name": "ETH-14MAR25", "bids": [[2176.25, 801.0], [2176.0, 4046.0], [2175.75, 12429.0], [2175.5, 5775.0], [2175.25, 2434.0], [2175.0, 2926.0], [2174.75, 3934.0], [2174.5, 6979.0], [2174.25, 28669.0], [2174.0, 36358.0], [2173.75, 2392.0], [2173.5, 1524.0], [2173.25, 8991.0], [2173.0, 30987.0], [2172.75, 20041.0], [2172.5, 5897.0], [2172.25, 1920.0], [2172.0, 4648.0], [2171.75, 34264.0], [2171.5, 91213.0]], "asks": [[2176.5, 2000.0], [2176.75, 5765.0], [2177.0, 5545.0], [2177.25, 12808.0], [2177.5, 2914.0], [2177.75, 1824.0], [2178.0, 12126.0], [2178.25, 34733.0], [2178.5, 9665.0], [2178.75, 30614.0], [2179.0, 1548.0], [2179.25, 1579.0], [2179.5, 1579.0], [2179.75, 1573.0], [2180.0, 1575.0], [2180.25, 1194.0], [2180.75, 50055.0], [2181.0, 1180.0], [2181.25, 1681.0], [2182.5, 1190.0]]}}}
{"jsonrpc": "2.0", "method": "subscription", "params": {"channel": "book.ETH-14MAR25.none.20.100ms", "data": {"timestamp": 1741378966621, "change_id": 61336004568, "instrument_name": "ETH-14MAR25", "bids": [[2176.25, 1.0], [2176.0, 4046.0], [2175.75, 12429.0], [2175.5, 5775.0], [2175.25, 2434.0], [2175.0, 2926.0], [2174.75, 3934.0], [2174.5, 6979.0], [2174.25, 28669.0], [2174.0, 36358.0], [2173.75, 1592.0], [2173.5, 1524.0], [2173.25, 8991.0], [2173.0, 30987.0], [2172.75, 20041.0], [2172.5, 5897.0], [2172.25, 1920.0], [2172.0, 4648.0], [2171.75, 34264.0], [2171.5, 91713.0]], "asks": [[2176.5, 2000.0], [2176.75, 5431.0], [2177.0, 4451.0], [2177.25, 12688.0], [2177.5, 2914.0], [2177.75, 2624.0], [2178.0, 12126.0], [2178.25, 34733.0], [2178.5, 9665.0], [2178.75, 30614.0], [2179.0, 1548.0], [2179.25, 1579.0], [2179.5, 1579.0], [2179.75, 1573.0], [2180.0, 1575.0], [2180.25, 1558.0], [2180.5, 16231.0], [2180.75, 50409.0], [2181.0, 1180.0], [2181.25, 1681.0]]}}}
{"jsonrpc": "2.0", "method": "subscription", "params": {"channel": "book.ETH-21MAR25.none.20.100ms", "data": {"timestamp": 1741378966616, "change_id": 61336004555, "instrument_name": "ETH-21MAR25", "bids": [[2178.5, 10544.0], [2177.75, 903.0], [2177.5, 11140.0], [2176.0, 22510.0], [2175.75, 5.0], [2175.0, 33574.0], [2174.75, 111913.0], [2174.25, 500.0], [2173.75, 43887.0], [2172.0, 500.0], [2171.75, 84523.0], [2171.5, 5.0], [2171.0, 180000.0], [2169.5, 40000.0], [2167.25, 5.0], [2165.0, 500.0], [2164.0, 40000.0], [2162.75, 45098.0], [2158.75, 44167.0], [2158.5, 5.0]], "asks": [[2179.25, 3188.0], [2179.75, 2991.0], [2180.0, 10000.0], [2180.5, 2849.0], [2180.75, 9495.0], [2181.75, 4424.0], [2182.0, 14748.0], [2182.25, 6754.0], [2182.5, 22495.0], [2183.0, 13152.0], [2183.25, 43840.0], [2184.0, 13704.0], [2184.25, 44013.0], [2184.5, 5.0], [2185.5, 90000.0], [2186.75, 40000.0], [2187.75, 500.0], [2188.0, 45226.0], [2189.0, 5.0], [2189.25, 180000.0]]}}}
{"jsonrpc": "2.0", "method": "subscription", "params": {"channel": "book.ETH-14MAR25.none.20.100ms", "data": {"timestamp": 1741378966954, "change_id": 61336005381, "instrument_name": "ETH-14MAR25", "bids": [[2176.0, 800.0], [2175.75, 11220.0], [2175.5, 1370.0], [2175.25, 3643.0], [2175.0, 6117.0], [2174.75, 3934.0], [2174.5, 6389.0], [2174.25, 21531.0], [2174.0, 27746.0], [2173.75, 1592.0], [2173.5, 1524.0], [2173.25, 8991.0], [2173.0, 30987.0], [2172.75, 20041.0], [2172.5, 5897.0], [2172.25, 1920.0], [2172.0, 4648.0], [2171.75, 34264.0], [2171.5, 91713.0], [2171.25, 51202.0]], "asks": [[2176.25, 1.0], [2176.5, 3509.0], [2176.75, 7555.0], [2177.0, 12903.0], [2177.25, 2688.0], [2177.5, 2914.0], [2177.75, 2624.0], [2178.0, 12126.0], [2178.25, 34733.0], [2178.5, 9665.0], [2178.75, 30614.0], [2179.0, 1548.0], [2179.25, 1579.0], [2179.5, 1579.0], [2179.75, 1573.0], [2180.0, 1575.0], [2180.25, 1558.0], [2180.5, 16231.0], [2180.75, 50409.0], [2181.0, 1180.0]]}}}
{"jsonrpc": "2.0", "method": "subscription", "params": {"channel": "book.ETH-21MAR25.none.20.100ms", "data": {"timestamp": 1741378966947, "change_id": 61336005366, "instrument_name": "ETH-21MAR25", "bids": [[2178.5, 10000.0], [2178.0, 120.0], [2177.75, 903.0], [2177.5, 3188.0], [2176.0, 22510.0], [2175.75, 5.0], [2175.0, 33574.0], [2174.75, 111913.0], [2174.25, 500.0], [2173.75, 43887.0], [2172.0, 500.0], [2171.75, 84523.0], [2171.5, 5.0], [2171.0, 180000.0], [2169.5, 40000.0], [2167.25, 5.0], [2165.0, 500.0], [2164.0, 40000.0], [2162.75, 45098.0], [2158.75, 44167.0]], "asks": [[2179.0, 956.0], [2179.25, 3188.0], [2179.75, 2991.0], [2180.0, 10000.0], [2180.5, 2849.0], [2180.75, 9495.0], [2181.75, 4424.0], [2182.0, 14748.0], [2182.25, 6754.0], [2182.5, 22495.0], [2183.0, 13152.0], [2183.25, 43840.0], [2184.0, 13704.0], [2184.25, 44013.0], [2184.5, 5.0], [2185.5, 90000.0], [2186.75, 40000.0], [2187.75, 500.0], [2188.0, 45226.0], [2189.0, 5.0]]}}}
{"jsonrpc": "2.0", "method": "subscription", "params": {"channel": "book.ETH-21MAR25.none.20.100ms", "data": {"timestamp": 1741378967282, "change_id": 61336005972, "instrument_name": "ETH-21MAR25", "bids": [[2178.5, 10000.0], [2178.25, 120.0], [2178.0, 893.0], [2177.75, 2975.0], [2177.25, 8302.0], [2176.0, 22510.0], [2175.75, 5.0], [2175.0, 33574.0], [2174.75, 111913.0], [2174.25, 500.0], [2173.75, 43887.0], [2172.0, 500.0], [2171.75, 84523.0], [2171.5, 5.0], [2171.0, 180000.0], [2169.5, 40000.0], [2167.25, 5.0], [2165.0, 500.0], [2164.0, 40000.0], [2162.75, 45098.0]], "asks": [[2179.25, 2975.0], [2179.5, 3036.0], [2179.75, 10544.0], [2180.5, 2849.0], [2180.75, 9495.0], [2181.75, 4424.0], [2182.0, 14748.0], [2182.25, 6754.0], [2182.5, 22495.0], [2183.0, 13152.0], [2183.25, 43840.0], [2184.0, 13704.0], [2184.25, 44013.0], [2184.5, 5.0], [2185.5, 90000.0], [2186.75, 40000.0], [2187.75, 500.0], [2188.0, 45226.0], [2189.0, 5.0], [2189.25, 180000.0]]}}}
{"jsonrpc": "2.0", "method": "subscription", "params": {"channel": "book.ETH-14MAR25.none.20.100ms", "data": {"timestamp": 1741378967286, "change_id": 61336005983, "instrument_name": "ETH-14MAR25", "bids": [[2176.0, 4040.0], [2175.75, 11220.0], [2175.5, 5682.0], [2175.25, 2434.0], [2175.0, 2926.0], [2174.75, 6141.0], [2174.5, 14461.0], [2174.25, 22121.0], [2174.0, 27746.0], [2173.75, 1592.0], [2173.5, 1524.0], [2173.25, 8991.0], [2173.0, 30987.0], [2172.75, 20041.0], [2172.5, 5897.0], [2172.25, 1920.0], [2172.0, 4648.0], [2171.75, 34264.0], [2171.5, 91713.0], [2171.25, 51202.0]], "asks": [[2176.5, 2240.0], [2176.75, 7342.0], [2177.0, 12903.0], [2177.25, 2688.0], [2177.5, 2914.0], [2177.75, 2624.0], [2178.0, 12126.0], [2178.25, 34733.0], [2178.5, 9665.0], [2178.75, 30614.0], [2179.0, 1548.0], [2179.25, 1579.0], [2179.5, 1579.0], [2179.75, 1573.0], [2180.0, 1575.0], [2180.25, 1558.0], [2180.5, 16231.0], [2180.75, 50409.0], [2181.0, 1180.0], [2181.25, 1681.0]]}}}
{"jsonrpc": "2.0", "method": "subscription", "params": {"channel": "book.ETH-14MAR25.none.20.100ms", "data": {"timestamp": 1741378967603, "change_id": 61336006322, "instrument_name": "ETH-14MAR25", "bids": [[2176.0, 4040.0], [2175.75, 12281.0], [2175.5, 4468.0], [2175.25, 2434.0], [2175.0, 2926.0], [2174.75, 6141.0], [2174.5, 14461.0], [2174.25, 22121.0], [2174.0, 27746.0], [2173.75, 1592.0], [2173.5, 1524.0], [2173.25, 8991.0], [2173.0, 30987.0], [2172.75, 20041.0], [2172.5, 5897.0], [2172.25, 1920.0], [2172.0, 4648.0], [2171.75, 34264.0], [2171.5, 91713.0], [2171.25, 51202.0]], "asks": [[2176.5, 3103.0], [2176.75, 7342.0], [2177.0, 12903.0], [2177.25, 2688.0], [2177.5, 2914.0], [2177.75, 2624.0], [2178.0, 12126.0], [2178.25, 34733.0], [2178.5, 9665.0], [2178.75, 30614.0], [2179.0, 1548.0], [2179.25, 1579.0], [2179.5, 1579.0], [2179.75, 1573.0], [2180.0, 1575.0], [2180.25, 1558.0], [2180.5, 16231.0], [2180.75, 50409.0], [2181.0, 1180.0], [2181.25, 1681.0]]}}}
{"jsonrpc": "2.0", "method": "subscription", "params": {"channel": "book.ETH-21MAR25.none.20.100ms", "data": {"timestamp": 1741378967335, "change_id": 61336006006, "instrument_name": "ETH-21MAR25", "bids": [[2178.5, 10000.0], [2178.25, 120.0], [2178.0, 893.0], [2177.75, 2975.0], [2177.25, 8302.0], [2176.0, 22510.0], [2175.75, 5.0], [2175.0, 33574.0], [2174.75, 111913.0], [2174.25, 500.0], [2173.75, 43887.0], [2172.0, 500.0], [2171.75, 84523.0], [2171.5, 5.0], [2171.0, 180000.0], [2169.5, 40000.0], [2167.25, 5.0], [2165.0, 500.0], [2164.0, 40000.0], [2162.75, 45098.0]], "asks": [[2179.25, 2975.0], [2179.5, 4482.0], [2179.75, 16629.0], [2180.5, 2849.0], [2180.75, 9495.0], [2181.75, 4424.0], [2182.0, 14748.0], [2182.25, 6754.0], [2182.5, 22495.0], [2183.0, 13152.0], [2183.25, 43840.0], [2184.0, 13704.0], [2184.25, 44013.0], [2184.5, 5.0], [2185.5, 90000.0], [2186.75, 40000.0], [2187.75, 500.0], [2188.0, 45226.0], [2189.0, 5.0], [2189.25, 180000.0]]}}}
{"jsonrpc": "2.0", "method": "subscription", "params": {"channel": "book.ETH-14MAR25.none.20.100ms", "data": {"timestamp": 1741378967920, "change_id": 61336006750, "instrument_name": "ETH-14MAR25", "bids": [[2176.0, 4077.0], [2175.75, 12401.0], [2175.5, 4348.0], [2175.25, 2434.0], [2175.0, 2926.0], [2174.75, 6141.0], [2174.5, 14461.0], [2174.25, 22121.0], [2174.0, 27746.0], [2173.75, 1592.0], [2173.5, 1524.0], [2173.25, 8991.0], [2173.0, 30987.0], [2172.75, 20041.0], [2172.5, 5897.0], [2172.25, 1920.0], [2172.0, 4648.0], [2171.75, 34264.0], [2171.5, 91713.0], [2171.25, 51202.0]], "asks": [[2176.5, 3103.0], [2176.75, 7342.0], [2177.0, 12903.0], [2177.25, 2688.0], [2177.5, 2914.0], [2177.75, 2624.0], [2178.0, 12126.0], [2178.25, 34733.0], [2178.5, 9665.0], [2178.75, 30614.0], [2179.0, 1548.0], [2179.25, 1579.0], [2179.5, 1579.0], [2179.75, 1573.0], [2180.0, 1575.0], [2180.25, 1558.0], [2180.5, 16231.0], [2180.75, 50409.0], [2181.0, 1180.0], [2181.25, 1681.0]]}}}
{"jsonrpc": "2.0", "method": "subscription", "params": {"channel": "book.ETH-21MAR25.none.20.100ms", "data": {"timestamp": 1741378967780, "change_id": 61336006590, "instrument_name": "ETH-21MAR25", "bids": [[2178.5, 10120.0], [2178.0, 893.0], [2177.75, 2975.0], [2177.5, 2491.0], [2177.25, 8302.0], [2176.25, 6753.0], [2176.0, 22510.0], [2175.75, 5.0], [2175.0, 33574.0], [2174.75, 111913.0], [2174.25, 500.0], [2173.75, 43887.0], [2172.0, 500.0], [2171.75, 84523.0], [2171.5, 5.0], [2171.0, 180000.0], [2169.5, 40000.0], [2167.25, 5.0], [2165.0, 500.0], [2164.0, 40000.0]], "asks": [[2179.25, 2975.0], [2179.5, 3036.0], [2179.75, 10544.0], [2180.5, 2849.0], [2180.75, 9495.0], [2181.75, 4424.0], [2182.0, 14748.0], [2182.25, 6754.0], [2182.5, 22495.0], [2183.0, 13152.0], [2183.25, 43840.0], [2184.0, 13704.0], [2184.25, 44013.0], [2184.5, 5.0], [2185.5, 90000.0], [2186.75, 40000.0], [2187.75, 500.0], [2188.0, 45226.0], [2189.0, 5.0], [2189.25, 180000.0]]}}}
{"jsonrpc": "2.0", "method": "subscription", "params": {"channel": "book.ETH-21MAR25.none.20.100ms", "data": {"timestamp": 1741378968191, "change_id": 61336007097, "instrument_name": "ETH-21MAR25", "bids": [[2178.5, 10120.0], [2178.0, 893.0], [2177.75, 2975.0], [2177.5, 2491.0], [2177.25, 8302.0], [2176.25, 6753.0], [2176.0, 22510.0], [2175.75, 5.0], [2175.0, 33574.0], [2174.75, 111913.0], [2174.25, 500.0], [2173.75, 43887.0], [2172.0, 500.0], [2171.75, 84523.0], [2171.5, 5.0], [2171.0, 180000.0], [2169.5, 40000.0], [2167.25, 5.0], [2165.0, 500.0], [2164.0, 40000.0]], "asks": [[2179.25, 2975.0], [2179.5, 6045.0], [2179.75, 21840.0], [2180.5, 2849.0], [2180.75, 9495.0], [2181.75, 4424.0], [2182.0, 14748.0], [2182.25, 6754.0], [2182.5, 22495.0], [2183.0, 13152.0], [2183.25, 43840.0], [2184.0, 13704.0], [2184.25, 44013.0], [2184.5, 5.0], [2185.5, 90000.0], [2186.75, 40000.0], [2187.75, 500.0], [2188.0, 45226.0], [2189.0, 5.0], [2189.25, 180000.0]]}}}
{"jsonrpc": "2.0", "method": "subscription", "params": {"channel": "book.ETH-14MAR25.none.20.100ms", "data": {"timestamp": 1741378968186, "change_id": 61336007095, "instrument_name": "ETH-14MAR25", "bids": [[2176.0, 4077.0], [2175.75, 12401.0], [2175.5, 4348.0], [2175.25, 2434.0], [2175.0, 2926.0], [2174.75, 6141.0], [2174.5, 14461.0], [2174.25, 22121.0], [2174.0, 27746.0], [2173.75, 1592.0], [2173.5, 1524.0], [2173.25, 8991.0], [2173.0, 30987.0], [2172.75, 20041.0], [2172.5, 5897.0], [2172.25, 1920.0], [2172.0, 4648.0], [2171.75, 34264.0], [2171.5, 91713.0], [2171.25, 51202.0]], "asks": [[2176.5, 2303.0], [2176.75, 7342.0], [2177.0, 12903.0], [2177.25, 2688.0], [2177.5, 2914.0], [2177.75, 2624.0], [2178.0, 12126.0], [2178.25, 34733.0], [2178.5, 9665.0], [2178.75, 30614.0], [2179.0, 1548.0], [2179.25, 1579.0], [2179.5, 1579.0], [2179.75, 1573.0], [2180.0, 1575.0], [2180.25, 1558.0], [2180.5, 16231.0], [2180.75, 50409.0], [2181.0, 1180.0], [2181.25, 1681.0]]}}}
{"jsonrpc": "2.0", "method": "subscription", "params": {"channel": "book.ETH-21MAR25.none.20.100ms", "data": {"timestamp": 1741378968605, "change_id": 61336007738, "instrument_name": "ETH-21MAR25", "bids": [[2178.75, 3036.0], [2178.5, 10120.0], [2178.0, 893.0], [2177.75, 2975.0], [2177.5, 2491.0], [2177.25, 8302.0], [2176.25, 6753.0], [2176.0, 22510.0], [2175.75, 5.0], [2175.0, 33574.0], [2174.75, 111913.0], [2174.25, 500.0], [2173.75, 43887.0], [2172.0, 500.0], [2171.75, 84523.0], [2171.5, 5.0], [2171.0, 180000.0], [2169.5, 40000.0], [2167.25, 5.0], [2165.0, 500.0]], "asks": [[2179.25, 2975.0], [2179.5, 3036.0], [2179.75, 11840.0], [2180.0, 3000.0], [2180.25, 10000.0], [2180.5, 2849.0], [2180.75, 9495.0], [2181.75, 4424.0], [2182.0, 14748.0], [2182.25, 6754.0], [2182.5, 22495.0], [2183.0, 13152.0], [2183.25, 43840.0], [2184.0, 13704.0], [2184.25, 44013.0], [2184.5, 5.0], [2185.5, 90000.0], [2186.75, 40000.0], [2187.75, 500.0], [2188.0, 45226.0]]}}}
{"jsonrpc": "2.0", "method": "subscription", "params": {"channel": "book.ETH-14MAR25.none.20.100ms", "data": {"timestamp": 1741378968606, "change_id": 61336007742, "instrument_name": "ETH-14MAR25", "bids": [[2176.25, 800.0], [2176.0, 4076.0], [2175.75, 12401.0], [2175.5, 5562.0], [2175.25, 2434.0], [2175.0, 2926.0], [2174.75, 6141.0], [2174.5, 10776.0], [2174.25, 13800.0], [2174.0, 40621.0], [2173.75, 1592.0], [2173.5, 1524.0], [2173.25, 8991.0], [2173.0, 30987.0], [2172.75, 20041.0], [2172.5, 5897.0], [2172.25, 1920.0], [2172.0, 4648.0], [2171.75, 34264.0], [2171.5, 91713.0]], "asks": [[2176.5, 1.0], [2176.75, 7742.0], [2177.0, 11689.0], [2177.25, 2688.0], [2177.5, 2324.0], [2177.75, 2624.0], [2178.0, 12126.0], [2178.25, 34733.0], [2178.5, 9665.0], [2178.75, 30614.0], [2179.0, 1548.0], [2179.25, 1579.0], [2179.5, 1579.0], [2179.75, 1573.0], [2180.0, 1575.0], [2180.25, 1558.0], [2180.5, 16231.0], [2180.75, 50409.0], [2181.0, 1180.0], [2181.25, 1681.0]]}}}
{"jsonrpc": "2.0", "method": "subscription", "params": {"channel": "book.ETH-21MAR25.none.20.100ms", "data": {"timestamp": 1741378968866, "change_id": 61336008238, "instrument_name": "ETH-21MAR25", "bids": [[2178.75, 3036.0], [2178.5, 10120.0], [2178.0, 893.0], [2177.75, 2975.0], [2177.5, 2491.0], [2177.25, 8302.0], [2176.25, 6753.0], [2176.0, 22510.0], [2175.75, 5.0], [2175.0, 33574.0], [2174.75, 111913.0], [2174.25, 500.0], [2173.75, 43887.0], [2172.0, 500.0], [2171.75, 84523.0], [2171.5, 5.0], [2171.0, 180000.0], [2169.5, 40000.0], [2167.25, 5.0], [2165.0, 500.0]], "asks": [[2179.25, 2975.0], [2179.75, 3120.0], [2180.0, 10424.0], [2180.5, 2849.0], [2180.75, 9495.0], [2181.75, 4424.0], [2182.0, 14748.0], [2182.25, 6754.0], [2182.5, 22495.0], [2183.0, 13152.0], [2183.25, 43840.0], [2184.0, 13704.0], [2184.25, 44013.0], [2184.5, 5.0], [2185.5, 90000.0], [2186.75, 40000.0], [2187.75, 500.0], [2188.0, 45226.0], [2189.0, 5.0], [2189.25, 180000.0]]}}}
{"jsonrpc": "2.0", "method": "subscription", "params": {"channel": "book.ETH-14MAR25.none.20.100ms", "data": {"timestamp": 1741378968923, "change_id": 61336008366, "instrument_name": "ETH-14MAR25", "bids": [[2176.25, 1040.0], [2176.0, 4076.0], [2175.75, 12401.0], [2175.5, 5562.0], [2175.25, 2434.0], [2175.0, 2926.0], [2174.75, 6141.0], [2174.5, 10776.0], [2174.25, 13800.0], [2174.0, 40621.0], [2173.75, 1592.0], [2173.5, 1524.0], [2173.25, 8991.0], [2173.0, 30987.0], [2172.75, 20041.0], [2172.5, 5897.0], [2172.25, 1920.0], [2172.0, 4648.0], [2171.75, 34264.0], [2171.5, 91713.0]], "asks": [[2176.75, 4418.0], [2177.0, 4415.0], [2177.25, 12688.0], [2177.5, 2914.0], [2177.75, 2624.0], [2178.0, 12126.0], [2178.25, 34733.0], [2178.5, 9665.0], [2178.75, 30614.0], [2179.0, 1548.0], [2179.25, 1579.0], [2179.5, 1579.0], [2179.75, 1573.0], [2180.0, 1575.0], [2180.25, 1558.0], [2180.5, 16231.0], [2180.75, 50409.0], [2181.0, 1180.0], [2181.25, 1681.0], [2182.5, 1190.0]]}}}
{"jsonrpc": "2.0", "method": "subscription", "params": {"channel": "book.ETH-14MAR25.none.20.100ms", "data": {"timestamp": 1741378969242, "change_id": 61336008860, "instrument_name": "ETH-14MAR25", "bids": [[2176.25, 800.0], [2176.0, 4076.0], [2175.75, 12401.0], [2175.5, 5562.0], [2175.25, 2434.0], [2175.0, 2926.0], [2174.75, 6141.0], [2174.5, 10776.0], [2174.25, 13800.0], [2174.0, 40621.0], [2173.75, 1592.0], [2173.5, 1524.0], [2173.25, 8991.0], [2173.0, 30987.0], [2172.75, 20041.0], [2172.5, 5897.0], [2172.25, 1920.0], [2172.0, 4648.0], [2171.75, 34264.0], [2171.5, 91713.0]], "asks": [[2176.5, 2000.0], [2176.75, 4418.0], [2177.0, 4415.0], [2177.25, 12688.0], [2177.5, 2914.0], [2177.75, 2624.0], [2178.0, 12126.0], [2178.25, 34733.0], [2178.5, 9665.0], [2178.75, 30614.0], [2179.0, 1548.0], [2179.25, 1579.0], [2179.5, 1579.0], [2179.75, 1573.0], [2180.0, 1575.0], [2180.25, 1558.0], [2180.5, 16231.0], [2180.75, 50409.0], [2181.0, 1180.0], [2181.25, 1681.0]]}}}
{"jsonrpc": "2.0", "method": "subscription", "params": {"channel": "book.ETH-21MAR25.none.20.100ms", "data": {"timestamp": 1741378969050, "change_id": 61336008739, "instrument_name": "ETH-21MAR25", "bids": [[2178.5, 10120.0], [2178.0, 893.0], [2177.75, 2975.0], [2177.5, 2491.0], [2177.25, 8302.0], [2176.25, 6753.0], [2176.0, 22510.0], [2175.75, 5.0], [2175.0, 33574.0], [2174.75, 111913.0], [2174.25, 500.0], [2173.75, 43887.0], [2172.0, 500.0], [2171.75, 84523.0], [2171.5, 5.0], [2171.0, 180000.0], [2169.5, 40000.0], [2167.25, 5.0], [2165.0, 500.0], [2164.0, 40000.0]], "asks": [[2179.25, 2975.0], [2179.75, 3120.0], [2180.0, 10424.0], [2180.5, 2849.0], [2180.75, 9495.0], [2181.75, 4424.0], [2182.0, 14748.0], [2182.25, 6754.0], [2182.5, 22495.0], [2183.0, 13152.0], [2183.25, 43840.0], [2184.0, 13704.0], [2184.25, 44013.0], [2184.5, 5.0], [2185.5, 90000.0], [2186.75, 40000.0], [2187.75, 500.0], [2188.0, 45226.0], [2189.0, 5.0], [2189.25, 180000.0]]}}}
{"jsonrpc": "2.0", "method": "subscription", "params": {"channel": "book.ETH-14MAR25.none.20.100ms", "data": {"timestamp": 1741378969593, "change_id": 61336009280, "instrument_name": "ETH-14MAR25", "bids": [[2176.25, 1077.0], [2176.0, 4196.0], [2175.75, 14198.0], [2175.5, 2584.0], [2175.25, 2434.0], [2175.0, 2926.0], [2174.75, 6141.0], [2174.5, 10776.0], [2174.25, 13800.0], [2174.0, 40621.0], [2173.75, 1592.0], [2173.5, 1524.0], [2173.25, 8991.0], [2173.0, 30987.0], [2172.75, 20041.0], [2172.5, 5897.0], [2172.25, 1920.0], [2172.0, 4648.0], [2171.75, 34264.0], [2171.5, 91713.0]], "asks": [[2176.75, 2339.0], [2177.0, 7393.0], [2177.25, 12688.0], [2177.5, 2914.0], [2177.75, 2624.0], [2178.0, 12126.0], [2178.25, 34733.0], [2178.5, 9665.0], [2178.75, 30614.0], [2179.0, 1548.0], [2179.25, 1579.0], [2179.5, 1579.0], [2179.75, 1573.0], [2180.0, 1575.0], [2180.25, 1558.0], [2180.5, 16231.0], [2180.75, 50409.0], [2181.0, 1180.0], [2181.25, 1681.0], [2182.5, 1190.0]]}}}
{"jsonrpc": "2.0", "method": "subscription", "params": {"channel": "book.ETH-21MAR25.none.20.100ms", "data": {"timestamp": 1741378969577, "change_id": 61336009245, "instrument_name": "ETH-21MAR25", "bids": [[2178.75, 3156.0], [2178.5, 10000.0], [2178.25, 893.0], [2178.0, 2975.0], [2177.5, 2491.0], [2177.25, 8302.0], [2176.25, 6753.0], [2176.0, 22510.0], [2175.75, 5.0], [2175.0, 33574.0], [2174.75, 111913.0], [2174.25, 500.0], [2173.75, 43887.0], [2172.0, 500.0], [2171.75, 84523.0], [2171.5, 5.0], [2171.0, 180000.0], [2169.5, 40000.0], [2167.25, 5.0], [2165.0, 500.0]], "asks": [[2179.25, 2975.0], [2179.75, 3000.0], [2180.0, 10544.0], [2180.5, 2849.0], [2180.75, 9495.0], [2181.75, 4424.0], [2182.0, 14748.0], [2182.25, 6754.0], [2182.5, 22495.0], [2183.0, 13152.0], [2183.25, 43840.0], [2184.0, 13704.0], [2184.25, 44013.0], [2184.5, 5.0], [2185.5, 90000.0], [2186.75, 40000.0], [2187.75, 500.0], [2188.0, 45226.0], [2189.0, 5.0], [2189.25, 180000.0]]}}}
{"jsonrpc": "2.0", "method": "subscription", "params": {"channel": "book.ETH-21MAR25.none.20.100ms", "data": {"timestamp": 1741378969810, "change_id": 61336009564, "instrument_name": "ETH-21MAR25", "bids": [[2178.75, 3156.0], [2178.5, 10000.0], [2178.25, 893.0], [2178.0, 2975.0], [2177.5, 2491.0], [2177.25, 8302.0], [2176.25, 6753.0], [2176.0, 22510.0], [2175.75, 5.0], [2175.0, 33574.0], [2174.75, 111913.0], [2174.25, 500.0], [2173.75, 43887.0], [2172.0, 500.0], [2171.75, 84523.0], [2171.5, 5.0], [2171.0, 180000.0], [2169.5, 40000.0], [2167.25, 5.0], [2165.0, 500.0]], "asks": [[2179.5, 2975.0], [2179.75, 3000.0], [2180.0, 10544.0], [2180.5, 2849.0], [2180.75, 9495.0], [2181.75, 4424.0], [2182.0, 14748.0], [2182.25, 6754.0], [2182.5, 22495.0], [2183.0, 13152.0], [2183.25, 43840.0], [2184.0, 13704.0], [2184.25, 44013.0], [2184.5, 5.0], [2185.5, 90000.0], [2186.75, 40000.0], [2187.75, 500.0], [2188.0, 45226.0], [2189.0, 5.0], [2189.25, 180000.0]]}}}
{"jsonrpc": "2.0", "method": "subscription", "params": {"channel": "book.ETH-14MAR25.none.20.100ms", "data": {"timestamp": 1741378969907, "change_id": 61336009725, "instrument_name": "ETH-14MAR25", "bids": [[2176.25, 800.0], [2176.0, 4196.0], [2175.75, 14198.0], [2175.5, 2584.0], [2175.25, 2434.0], [2175.0, 2926.0], [2174.75, 6141.0], [2174.5, 10776.0], [2174.25, 13800.0], [2174.0, 40621.0], [2173.75, 1592.0], [2173.5, 1524.0], [2173.25, 8991.0], [2173.0, 30987.0], [2172.75, 20041.0], [2172.5, 5897.0], [2172.25, 1920.0], [2172.0, 4648.0], [2171.75, 34264.0], [2171.5, 91713.0]], "asks": [[2176.5, 1.0], [2176.75, 2333.0], [2177.0, 7273.0], [2177.25, 12688.0], [2177.5, 3034.0], [2177.75, 2624.0], [2178.0, 12126.0], [2178.25, 34733.0], [2178.5, 9665.0], [2178.75, 30614.0], [2179.0, 1548.0], [2179.25, 1579.0], [2179.5, 1579.0], [2179.75, 1573.0], [2180.0, 1575.0], [2180.25, 1558.0], [2180.5, 16231.0], [2180.75, 50409.0], [2181.0, 1180.0], [2181.25, 1681.0]]}}}
{"jsonrpc": "2.0", "method": "subscription", "params": {"channel": "book.ETH-21MAR25.none.20.100ms", "data": {"timestamp": 1741378970214, "change_id": 61336010199, "instrument_name": "ETH-21MAR25", "bids": [[2178.75, 120.0], [2178.5, 10000.0], [2178.0, 893.0], [2177.75, 2975.0], [2177.5, 2491.0], [2177.25, 8302.0], [2176.25, 6753.0], [2176.0, 22510.0], [2175.75, 5.0], [2175.0, 33574.0], [2174.75, 111913.0], [2174.25, 500.0], [2173.75, 43887.0], [2172.0, 500.0], [2171.75, 84523.0], [2171.5, 5.0], [2171.0, 180000.0], [2169.5, 40000.0], [2167.25, 5.0], [2165.0, 500.0]], "asks": [[2179.25, 2975.0], [2179.75, 3000.0], [2180.0, 10544.0], [2180.5, 2849.0], [2180.75, 9495.0], [2181.75, 4424.0], [2182.0, 14748.0], [2182.25, 6754.0], [2182.5, 22495.0], [2183.0, 13152.0], [2183.25, 43840.0], [2184.0, 13704.0], [2184.25, 44013.0], [2184.5, 5.0], [2185.5, 90000.0], [2186.75, 40000.0], [2187.75, 500.0], [2188.0, 45226.0], [2189.0, 5.0], [2189.25, 180000.0]]}}}
{"jsonrpc": "2.0", "method": "subscription", "params": {"channel": "book.ETH-14MAR25.none.20.100ms", "data": {"timestamp": 1741378970239, "change_id": 61336010213, "instrument_name": "ETH-14MAR25", "bids": [[2176.25, 800.0], [2176.0, 4196.0], [2175.75, 12245.0], [2175.5, 5562.0], [2175.25, 2434.0], [2175.0, 2926.0], [2174.75, 6141.0], [2174.5, 11366.0], [2174.25, 13210.0], [2174.0, 40621.0], [2173.75, 1592.0], [2173.5, 1524.0], [2173.25, 8991.0], [2173.0, 30987.0], [2172.75, 20041.0], [2172.5, 5897.0], [2172.25, 1920.0], [2172.0, 4648.0], [2171.75, 34264.0], [2171.5, 91713.0]], "asks": [[2176.5, 1.0], [2176.75, 4418.0], [2177.0, 4295.0], [2177.25, 12808.0], [2177.5, 2324.0], [2177.75, 2624.0], [2178.0, 12126.0], [2178.25, 34733.0], [2178.5, 9665.0], [2178.75, 30614.0], [2179.0, 1548.0], [2179.25, 1579.0], [2179.5, 1579.0], [2179.75, 1573.0], [2180.0, 1575.0], [2180.25, 1558.0], [2180.5, 16231.0], [2180.75, 50409.0], [2181.0, 1180.0], [2181.25, 1681.0]]}}}
{"jsonrpc": "2.0", "method": "subscription", "params": {"channel": "book.ETH-14MAR25.none.20.100ms", "data": {"timestamp": 1741378970563, "change_id": 61336010868, "instrument_name": "ETH-14MAR25", "bids": [[2176.0, 4160.0], [2175.75, 12245.0], [2175.5, 4348.0], [2175.25, 2434.0], [2175.0, 2926.0], [2174.75, 6141.0], [2174.5, 11366.0], [2174.25, 15279.0], [2174.0, 27746.0], [2173.75, 1592.0], [2173.5, 1524.0], [2173.25, 8991.0], [2173.0, 30987.0], [2172.75, 20041.0], [2172.5, 5897.0], [2172.25, 1920.0], [2172.0, 4648.0], [2171.75, 34264.0], [2171.5, 91713.0], [2171.25, 51202.0]], "asks": [[2176.5, 3493.0], [2176.75, 5545.0], [2177.0, 10490.0], [2177.25, 30105.0], [2177.5, 2697.0], [2177.75, 3214.0], [2178.0, 12126.0], [2178.25, 34733.0], [2178.5, 9665.0], [2178.75, 30614.0], [2179.0, 1548.0], [2179.25, 1579.0], [2179.5, 1579.0], [2179.75, 1573.0], [2180.0, 1575.0], [2180.25, 1558.0], [2180.5, 16231.0], [2180.75, 50409.0], [2181.0, 1180.0], [2181.25, 1681.0]]}}}
{"jsonrpc": "2.0", "method": "subscription", "params": {"channel": "book.ETH-21MAR25.none.20.100ms", "data": {"timestamp": 1741378970352, "change_id": 61336010300, "instrument_name": "ETH-21MAR25", "bids": [[2178.75, 120.0], [2178.5, 10000.0], [2178.0, 893.0], [2177.75, 2975.0], [2177.5, 2491.0], [2177.25, 8302.0], [2176.25, 6753.0], [2176.0, 22510.0], [2175.75, 5.0], [2175.0, 33574.0], [2174.75, 111913.0], [2174.25, 500.0], [2173.75, 43887.0], [2172.0, 500.0], [2171.75, 84523.0], [2171.5, 5.0], [2171.0, 180000.0], [2169.5, 40000.0], [2167.25, 5.0], [2165.0, 500.0]], "asks": [[2179.25, 2975.0], [2179.75, 7893.0], [2180.0, 27983.0], [2180.5, 2849.0], [2180.75, 9495.0], [2181.75, 4424.0], [2182.0, 14748.0], [2182.25, 6754.0], [2182.5, 22495.0], [2183.0, 13152.0], [2183.25, 43840.0], [2184.0, 13704.0], [2184.25, 44013.0], [2184.5, 5.0], [2185.5, 90000.0], [2186.75, 40000.0], [2187.75, 500.0], [2188.0, 45226.0], [2189.0, 5.0], [2189.25, 180000.0]]}}}
{"jsonrpc": "2.0", "method": "subscription", "params": {"channel": "book.ETH-21MAR25.none.20.100ms", "data": {"timestamp": 1741378970635, "change_id": 61336011003, "instrument_name": "ETH-21MAR25", "bids": [[2178.75, 120.0], [2178.5, 10000.0], [2178.0, 893.0], [2177.75, 2975.0], [2177.5, 2491.0], [2177.25, 8302.0], [2176.25, 6753.0], [2176.0, 22510.0], [2175.75, 5.0], [2175.0, 33574.0], [2174.75, 111913.0], [2174.25, 500.0], [2173.75, 43887.0], [2172.0, 500.0], [2171.75, 84523.0], [2171.5, 5.0], [2171.0, 180000.0], [2169.5, 40000.0], [2167.25, 5.0], [2165.0, 500.0]], "asks": [[2179.0, 2975.0], [2179.75, 7893.0], [2180.0, 27983.0], [2180.5, 2849.0], [2180.75, 9495.0], [2181.75, 4424.0], [2182.0, 14748.0], [2182.25, 6754.0], [2182.5, 22495.0], [2183.0, 13152.0], [2183.25, 43840.0], [2184.0, 13704.0], [2184.25, 44013.0], [2184.5, 5.0], [2185.5, 90000.0], [2186.75, 40000.0], [2187.75, 500.0], [2188.0, 45226.0], [2189.0, 5.0], [2189.25, 180000.0]]}}}
{"jsonrpc": "2.0", "method": "subscription", "params": {"channel": "book.ETH-14MAR25.none.20.100ms", "data": {"timestamp": 1741378970868, "change_id": 61336011410, "instrument_name": "ETH-14MAR25", "bids": [[2176.25, 800.0], [2176.0, 4160.0], [2175.75, 12245.0], [2175.5, 5538.0], [2175.25, 2434.0], [2175.0, 2926.0], [2174.75, 6141.0], [2174.5, 11366.0], [2174.25, 15279.0], [2174.0, 27746.0], [2173.75, 1592.0], [2173.5, 1524.0], [2173.25, 8991.0], [2173.0, 30987.0], [2172.75, 20041.0], [2172.5, 5897.0], [2172.25, 1920.0], [2172.0, 4648.0], [2171.75, 34264.0], [2171.5, 91713.0]], "asks": [[2176.5, 1.0], [2176.75, 5218.0], [2177.0, 9300.0], [2177.25, 30105.0], [2177.5, 2697.0], [2177.75, 3214.0], [2178.0, 12126.0], [2178.25, 34733.0], [2178.5, 9665.0], [2178.75, 30614.0], [2179.0, 1548.0], [2179.25, 1579.0], [2179.5, 1579.0], [2179.75, 1573.0], [2180.0, 1575.0], [2180.25, 1558.0], [2180.5, 16231.0], [2180.75, 50409.0], [2181.0, 1180.0], [2181.25, 1681.0]]}}}
{"jsonrpc": "2.0", "method": "subscription", "params": {"channel": "book.ETH-21MAR25.none.20.100ms", "data": {"timestamp": 1741378971218, "change_id": 61336012070, "instrument_name": "ETH-21MAR25", "bids": [[2178.75, 120.0], [2178.5, 10000.0], [2178.0, 893.0], [2177.75, 2975.0], [2177.5, 2491.0], [2177.25, 8302.0], [2176.25, 6753.0], [2176.0, 22510.0], [2175.75, 5.0], [2175.0, 33574.0], [2174.75, 111913.0], [2174.25, 500.0], [2173.75, 43887.0], [2172.0, 500.0], [2171.75, 84523.0], [2171.5, 5.0], [2171.0, 180000.0], [2169.5, 40000.0], [2167.25, 5.0], [2165.0, 500.0]], "asks": [[2179.25, 2975.0], [2179.75, 3000.0], [2180.0, 10544.0], [2180.5, 2849.0], [2180.75, 9495.0], [2181.75, 4424.0], [2182.0, 14748.0], [2182.25, 6754.0], [2182.5, 22495.0], [2183.0, 13152.0], [2183.25, 43840.0], [2184.0, 13704.0], [2184.25, 44013.0], [2184.5, 5.0], [2185.5, 90000.0], [2186.75, 40000.0], [2187.75, 500.0], [2188.0, 45226.0], [2189.0, 5.0], [2189.25, 180000.0]]}}}
{"jsonrpc": "2.0", "method": "subscription", "params": {"channel": "book.ETH-14MAR25.none.20.100ms", "data": {"timestamp": 1741378971234, "change_id": 61336012080, "instrument_name": "ETH-14MAR25", "bids": [[2176.25, 800.0], [2176.0, 4160.0], [2175.75, 12245.0], [2175.5, 5538.0], [2175.25, 2434.0], [2175.0, 2926.0], [2174.75, 6141.0], [2174.5, 11366.0], [2174.25, 15279.0], [2174.0, 27746.0], [2173.75, 1592.0], [2173.5, 1524.0], [2173.25, 8991.0], [2173.0, 30987.0], [2172.75, 20041.0], [2172.5, 5897.0], [2172.25, 1920.0], [2172.0, 4648.0], [2171.75, 34264.0], [2171.5, 91713.0]], "asks": [[2176.75, 5218.0], [2177.0, 9300.0], [2177.25, 30105.0], [2177.5, 2697.0], [2177.75, 3214.0], [2178.0, 12126.0], [2178.25, 34733.0], [2178.5, 9665.0], [2178.75, 30614.0], [2179.0, 1548.0], [2179.25, 1579.0], [2179.5, 1579.0], [2179.75, 1573.0], [2180.0, 1575.0], [2180.25, 1558.0], [2180.5, 16231.0], [2180.75, 50409.0], [2181.0, 1180.0], [2181.25, 1681.0], [2182.5, 1190.0]]}}}
{"jsonrpc": "2.0", "method": "subscription", "params": {"channel": "book.ETH-21MAR25.none.20.100ms", "data": {"timestamp": 1741378971512, "change_id": 61336012416, "instrument_name": "ETH-21MAR25", "bids": [[2178.75, 3120.0], [2178.5, 10000.0], [2178.25, 893.0], [2178.0, 2975.0], [2177.5, 2491.0], [2177.25, 8302.0], [2176.25, 6753.0], [2176.0, 22510.0], [2175.75, 5.0], [2175.0, 33574.0], [2174.75, 111913.0], [2174.25, 500.0], [2173.75, 43887.0], [2172.0, 500.0], [2171.75, 84523.0], [2171.5, 5.0], [2171.0, 180000.0], [2169.5, 40000.0], [2167.25, 5.0], [2165.0, 500.0]], "asks": [[2179.5, 2975.0], [2179.75, 3000.0], [2180.0, 10544.0], [2180.5, 2849.0], [2180.75, 9495.0], [2181.75, 4424.0], [2182.0, 14748.0], [2182.25, 6754.0], [2182.5, 22495.0], [2183.0, 13152.0], [2183.25, 43840.0], [2184.0, 13704.0], [2184.25, 44013.0], [2184.5, 5.0], [2185.5, 90000.0], [2186.75, 40000.0], [2187.75, 500.0], [2188.0, 45226.0], [2189.0, 5.0], [2189.25, 180000.0]]}}}
{"jsonrpc": "2.0", "method": "subscription", "params": {"channel": "book.ETH-14MAR25.none.20.100ms", "data": {"timestamp": 1741378971577, "change_id": 61336012517, "instrument_name": "ETH-14MAR25", "bids": [[2176.25, 2000.0], [2176.0, 4160.0], [2175.75, 14198.0], [2175.5, 2560.0], [2175.25, 2434.0], [2175.0, 2926.0], [2174.75, 6141.0], [2174.5, 11366.0], [2174.25, 15279.0], [2174.0, 27746.0], [2173.75, 1592.0], [2173.5, 1524.0], [2173.25, 8991.0], [2173.0, 30987.0], [2172.75, 20041.0], [2172.5, 5897.0], [2172.25, 1920.0], [2172.0, 4648.0], [2171.75, 34264.0], [2171.5, 91713.0]], "asks": [[2176.5, 1.0], [2176.75, 1139.0], [2177.0, 12278.0], [2177.25, 30105.0], [2177.5, 2697.0], [2177.75, 3214.0], [2178.0, 12126.0], [2178.25, 34733.0], [2178.5, 9665.0], [2178.75, 30614.0], [2179.0, 1548.0], [2179.25, 1579.0], [2179.5, 1579.0], [2179.75, 1573.0], [2180.0, 1575.0], [2180.25, 1558.0], [2180.5, 16231.0], [2180.75, 50409.0], [2181.0, 1180.0], [2181.25, 1681.0]]}}}
{"jsonrpc": "2.0", "method": "subscription", "params": {"channel": "book.ETH-14MAR25.none.20.100ms", "data": {"timestamp": 1741378971873, "change_id": 61336012968, "instrument_name": "ETH-14MAR25", "bids": [[2176.25, 1076.0], [2176.0, 4160.0], [2175.75, 14198.0], [2175.5, 2560.0], [2175.25, 2434.0], [2175.0, 2926.0], [2174.75, 6141.0], [2174.5, 11366.0], [2174.25, 15279.0], [2174.0, 27746.0], [2173.75, 1592.0], [2173.5, 1524.0], [2173.25, 8991.0], [2173.0, 30987.0], [2172.75, 20041.0], [2172.5, 5897.0], [2172.25, 1920.0], [2172.0, 4648.0], [2171.75, 34264.0], [2171.5, 91713.0]], "asks": [[2176.75, 2339.0], [2177.0, 7273.0], [2177.25, 11636.0], [2177.5, 2697.0], [2177.75, 3214.0], [2178.0, 12126.0], [2178.25, 34733.0], [2178.5, 9665.0], [2178.75, 30614.0], [2179.0, 1548.0], [2179.25, 1579.0], [2179.5, 1579.0], [2179.75, 1573.0], [2180.0, 1575.0], [2180.25, 1558.0], [2180.5, 16231.0], [2180.75, 50409.0], [2181.0, 1180.0], [2181.25, 1681.0], [2182.5, 1190.0]]}}}
{"jsonrpc": "2.0", "method": "subscription", "params": {"channel": "book.ETH-14MAR25.none.20.100ms", "data": {"timestamp": 1741378972186, "change_id": 61336013528, "instrument_name": "ETH-14MAR25", "bids": [[2176.25, 1076.0], [2176.0, 4160.0], [2175.75, 14198.0], [2175.5, 2560.0], [2175.25, 2434.0], [2175.0, 2926.0], [2174.75, 6141.0], [2174.5, 11366.0], [2174.25, 23004.0], [2174.0, 27746.0], [2173.75, 1592.0], [2173.5, 1524.0], [2173.25, 8991.0], [2173.0, 30987.0], [2172.75, 20041.0], [2172.5, 5897.0], [2172.25, 1920.0], [2172.0, 4648.0], [2171.75, 34264.0], [2171.5, 91713.0]], "asks": [[2176.75, 2339.0], [2177.0, 7273.0], [2177.25, 11636.0], [2177.5, 2697.0], [2177.75, 3214.0], [2178.0, 12126.0], [2178.25, 34733.0], [2178.5, 9665.0], [2178.75, 30614.0], [2179.0, 1548.0], [2179.25, 1579.0], [2179.5, 1579.0], [2179.75, 1573.0], [2180.0, 1575.0], [2180.25, 1558.0], [2180.5, 16231.0], [2180.75, 50409.0], [2181.0, 1180.0], [2181.25, 1681.0], [2182.5, 1190.0]]}}}
{"jsonrpc": "2.0", "method": "subscription", "params": {"channel": "book.ETH-21MAR25.none.20.100ms", "data": {"timestamp": 1741378972041, "change_id": 61336013431, "instrument_name": "ETH-21MAR25", "bids": [[2178.75, 3120.0], [2178.5, 10000.0], [2178.25, 893.0], [2178.0, 2975.0], [2177.5, 2491.0], [2177.25, 8302.0], [2176.75, 4512.0], [2176.5, 22510.0], [2175.75, 5.0], [2175.0, 33574.0], [2174.75, 111913.0], [2174.25, 500.0], [2173.75, 43887.0], [2172.0, 500.0], [2171.75, 84523.0], [2171.5, 5.0], [2171.0, 180000.0], [2169.5, 40000.0], [2167.25, 5.0], [2165.0, 500.0]], "asks": [[2179.25, 2975.0], [2179.75, 6939.0], [2180.0, 24804.0], [2180.5, 2849.0], [2180.75, 9495.0], [2181.25, 4424.0], [2181.5, 14748.0], [2182.25, 6754.0], [2182.5, 22495.0], [2183.0, 13152.0], [2183.25, 43840.0], [2184.0, 13704.0], [2184.25, 44013.0], [2184.5, 5.0], [2185.5, 90000.0], [2186.75, 40000.0], [2187.75, 500.0], [2188.0, 45226.0], [2189.0, 5.0], [2189.25, 180000.0]]}}}
{"jsonrpc": "2.0", "method": "subscription", "params": {"channel": "book.ETH-21MAR25.none.20.100ms", "data": {"timestamp": 1741378972475, "change_id": 61336013828, "instrument_name": "ETH-21MAR25", "bids": [[2178.75, 10544.0], [2178.25, 893.0], [2178.0, 2975.0], [2177.5, 2491.0], [2177.25, 8302.0], [2176.75, 4512.0], [2176.5, 22510.0], [2175.75, 5.0], [2175.0, 33574.0], [2174.75, 111913.0], [2174.25, 500.0], [2173.75, 43887.0], [2172.0, 500.0], [2171.75, 84523.0], [2171.5, 5.0], [2171.0, 180000.0], [2169.5, 40000.0], [2167.25, 5.0], [2165.0, 500.0], [2164.0, 40000.0]], "asks": [[2179.5, 2975.0], [2179.75, 6939.0], [2180.0, 24804.0], [2180.5, 2849.0], [2180.75, 9495.0], [2181.25, 4424.0], [2181.5, 14748.0], [2182.25, 6754.0], [2182.5, 22495.0], [2183.0, 13152.0], [2183.25, 43840.0], [2184.0, 13704.0], [2184.25, 44013.0], [2184.5, 5.0], [2185.5, 90000.0], [2186.75, 40000.0], [2187.75, 500.0], [2188.0, 45226.0], [2189.0, 5.0], [2189.25, 180000.0]]}}}
{"jsonrpc": "2.0", "method": "subscription", "params": {"channel": "book.ETH-14MAR25.none.20.100ms", "data": {"timestamp": 1741378972531, "change_id": 61336013865, "instrument_name": "ETH-14MAR25", "bids": [[2176.25, 1076.0], [2176.0, 4160.0], [2175.75, 14198.0], [2175.5, 2560.0], [2175.25, 2434.0], [2175.0, 2926.0], [2174.75, 6141.0], [2174.5, 11366.0], [2174.25, 23004.0], [2174.0, 27746.0], [2173.75, 1592.0], [2173.5, 1524.0], [2173.25, 8991.0], [2173.0, 30987.0], [2172.75, 20041.0], [2172.5, 5897.0], [2172.25, 1920.0], [2172.0, 4648.0], [2171.75, 34264.0], [2171.5, 91713.0]], "asks": [[2176.75, 2333.0], [2177.0, 7273.0], [2177.25, 11636.0], [2177.5, 2697.0], [2177.75, 3214.0], [2178.0, 12126.0], [2178.25, 34733.0], [2178.5, 9665.0], [2178.75, 30614.0], [2179.0, 1548.0], [2179.25, 1579.0], [2179.5, 1579.0], [2179.75, 1573.0], [2180.0, 1575.0], [2180.25, 1558.0], [2180.5, 16231.0], [2180.75, 50409.0], [2181.0, 1180.0], [2181.25, 1681.0], [2182.5, 1190.0]]}}}
{"jsonrpc": "2.0", "method": "subscription", "params": {"channel": "book.ETH-14MAR25.none.20.100ms", "data": {"timestamp": 1741378972838, "change_id": 61336014214, "instrument_name": "ETH-14MAR25", "bids": [[2176.25, 1076.0], [2176.0, 4160.0], [2175.75, 14198.0], [2175.5, 2560.0], [2175.25, 2434.0], [2175.0, 2926.0], [2174.75, 6141.0], [2174.5, 11366.0], [2174.25, 23004.0], [2174.0, 27746.0], [2173.75, 1592.0], [2173.5, 1524.0], [2173.25, 8991.0], [2173.0, 30987.0], [2172.75, 20041.0], [2172.5, 5897.0], [2172.25, 1920.0], [2172.0, 4648.0], [2171.75, 34264.0], [2171.5, 91713.0]], "asks": [[2176.75, 2333.0], [2177.0, 7273.0], [2177.25, 11636.0], [2177.5, 2697.0], [2177.75, 3214.0], [2178.0, 12126.0], [2178.25, 34733.0], [2178.5, 9665.0], [2178.75, 30614.0], [2179.0, 1548.0], [2179.25, 1579.0], [2179.5, 1579.0], [2179.75, 1573.0], [2180.0, 1575.0], [2180.25, 1558.0], [2180.5, 16231.0], [2180.75, 50409.0], [2181.0, 1180.0], [2181.25, 1681.0], [2182.5, 1190.0]]}}}
{"jsonrpc": "2.0", "method": "subscription", "params": {"channel": "book.ETH-14MAR25.none.20.100ms", "data": {"timestamp": 1741378973211, "change_id": 61336014669, "instrument_name": "ETH-14MAR25", "bids": [[2176.25, 4076.0], [2176.0, 12001.0], [2175.75, 5388.0], [2175.5, 2560.0], [2175.25, 2434.0], [2175.0, 2926.0], [2174.75, 6141.0], [2174.5, 15014.0], [2174.25, 23004.0], [2174.0, 27746.0], [2173.75, 1592.0], [2173.5, 1524.0], [2173.25, 8991.0], [2173.0, 30987.0], [2172.75, 20041.0], [2172.5, 5897.0], [2172.25, 1920.0], [2172.0, 4648.0], [2171.75, 34264.0], [2171.5, 91713.0]], "asks": [[2176.75, 1133.0], [2177.0, 7273.0], [2177.25, 11636.0], [2177.5, 2697.0], [2177.75, 3214.0], [2178.0, 12126.0], [2178.25, 34733.0], [2178.5, 9665.0], [2178.75, 30614.0], [2179.0, 1548.0], [2179.25, 1579.0], [2179.5, 1579.0], [2179.75, 1573.0], [2180.0, 1575.0], [2180.25, 1558.0], [2180.5, 16231.0], [2180.75, 50409.0], [2181.0, 1180.0], [2181.25, 1681.0], [2182.5, 1190.0]]}}}
