{"jsonrpc": "2.0", "method": "subscription", "params": {"channel": "book.ETH-14MAR25.none.20.100ms", "data": {"timestamp": 1741083853787, "change_id": 60787390711, "instrument_name": "ETH-14MAR25", "bids": [[2088.5, 3397.0], [2088.25, 16505.0], [2088.0, 19685.0], [2087.75, 15167.0], [2087.5, 8975.0], [2087.25, 5783.0], [2087.0, 16603.0], [2086.75, 1588.0], [2086.5, 1593.0], [2086.25, 1588.0], [2086.0, 1588.0], [2085.75, 10583.0], [2085.5, 31588.0], [2085.25, 1588.0], [2085.0, 1588.0], [2084.75, 1588.0], [2084.5, 1250.0], [2084.25, 338.0], [2084.0, 1588.0], [2083.75, 28625.0]], "asks": [[2089.0, 2643.0], [2089.25, 4290.0], [2089.5, 4934.0], [2089.75, 12075.0], [2090.0, 4088.0], [2090.25, 6153.0], [2090.5, 16681.0], [2090.75, 1588.0], [2091.0, 4096.0], [2091.25, 9967.0], [2091.5, 1588.0], [2091.75, 8371.0], [2092.0, 24074.0], [2092.25, 1588.0], [2092.5, 1588.0], [2092.75, 1588.0], [2093.0, 15193.0], [2093.25, 46478.0], [2093.5, 134928.0], [2093.75, 500.0]]}}}
{"jsonrpc": "2.0", "method": "subscription", "params": {"channel": "book.ETH-7MAR25.none.20.100ms", "data": {"timestamp": 1741083853754, "change_id": 60787390637, "instrument_name": "ETH-7MAR25", "bids": [[2086.5, 10855.0], [2086.25, 20852.0], [2086.0, 58211.0], [2085.75, 12307.0], [2085.5, 4729.0], [2085.25, 10530.0], [2085.0, 16809.0], [2084.75, 50974.0], [2084.5, 2307.0], [2084.25, 2275.0], [2084.0, 2275.0], [2083.75, 2275.0], [2083.5, 10750.0], [2083.25, 30525.0], [2083.0, 2275.0], [2082.75, 1750.0], [2082.25, 1760.0], [2082.0, 1750.0], [2081.75, 19118.0], [2081.5, 1750.0]], "asks": [[2087.0, 11953.0], [2087.25, 31284.0], [2087.5, 39332.0], [2087.75, 3108.0], [2088.0, 2602.0], [2088.25, 20756.0], [2088.5, 53399.0], [2088.75, 10665.0], [2089.0, 2275.0], [2089.25, 2275.0], [2089.5, 2275.0], [2089.75, 17183.0], [2090.0, 51967.0], [2090.25, 2278.0], [2090.5, 1760.0], [2091.5, 1750.0], [2091.75, 49145.0], [2092.25, 1750.0], [2092.5, 91750.0], [2093.5, 40000.0]]}}}
{"jsonrpc": "2.0", "method": "subscription", "params": {"channel": "book.ETH-14MAR25.none.20.100ms", "data": {"timestamp": 1741083854122, "change_id": 60787391699, "instrument_name": "ETH-14MAR25", "bids": [[2089.0, 1500.0], [2088.75, 4908.0], [2088.5, 11838.0], [2088.25, 8958.0], [2088.0, 29404.0], [2087.75, 14511.0], [2087.5, 16603.0], [2087.25, 1588.0], [2087.0, 1588.0], [2086.75, 1588.0], [2086.5, 1593.0], [2086.25, 1588.0], [2086.0, 1588.0], [2085.75, 1588.0], [2085.5, 1588.0], [2085.25, 1588.0], [2085.0, 1588.0], [2084.75, 1588.0], [2084.5, 1250.0], [2084.25, 338.0]], "asks": [[2089.25, 2452.0], [2089.5, 1500.0], [2089.75, 458.0], [2090.0, 4833.0], [2090.25, 11588.0], [2090.5, 1883.0], [2090.75, 2588.0], [2091.0, 5797.0], [2091.25, 16681.0], [2091.5, 1588.0], [2091.75, 8371.0], [2092.0, 32281.0], [2092.25, 1588.0], [2092.5, 1588.0], [2092.75, 1588.0], [2093.0, 15193.0], [2093.25, 46478.0], [2093.5, 134928.0], [2093.75, 500.0], [2094.5, 1250.0]]}}}
{"jsonrpc": "2.0", "method": "subscription", "params": {"channel": "book.ETH-7MAR25.none.20.100ms", "data": {"timestamp": 1741083854122, "change_id": 60787391697, "instrument_name": "ETH-7MAR25", "bids": [[2087.0, 10855.0], [2086.75, 12021.0], [2086.5, 13551.0], [2086.25, 19334.0], [2086.0, 4730.0], [2085.75, 2275.0], [2085.5, 4761.0], [2085.25, 10530.0], [2085.0, 5718.0], [2084.75, 14002.0], [2084.5, 1750.0], [2084.25, 2275.0], [2084.0, 2118.0], [2083.75, 26945.0], [2083.5, 97999.0], [2083.25, 30525.0], [2083.0, 2275.0], [2082.75, 1750.0], [2082.25, 1760.0], [2082.0, 1750.0]], "asks": [[2087.5, 3234.0], [2087.75, 13177.0], [2088.0, 2433.0], [2088.25, 3500.0], [2088.5, 2275.0], [2088.75, 2275.0], [2089.0, 2118.0], [2089.25, 4169.0], [2089.5, 10556.0], [2089.75, 17183.0], [2090.0, 51967.0], [2090.25, 2278.0], [2090.5, 1760.0], [2091.5, 87484.0], [2091.75, 49145.0], [2092.25, 1750.0], [2092.5, 91750.0], [2093.5, 40000.0], [2094.25, 1750.0], [2094.5, 78090.0]]}}}
{"jsonrpc": "2.0", "method": "subscription", "params": {"channel": "book.ETH-14MAR25.none.20.100ms", "data": {"timestamp": 1741083854391, "change_id": 60787392347, "instrument_name": "ETH-14MAR25", "bids": [[2089.0, 1500.0], [2088.75, 4570.0], [2088.5, 13138.0], [2088.25, 7873.0], [2088.0, 11497.0], [2087.75, 14511.0], [2087.5, 16603.0], [2087.25, 1588.0], [2087.0, 1588.0], [2086.75, 1588.0], [2086.5, 1593.0], [2086.25, 1588.0], [2086.0, 1588.0], [2085.75, 1588.0], [2085.5, 1588.0], [2085.25, 1588.0], [2085.0, 1588.0], [2084.75, 1588.0], [2084.5, 1250.0], [2084.25, 338.0]], "asks": [[2089.5, 2625.0], [2089.75, 4410.0], [2090.0, 4833.0], [2090.25, 11588.0], [2090.5, 1883.0], [2090.75, 2588.0], [2091.0, 6111.0], [2091.25, 16681.0], [2091.5, 1588.0], [2091.75, 8371.0], [2092.0, 32281.0], [2092.25, 1588.0], [2092.5, 1588.0], [2092.75, 1588.0], [2093.0, 15193.0], [2093.25, 46478.0], [2093.5, 134928.0], [2093.75, 500.0], [2094.5, 1250.0], [2094.75, 1255.0]]}}}
{"jsonrpc": "2.0", "method": "subscription", "params": {"channel": "book.ETH-7MAR25.none.20.100ms", "data": {"timestamp": 1741083854427, "change_id": 60787392478, "instrument_name": "ETH-7MAR25", "bids": [[2087.0, 6600.0], [2086.75, 8350.0], [2086.5, 61639.0], [2086.25, 18350.0], [2086.0, 1750.0], [2085.75, 1750.0], [2085.5, 1750.0], [2085.25, 58829.0], [2085.0, 1750.0], [2084.75, 1750.0], [2084.5, 1750.0], [2084.25, 1750.0], [2084.0, 1750.0], [2083.75, 1750.0], [2083.5, 1750.0], [2083.0, 1750.0], [2082.75, 1750.0], [2082.25, 1760.0], [2082.0, 1750.0], [2081.75, 19118.0]], "asks": [[2087.5, 6600.0], [2087.75, 52262.0], [2088.0, 1750.0], [2088.25, 3500.0], [2088.5, 1750.0], [2088.75, 1750.0], [2089.0, 50427.0], [2089.25, 9747.0], [2089.5, 1750.0], [2089.75, 1750.0], [2090.0, 51442.0], [2090.25, 1750.0], [2090.5, 1760.0], [2091.5, 1750.0], [2091.75, 49145.0], [2092.25, 1750.0], [2092.5, 91750.0], [2093.5, 40000.0], [2094.25, 1750.0], [2094.5, 78090.0]]}}}
{"jsonrpc": "2.0", "method": "subscription", "params": {"channel": "book.ETH-14MAR25.none.20.100ms", "data": {"timestamp": 1741083854753, "change_id": 60787393059, "instrument_name": "ETH-14MAR25", "bids": [[2089.0, 1838.0], [2088.75, 6478.0], [2088.5, 18656.0], [2088.25, 6373.0], [2088.0, 11497.0], [2087.75, 14511.0], [2087.5, 16603.0], [2087.25, 1588.0], [2087.0, 1588.0], [2086.75, 1588.0], [2086.5, 1593.0], [2086.25, 1588.0], [2086.0, 1588.0], [2085.75, 1588.0], [2085.5, 1588.0], [2085.25, 1588.0], [2085.0, 1588.0], [2084.75, 1588.0], [2084.5, 1250.0], [2084.25, 338.0]], "asks": [[2089.75, 4410.0], [2090.0, 4833.0], [2090.25, 11588.0], [2090.5, 1883.0], [2090.75, 2588.0], [2091.0, 1588.0], [2091.25, 1588.0], [2091.5, 1588.0], [2091.75, 8371.0], [2092.0, 32281.0], [2092.25, 1588.0], [2092.5, 1588.0], [2092.75, 6111.0], [2093.0, 30286.0], [2093.25, 86956.0], [2093.5, 134928.0], [2093.75, 500.0], [2094.5, 1250.0], [2094.75, 1255.0], [2095.5, 1250.0]]}}}
{"jsonrpc": "2.0", "method": "subscription", "params": {"channel": "book.ETH-7MAR25.none.20.100ms", "data": {"timestamp": 1741083854775, "change_id": 60787393140, "instrument_name": "ETH-7MAR25", "bids": [[2087.0, 11380.0], [2086.75, 31047.0], [2086.5, 64689.0], [2086.25, 18875.0], [2086.0, 2275.0], [2085.75, 2275.0], [2085.5, 19399.0], [2085.25, 59354.0], [2085.0, 2275.0], [2084.75, 2275.0], [2084.5, 2275.0], [2084.25, 2275.0], [2084.0, 2275.0], [2083.75, 2275.0], [2083.5, 1750.0], [2083.25, 525.0], [2083.0, 2275.0], [2082.75, 1750.0], [2082.25, 1760.0], [2082.0, 1750.0]], "asks": [[2087.5, 11092.0], [2087.75, 25097.0], [2088.0, 39332.0], [2088.25, 2275.0], [2088.5, 2275.0], [2088.75, 16878.0], [2089.0, 53351.0], [2089.25, 10272.0], [2089.5, 2275.0], [2089.75, 17183.0], [2090.0, 51967.0], [2090.25, 2278.0], [2090.5, 1760.0], [2091.5, 1750.0], [2091.75, 49145.0], [2092.25, 1750.0], [2092.5, 91750.0], [2093.5, 40000.0], [2094.25, 1750.0], [2094.5, 78090.0]]}}}
{"jsonrpc": "2.0", "method": "subscription", "params": {"channel": "book.ETH-14MAR25.none.20.100ms", "data": {"timestamp": 1741083855069, "change_id": 60787394051, "instrument_name": "ETH-14MAR25", "bids": [[2089.25, 1838.0], [2089.0, 4908.0], [2088.75, 14113.0], [2088.5, 10302.0], [2088.25, 3921.0], [2088.0, 11497.0], [2087.75, 14511.0], [2087.5, 16603.0], [2087.25, 1588.0], [2087.0, 1588.0], [2086.75, 1588.0], [2086.5, 1593.0], [2086.25, 1588.0], [2086.0, 1588.0], [2085.75, 1588.0], [2085.5, 1588.0], [2085.25, 1588.0], [2085.0, 1588.0], [2084.75, 1588.0], [2084.5, 1250.0]], "asks": [[2089.75, 2643.0], [2090.0, 7285.0], [2090.25, 10458.0], [2090.5, 1588.0], [2090.75, 1588.0], [2091.0, 1588.0], [2091.25, 1588.0], [2091.5, 1588.0], [2091.75, 8371.0], [2092.0, 32281.0], [2092.25, 1588.0], [2092.5, 1588.0], [2092.75, 6111.0], [2093.0, 30286.0], [2093.25, 86956.0], [2093.5, 134928.0], [2093.75, 500.0], [2094.5, 1250.0], [2094.75, 1255.0], [2095.5, 1250.0]]}}}
{"jsonrpc": "2.0", "method": "subscription", "params": {"channel": "book.ETH-7MAR25.none.20.100ms", "data": {"timestamp": 1741083854975, "change_id": 60787393858, "instrument_name": "ETH-7MAR25", "bids": [[2087.25, 10855.0], [2087.0, 22787.0], [2086.75, 66840.0], [2086.5, 20785.0], [2086.25, 8875.0], [2086.0, 2275.0], [2085.75, 16809.0], [2085.5, 53396.0], [2085.25, 10687.0], [2085.0, 2275.0], [2084.75, 2275.0], [2084.5, 2275.0], [2084.25, 2275.0], [2084.0, 2275.0], [2083.75, 2275.0], [2083.5, 1750.0], [2083.25, 525.0], [2083.0, 2275.0], [2082.75, 1750.0], [2082.25, 1760.0]], "asks": [[2087.75, 22230.0], [2088.0, 41787.0], [2088.25, 2275.0], [2088.5, 3275.0], [2088.75, 2307.0], [2089.0, 18912.0], [2089.25, 58949.0], [2089.5, 2275.0], [2089.75, 17183.0], [2090.0, 51967.0], [2090.25, 2278.0], [2090.5, 1760.0], [2091.5, 1750.0], [2091.75, 49145.0], [2092.25, 1750.0], [2092.5, 91750.0], [2093.5, 40000.0], [2094.25, 1750.0], [2094.5, 78090.0], [2094.75, 10.0]]}}}
{"jsonrpc": "2.0", "method": "subscription", "params": {"channel": "book.ETH-14MAR25.none.20.100ms", "data": {"timestamp": 1741083855422, "change_id": 60787394714, "instrument_name": "ETH-14MAR25", "bids": [[2089.25, 1838.0], [2089.0, 4908.0], [2088.75, 14733.0], [2088.5, 3088.0], [2088.25, 3921.0], [2088.0, 11497.0], [2087.75, 14511.0], [2087.5, 16603.0], [2087.25, 1588.0], [2087.0, 1588.0], [2086.75, 1588.0], [2086.5, 1593.0], [2086.25, 1588.0], [2086.0, 1588.0], [2085.75, 1588.0], [2085.5, 1588.0], [2085.25, 1588.0], [2085.0, 1588.0], [2084.75, 1588.0], [2084.5, 1250.0]], "asks": [[2090.0, 7285.0], [2090.25, 10458.0], [2090.5, 1588.0], [2090.75, 1588.0], [2091.0, 1588.0], [2091.25, 2033.0], [2091.5, 3088.0], [2091.75, 8371.0], [2092.0, 32281.0], [2092.25, 1588.0], [2092.5, 1588.0], [2092.75, 6111.0], [2093.0, 30286.0], [2093.25, 86956.0], [2093.5, 134928.0], [2094.5, 1250.0], [2094.75, 1255.0], [2095.5, 1250.0], [2096.0, 41750.0], [2097.25, 46264.0]]}}}
{"jsonrpc": "2.0", "method": "subscription", "params": {"channel": "book.ETH-7MAR25.none.20.100ms", "data": {"timestamp": 1741083855438, "change_id": 60787394797, "instrument_name": "ETH-7MAR25", "bids": [[2087.5, 9105.0], [2087.25, 12605.0], [2087.0, 25242.0], [2086.75, 68483.0], [2086.5, 35599.0], [2086.25, 2275.0], [2086.0, 2275.0], [2085.75, 16809.0], [2085.5, 53396.0], [2085.25, 10687.0], [2085.0, 2275.0], [2084.75, 2275.0], [2084.5, 2275.0], [2084.25, 2275.0], [2084.0, 2275.0], [2083.75, 2275.0], [2083.5, 1750.0], [2083.25, 525.0], [2083.0, 2275.0], [2082.75, 1750.0]], "asks": [[2088.0, 40516.0], [2088.25, 14730.0], [2088.5, 3275.0], [2088.75, 1750.0], [2089.0, 18912.0], [2089.25, 58949.0], [2089.5, 2275.0], [2089.75, 17183.0], [2090.0, 51967.0], [2090.25, 2278.0], [2090.5, 1760.0], [2091.25, 525.0], [2091.5, 16494.0], [2091.75, 49145.0], [2092.25, 1750.0], [2092.5, 91750.0], [2094.25, 1750.0], [2094.5, 78090.0], [2094.75, 10.0], [2095.0, 181750.0]]}}}
{"jsonrpc": "2.0", "method": "subscription", "params": {"channel": "book.ETH-14MAR25.none.20.100ms", "data": {"timestamp": 1741083855775, "change_id": 60787396071, "instrument_name": "ETH-14MAR25", "bids": [[2089.75, 1500.0], [2089.5, 1500.0], [2089.25, 11500.0], [2089.0, 12426.0], [2088.75, 26848.0], [2088.5, 2750.0], [2088.25, 16265.0], [2088.0, 1250.0], [2087.75, 1250.0], [2087.5, 1250.0], [2087.25, 1250.0], [2087.0, 1250.0], [2086.75, 1250.0], [2086.5, 1255.0], [2086.25, 1250.0], [2086.0, 1250.0], [2085.75, 1250.0], [2085.5, 1250.0], [2085.25, 1250.0], [2085.0, 1250.0]], "asks": [[2090.25, 1500.0], [2090.75, 10120.0], [2091.0, 1250.0], [2091.25, 1250.0], [2091.5, 2750.0], [2091.75, 1250.0], [2092.0, 1250.0], [2092.25, 1250.0], [2092.5, 9264.0], [2092.75, 1250.0], [2093.0, 38829.0], [2093.25, 1250.0], [2093.5, 134928.0], [2094.5, 1250.0], [2094.75, 46483.0], [2095.5, 1250.0], [2096.0, 1750.0], [2097.25, 46264.0], [2098.0, 1250.0], [2098.25, 41250.0]]}}}
{"jsonrpc": "2.0", "method": "subscription", "params": {"channel": "book.ETH-7MAR25.none.20.100ms", "data": {"timestamp": 1741083855738, "change_id": 60787395937, "instrument_name": "ETH-7MAR25", "bids": [[2087.75, 8350.0], [2087.5, 10100.0], [2087.25, 10805.0], [2087.0, 69184.0], [2086.75, 8350.0], [2086.5, 18442.0], [2086.25, 10209.0], [2086.0, 1750.0], [2085.75, 50417.0], [2085.5, 1750.0], [2085.0, 1750.0], [2084.75, 1750.0], [2084.5, 1750.0], [2084.25, 1750.0], [2084.0, 1750.0], [2083.75, 1750.0], [2083.5, 1750.0], [2083.0, 1750.0], [2082.75, 1750.0], [2082.25, 1760.0]], "asks": [[2088.5, 2750.0], [2088.75, 18350.0], [2089.0, 1750.0], [2089.25, 9840.0], [2089.75, 1750.0], [2090.0, 1750.0], [2090.25, 1750.0], [2090.5, 1760.0], [2091.25, 51442.0], [2091.5, 50427.0], [2091.75, 50895.0], [2092.25, 38807.0], [2092.5, 91750.0], [2094.25, 1750.0], [2094.5, 78090.0], [2094.75, 10.0], [2095.0, 181750.0], [2095.75, 41750.0], [2096.5, 18210.0], [2096.75, 1750.0]]}}}
{"jsonrpc": "2.0", "method": "subscription", "params": {"channel": "book.ETH-14MAR25.none.20.100ms", "data": {"timestamp": 1741083855979, "change_id": 60787396848, "instrument_name": "ETH-14MAR25", "bids": [[2089.75, 1838.0], [2089.5, 5722.0], [2089.25, 16986.0], [2089.0, 12853.0], [2088.75, 10137.0], [2088.5, 7630.0], [2088.25, 16265.0], [2087.75, 1250.0], [2087.5, 1250.0], [2087.25, 1250.0], [2087.0, 1250.0], [2086.75, 1250.0], [2086.5, 1255.0], [2086.25, 1250.0], [2086.0, 1250.0], [2085.75, 1250.0], [2085.5, 1250.0], [2085.25, 1250.0], [2085.0, 1750.0], [2084.75, 1250.0]], "asks": [[2090.25, 2236.0], [2090.5, 5488.0], [2090.75, 10120.0], [2091.0, 1588.0], [2091.25, 2375.0], [2091.5, 3750.0], [2091.75, 1250.0], [2092.0, 1250.0], [2092.25, 1250.0], [2092.5, 9264.0], [2092.75, 1250.0], [2093.0, 38829.0], [2093.25, 1250.0], [2093.5, 134928.0], [2094.5, 1250.0], [2094.75, 46483.0], [2095.5, 1250.0], [2096.0, 1750.0], [2097.25, 46264.0], [2098.0, 1250.0]]}}}
{"jsonrpc": "2.0", "method": "subscription", "params": {"channel": "book.ETH-7MAR25.none.20.100ms", "data": {"timestamp": 1741083855913, "change_id": 60787396538, "instrument_name": "ETH-7MAR25", "bids": [[2087.75, 8350.0], [2087.5, 12555.0], [2087.25, 59184.0], [2087.0, 18350.0], [2086.75, 8350.0], [2086.5, 1750.0], [2086.25, 10209.0], [2086.0, 50417.0], [2085.75, 1750.0], [2085.5, 1750.0], [2085.0, 1750.0], [2084.75, 1750.0], [2084.5, 1750.0], [2084.25, 1750.0], [2084.0, 1750.0], [2083.75, 1750.0], [2083.5, 1750.0], [2083.0, 1750.0], [2082.75, 1750.0], [2082.25, 1760.0]], "asks": [[2088.5, 15205.0], [2088.75, 8350.0], [2089.0, 1750.0], [2089.25, 1750.0], [2089.75, 1750.0], [2090.0, 10126.0], [2090.25, 1750.0], [2090.5, 1760.0], [2091.25, 51442.0], [2091.5, 50427.0], [2091.75, 1750.0], [2092.25, 38807.0], [2092.5, 91750.0], [2093.25, 49145.0], [2094.25, 1750.0], [2094.5, 78090.0], [2094.75, 10.0], [2095.0, 181750.0], [2095.75, 41750.0], [2096.5, 18210.0]]}}}
{"jsonrpc": "2.0", "method": "subscription", "params": {"channel": "book.ETH-14MAR25.none.20.100ms", "data": {"timestamp": 1741083856367, "change_id": 60787397690, "instrument_name": "ETH-14MAR25", "bids": [[2089.5, 10208.0], [2089.25, 33701.0], [2089.0, 11353.0], [2088.75, 8975.0], [2088.5, 6130.0], [2088.25, 16265.0], [2088.0, 338.0], [2087.75, 1588.0], [2087.5, 1588.0], [2087.25, 1588.0], [2087.0, 1588.0], [2086.75, 1588.0], [2086.5, 1593.0], [2086.25, 1588.0], [2086.0, 1588.0], [2085.75, 1588.0], [2085.5, 1588.0], [2085.25, 1250.0], [2085.0, 1750.0], [2084.75, 1250.0]], "asks": [[2090.25, 2594.0], [2090.5, 6988.0], [2090.75, 10458.0], [2091.0, 1588.0], [2091.25, 2375.0], [2091.5, 4088.0], [2091.75, 1588.0], [2092.0, 1588.0], [2092.25, 4029.0], [2092.5, 9602.0], [2092.75, 12899.0], [2093.0, 39167.0], [2093.25, 41728.0], [2093.5, 134928.0], [2094.5, 1250.0], [2094.75, 46483.0], [2095.5, 1250.0], [2096.0, 1750.0], [2097.25, 46264.0], [2098.0, 1250.0]]}}}
{"jsonrpc": "2.0", "method": "subscription", "params": {"channel": "book.ETH-7MAR25.none.20.100ms", "data": {"timestamp": 1741083856438, "change_id": 60787397841, "instrument_name": "ETH-7MAR25", "bids": [[2087.75, 12117.0], [2087.5, 30310.0], [2087.25, 64689.0], [2087.0, 18907.0], [2086.75, 8350.0], [2086.5, 4743.0], [2086.25, 25264.0], [2086.0, 50417.0], [2085.75, 1750.0], [2085.5, 1750.0], [2085.0, 1750.0], [2084.75, 1750.0], [2084.5, 1750.0], [2084.25, 1750.0], [2084.0, 1750.0], [2083.75, 1750.0], [2083.5, 1750.0], [2083.0, 1750.0], [2082.75, 1750.0], [2082.25, 1760.0]], "asks": [[2088.25, 11162.0], [2088.5, 15960.0], [2088.75, 8875.0], [2089.0, 2275.0], [2089.25, 1750.0], [2089.75, 1750.0], [2090.0, 10126.0], [2090.25, 1750.0], [2090.5, 1760.0], [2091.25, 51442.0], [2091.5, 50427.0], [2091.75, 1750.0], [2092.25, 38807.0], [2092.5, 91750.0], [2093.25, 49145.0], [2094.25, 1750.0], [2094.5, 78090.0], [2094.75, 10.0], [2095.0, 181750.0], [2095.75, 41750.0]]}}}
{"jsonrpc": "2.0", "method": "subscription", "params": {"channel": "book.ETH-14MAR25.none.20.100ms", "data": {"timestamp": 1741083856496, "change_id": 60787397960, "instrument_name": "ETH-14MAR25", "bids": [[2089.5, 10208.0], [2089.25, 31249.0], [2089.0, 13805.0], [2088.75, 8975.0], [2088.5, 6130.0], [2088.25, 16265.0], [2088.0, 338.0], [2087.75, 1588.0], [2087.5, 1588.0], [2087.25, 1588.0], [2087.0, 1588.0], [2086.75, 1588.0], [2086.5, 1593.0], [2086.25, 1588.0], [2086.0, 1588.0], [2085.75, 1588.0], [2085.5, 1588.0], [2085.25, 1250.0], [2085.0, 1750.0], [2084.75, 1250.0]], "asks": [[2090.25, 2594.0], [2090.5, 6988.0], [2090.75, 10458.0], [2091.0, 1588.0], [2091.25, 2375.0], [2091.5, 4088.0], [2091.75, 1588.0], [2092.0, 1588.0], [2092.25, 4029.0], [2092.5, 9602.0], [2092.75, 12899.0], [2093.0, 39167.0], [2093.25, 41728.0], [2093.5, 134928.0], [2094.5, 1250.0], [2094.75, 46483.0], [2095.5, 1250.0], [2096.0, 1750.0], [2097.25, 46264.0], [2098.0, 1250.0]]}}}
{"jsonrpc": "2.0", "method": "subscription", "params": {"channel": "book.ETH-7MAR25.none.20.100ms", "data": {"timestamp": 1741083856760, "change_id": 60787398264, "instrument_name": "ETH-7MAR25", "bids": [[2087.75, 9035.0], [2087.5, 26105.0], [2087.25, 65094.0], [2087.0, 12307.0], [2086.75, 2275.0], [2086.5, 4743.0], [2086.25, 25264.0], [2086.0, 50942.0], [2085.75, 2275.0], [2085.5, 1750.0], [2085.25, 525.0], [2085.0, 2275.0], [2084.75, 2275.0], [2084.5, 2275.0], [2084.25, 2275.0], [2084.0, 2275.0], [2083.75, 2275.0], [2083.5, 1750.0], [2083.0, 1750.0], [2082.75, 1750.0]], "asks": [[2088.25, 14662.0], [2088.5, 17710.0], [2088.75, 8875.0], [2089.0, 2275.0], [2089.25, 1750.0], [2089.5, 525.0], [2089.75, 4788.0], [2090.0, 10651.0], [2090.25, 2278.0], [2090.5, 1760.0], [2090.75, 525.0], [2091.0, 17183.0], [2091.25, 66570.0], [2091.5, 50952.0], [2091.75, 1750.0], [2092.25, 38807.0], [2092.5, 91750.0], [2093.25, 49145.0], [2094.25, 1750.0], [2094.5, 78090.0]]}}}
{"jsonrpc": "2.0", "method": "subscription", "params": {"channel": "book.ETH-14MAR25.none.20.100ms", "data": {"timestamp": 1741083857090, "change_id": 60787399060, "instrument_name": "ETH-14MAR25", "bids": [[2089.5, 9164.0], [2089.25, 29749.0], [2089.0, 11353.0], [2088.75, 8975.0], [2088.5, 6130.0], [2088.25, 16265.0], [2088.0, 338.0], [2087.75, 1588.0], [2087.5, 1588.0], [2087.25, 1588.0], [2087.0, 10583.0], [2086.75, 31588.0], [2086.5, 1593.0], [2086.25, 1588.0], [2086.0, 1588.0], [2085.75, 1588.0], [2085.5, 1588.0], [2085.25, 1250.0], [2085.0, 1750.0], [2084.75, 1250.0]], "asks": [[2090.0, 1500.0], [2090.25, 4290.0], [2090.5, 4656.0], [2090.75, 10338.0], [2091.0, 1588.0], [2091.25, 2375.0], [2091.5, 4088.0], [2091.75, 1588.0], [2092.0, 1588.0], [2092.25, 4029.0], [2092.5, 9602.0], [2092.75, 12899.0], [2093.0, 39167.0], [2093.25, 41728.0], [2093.5, 134928.0], [2094.5, 1250.0], [2094.75, 46483.0], [2095.5, 1250.0], [2096.0, 1750.0], [2097.25, 46264.0]]}}}
{"jsonrpc": "2.0", "method": "subscription", "params": {"channel": "book.ETH-7MAR25.none.20.100ms", "data": {"timestamp": 1741083857089, "change_id": 60787399056, "instrument_name": "ETH-7MAR25", "bids": [[2087.5, 26105.0], [2087.25, 65094.0], [2087.0, 12307.0], [2086.75, 2275.0], [2086.5, 4743.0], [2086.25, 25264.0], [2086.0, 50942.0], [2085.75, 2275.0], [2085.5, 1750.0], [2085.25, 525.0], [2085.0, 2275.0], [2084.75, 2275.0], [2084.5, 2275.0], [2084.25, 2275.0], [2084.0, 2275.0], [2083.75, 2275.0], [2083.5, 1750.0], [2083.0, 1750.0], [2082.75, 1750.0], [2082.25, 1760.0]], "asks": [[2088.0, 9630.0], [2088.25, 14662.0], [2088.5, 17710.0], [2088.75, 8875.0], [2089.0, 2275.0], [2089.25, 1750.0], [2089.5, 525.0], [2089.75, 4788.0], [2090.0, 10651.0], [2090.25, 2278.0], [2090.5, 1760.0], [2090.75, 525.0], [2091.0, 17183.0], [2091.25, 66570.0], [2091.5, 50952.0], [2091.75, 1750.0], [2092.25, 38807.0], [2092.5, 91750.0], [2093.25, 49145.0], [2094.25, 1750.0]]}}}
{"jsonrpc": "2.0", "method": "subscription", "params": {"channel": "book.ETH-14MAR25.none.20.100ms", "data": {"timestamp": 1741083857357, "change_id": 60787399331, "instrument_name": "ETH-14MAR25", "bids": [[2089.5, 4589.0], [2089.25, 13034.0], [2089.0, 13805.0], [2088.75, 8975.0], [2088.5, 6130.0], [2088.25, 16265.0], [2088.0, 338.0], [2087.75, 1588.0], [2087.5, 1588.0], [2087.25, 1588.0], [2087.0, 10583.0], [2086.75, 31588.0], [2086.5, 1593.0], [2086.25, 1588.0], [2086.0, 1588.0], [2085.75, 1588.0], [2085.5, 1588.0], [2085.25, 1250.0], [2085.0, 1750.0], [2084.75, 1250.0]], "asks": [[2090.0, 1500.0], [2090.25, 4290.0], [2090.5, 4656.0], [2090.75, 10338.0], [2091.0, 2033.0], [2091.25, 3875.0], [2091.5, 4088.0], [2091.75, 1588.0], [2092.0, 1588.0], [2092.25, 4029.0], [2092.5, 9602.0], [2092.75, 12899.0], [2093.0, 39167.0], [2093.25, 41728.0], [2093.5, 134928.0], [2094.5, 1250.0], [2094.75, 46483.0], [2095.5, 1250.0], [2096.0, 1750.0], [2097.25, 46264.0]]}}}
{"jsonrpc": "2.0", "method": "subscription", "params": {"channel": "book.ETH-7MAR25.none.20.100ms", "data": {"timestamp": 1741083857242, "change_id": 60787399148, "instrument_name": "ETH-7MAR25", "bids": [[2087.5, 26105.0], [2087.25, 65094.0], [2087.0, 12307.0], [2086.75, 2275.0], [2086.5, 4743.0], [2086.25, 25264.0], [2086.0, 50942.0], [2085.75, 2275.0], [2085.5, 1750.0], [2085.25, 525.0], [2085.0, 2275.0], [2084.75, 2275.0], [2084.5, 11209.0], [2084.25, 32275.0], [2084.0, 2275.0], [2083.75, 2275.0], [2083.5, 1750.0], [2083.0, 1750.0], [2082.75, 1750.0], [2082.25, 1760.0]], "asks": [[2088.0, 9630.0], [2088.25, 14662.0], [2088.5, 17710.0], [2088.75, 8875.0], [2089.0, 2275.0], [2089.25, 1750.0], [2089.5, 525.0], [2089.75, 4788.0], [2090.0, 10651.0], [2090.25, 2278.0], [2090.5, 1760.0], [2090.75, 525.0], [2091.0, 17183.0], [2091.25, 66570.0], [2091.5, 50952.0], [2091.75, 1750.0], [2092.25, 38807.0], [2092.5, 91750.0], [2093.25, 49145.0], [2094.25, 1750.0]]}}}
{"jsonrpc": "2.0", "method": "subscription", "params": {"channel": "book.ETH-14MAR25.none.20.100ms", "data": {"timestamp": 1741083857757, "change_id": 60787400468, "instrument_name": "ETH-14MAR25", "bids": [[2089.75, 1500.0], [2089.5, 11620.0], [2089.25, 3702.0], [2089.0, 32454.0], [2088.75, 1250.0], [2088.5, 16265.0], [2088.25, 1250.0], [2087.75, 1250.0], [2087.5, 1250.0], [2087.25, 1250.0], [2087.0, 1250.0], [2086.75, 31250.0], [2086.5, 1255.0], [2086.25, 1250.0], [2086.0, 1250.0], [2085.75, 1250.0], [2085.5, 1250.0], [2085.25, 1250.0], [2085.0, 1750.0], [2084.75, 1250.0]], "asks": [[2090.75, 3952.0], [2091.25, 2870.0], [2091.5, 13750.0], [2091.75, 1250.0], [2092.0, 1250.0], [2092.25, 1250.0], [2092.5, 1250.0], [2092.75, 1250.0], [2093.0, 24542.0], [2093.25, 1250.0], [2093.5, 91250.0], [2094.0, 1250.0], [2094.25, 23736.0], [2094.5, 1250.0], [2094.75, 46483.0], [2095.0, 43678.0], [2095.5, 1250.0], [2096.0, 1750.0], [2097.25, 46264.0], [2098.0, 1250.0]]}}}
{"jsonrpc": "2.0", "method": "subscription", "params": {"channel": "book.ETH-7MAR25.none.20.100ms", "data": {"timestamp": 1741083857721, "change_id": 60787400369, "instrument_name": "ETH-7MAR25", "bids": [[2088.0, 8350.0], [2087.75, 20086.0], [2087.5, 8350.0], [2087.25, 18350.0], [2087.0, 52584.0], [2086.75, 1750.0], [2086.5, 1750.0], [2086.25, 10209.0], [2086.0, 1750.0], [2085.75, 50417.0], [2085.5, 1750.0], [2085.0, 1750.0], [2084.75, 1750.0], [2084.5, 1750.0], [2084.25, 31750.0], [2084.0, 1750.0], [2083.75, 1750.0], [2083.5, 1750.0], [2083.0, 1750.0], [2082.75, 1750.0]], "asks": [[2088.75, 45407.0], [2089.0, 1750.0], [2089.25, 11750.0], [2089.75, 1750.0], [2090.0, 58803.0], [2090.25, 1750.0], [2090.5, 1760.0], [2091.0, 1750.0], [2091.25, 51442.0], [2091.5, 1750.0], [2091.75, 1750.0], [2092.0, 1750.0], [2092.25, 1750.0], [2092.5, 91750.0], [2093.25, 49145.0], [2094.25, 1750.0], [2094.5, 78090.0], [2094.75, 10.0], [2095.0, 181750.0], [2095.75, 41750.0]]}}}
{"jsonrpc": "2.0", "method": "subscription", "params": {"channel": "book.ETH-14MAR25.none.20.100ms", "data": {"timestamp": 1741083858086, "change_id": 60787401462, "instrument_name": "ETH-14MAR25", "bids": [[2089.75, 11500.0], [2089.5, 1620.0], [2089.25, 1250.0], [2089.0, 15741.0], [2088.75, 1250.0], [2088.5, 16265.0], [2088.25, 1250.0], [2087.75, 1250.0], [2087.5, 1250.0], [2087.25, 1250.0], [2087.0, 1250.0], [2086.75, 1250.0], [2086.5, 1255.0], [2086.25, 1250.0], [2086.0, 1250.0], [2085.75, 1250.0], [2085.5, 1250.0], [2085.25, 1250.0], [2085.0, 1750.0], [2084.75, 1250.0]], "asks": [[2090.75, 3952.0], [2091.0, 1370.0], [2091.25, 12750.0], [2091.5, 2750.0], [2091.75, 1250.0], [2092.0, 1250.0], [2092.25, 2250.0], [2092.5, 1250.0], [2092.75, 9622.0], [2093.0, 1250.0], [2093.25, 1250.0], [2093.5, 91250.0], [2094.0, 1250.0], [2094.25, 23736.0], [2094.5, 16343.0], [2094.75, 46483.0], [2095.0, 43678.0], [2095.5, 1250.0], [2096.0, 1750.0], [2097.25, 46264.0]]}}}
{"jsonrpc": "2.0", "method": "subscription", "params": {"channel": "book.ETH-7MAR25.none.20.100ms", "data": {"timestamp": 1741083858084, "change_id": 60787401458, "instrument_name": "ETH-7MAR25", "bids": [[2088.0, 6600.0], [2087.75, 10805.0], [2087.5, 59184.0], [2087.25, 18350.0], [2087.0, 1750.0], [2086.5, 1750.0], [2086.25, 58876.0], [2086.0, 1750.0], [2085.75, 1750.0], [2085.5, 1750.0], [2085.0, 1750.0], [2084.75, 1750.0], [2084.5, 1750.0], [2084.25, 1750.0], [2084.0, 1750.0], [2083.75, 1750.0], [2083.5, 1750.0], [2083.0, 1750.0], [2082.75, 1750.0], [2082.25, 1760.0]], "asks": [[2088.5, 6600.0], [2088.75, 10100.0], [2089.0, 14205.0], [2089.25, 2750.0], [2090.0, 10141.0], [2090.25, 1750.0], [2090.5, 1760.0], [2091.0, 1750.0], [2091.25, 51442.0], [2091.5, 1750.0], [2091.75, 1750.0], [2092.0, 1750.0], [2092.25, 1750.0], [2092.5, 91750.0], [2092.75, 85734.0], [2093.0, 1750.0], [2093.25, 49145.0], [2094.25, 1750.0], [2094.5, 78090.0], [2094.75, 10.0]]}}}
{"jsonrpc": "2.0", "method": "subscription", "params": {"channel": "book.ETH-14MAR25.none.20.100ms", "data": {"timestamp": 1741083858349, "change_id": 60787401965, "instrument_name": "ETH-14MAR25", "bids": [[2089.75, 14303.0], [2089.5, 10551.0], [2089.25, 8424.0], [2089.0, 16079.0], [2088.75, 1588.0], [2088.5, 1250.0], [2088.25, 4505.0], [2088.0, 15353.0], [2087.75, 1588.0], [2087.5, 1588.0], [2087.25, 1588.0], [2087.0, 1588.0], [2086.75, 1588.0], [2086.5, 1255.0], [2086.25, 1250.0], [2086.0, 1250.0], [2085.75, 1250.0], [2085.5, 1250.0], [2085.25, 1250.0], [2085.0, 1750.0]], "asks": [[2090.5, 2686.0], [2090.75, 4771.0], [2091.0, 6653.0], [2091.25, 13088.0], [2091.5, 1250.0], [2091.75, 1588.0], [2092.0, 1925.0], [2092.25, 7153.0], [2092.5, 16681.0], [2092.75, 9622.0], [2093.0, 1250.0], [2093.25, 1250.0], [2093.5, 91250.0], [2094.0, 1250.0], [2094.25, 23736.0], [2094.5, 1250.0], [2094.75, 46483.0], [2095.0, 43678.0], [2095.5, 1250.0], [2096.0, 1750.0]]}}}
{"jsonrpc": "2.0", "method": "subscription", "params": {"channel": "book.ETH-7MAR25.none.20.100ms", "data": {"timestamp": 1741083858110, "change_id": 60787401513, "instrument_name": "ETH-7MAR25", "bids": [[2088.0, 6600.0], [2087.75, 10805.0], [2087.5, 59184.0], [2087.25, 18350.0], [2087.0, 1750.0], [2086.5, 1750.0], [2086.25, 58876.0], [2086.0, 1750.0], [2085.75, 1750.0], [2085.5, 1750.0], [2085.0, 1750.0], [2084.75, 1750.0], [2084.5, 1750.0], [2084.25, 1750.0], [2084.0, 1750.0], [2083.75, 1750.0], [2083.5, 1750.0], [2083.0, 1750.0], [2082.75, 1750.0], [2082.25, 1760.0]], "asks": [[2088.5, 6600.0], [2088.75, 10100.0], [2089.0, 14205.0], [2089.25, 2750.0], [2090.0, 10141.0], [2090.25, 1750.0], [2090.5, 1760.0], [2091.0, 1750.0], [2091.25, 51442.0], [2091.5, 1750.0], [2091.75, 1750.0], [2092.0, 1750.0], [2092.25, 1750.0], [2092.5, 91750.0], [2092.75, 85734.0], [2093.0, 1750.0], [2093.25, 49145.0], [2094.25, 1750.0], [2094.5, 78090.0], [2094.75, 10.0]]}}}
{"jsonrpc": "2.0", "method": "subscription", "params": {"channel": "book.ETH-14MAR25.none.20.100ms", "data": {"timestamp": 1741083858497, "change_id": 60787402243, "instrument_name": "ETH-14MAR25", "bids": [[2090.0, 4915.0], [2089.75, 14303.0], [2089.5, 10551.0], [2089.25, 8424.0], [2089.0, 16079.0], [2088.75, 1588.0], [2088.5, 1250.0], [2088.25, 4505.0], [2088.0, 15353.0], [2087.75, 1588.0], [2087.5, 1588.0], [2087.25, 1588.0], [2087.0, 1588.0], [2086.75, 1588.0], [2086.5, 1593.0], [2086.25, 1588.0], [2086.0, 1250.0], [2085.75, 1250.0], [2085.5, 1250.0], [2085.25, 1250.0]], "asks": [[2090.5, 1500.0], [2090.75, 4290.0], [2091.0, 5403.0], [2091.25, 13088.0], [2091.5, 1588.0], [2091.75, 1588.0], [2092.0, 1925.0], [2092.25, 7153.0], [2092.5, 19187.0], [2092.75, 9960.0], [2093.0, 1588.0], [2093.25, 1250.0], [2093.5, 91250.0], [2094.0, 1250.0], [2094.25, 23736.0], [2094.5, 1250.0], [2094.75, 46483.0], [2095.0, 43678.0], [2095.5, 1250.0], [2096.0, 1750.0]]}}}
{"jsonrpc": "2.0", "method": "subscription", "params": {"channel": "book.ETH-7MAR25.none.20.100ms", "data": {"timestamp": 1741083858483, "change_id": 60787402202, "instrument_name": "ETH-7MAR25", "bids": [[2088.0, 11592.0], [2087.75, 30241.0], [2087.5, 64689.0], [2087.25, 18350.0], [2087.0, 1750.0], [2086.5, 1750.0], [2086.25, 58876.0], [2086.0, 1750.0], [2085.75, 1750.0], [2085.5, 1750.0], [2085.0, 1750.0], [2084.75, 1750.0], [2084.5, 1750.0], [2084.25, 1750.0], [2084.0, 1750.0], [2083.75, 1750.0], [2083.5, 1750.0], [2083.0, 1750.0], [2082.75, 1750.0], [2082.25, 1760.0]], "asks": [[2088.5, 9630.0], [2088.75, 10100.0], [2089.0, 14205.0], [2089.25, 2750.0], [2090.0, 10141.0], [2090.25, 1750.0], [2090.5, 1760.0], [2091.0, 1750.0], [2091.25, 51442.0], [2091.5, 1750.0], [2091.75, 1750.0], [2092.0, 1750.0], [2092.25, 1750.0], [2092.5, 91750.0], [2092.75, 85734.0], [2093.0, 1750.0], [2093.25, 49145.0], [2094.25, 1750.0], [2094.5, 78090.0], [2094.75, 10.0]]}}}
{"jsonrpc": "2.0", "method": "subscription", "params": {"channel": "book.ETH-14MAR25.none.20.100ms", "data": {"timestamp": 1741083859074, "change_id": 60787403055, "instrument_name": "ETH-14MAR25", "bids": [[2090.0, 1500.0], [2089.75, 14303.0], [2089.5, 9051.0], [2089.25, 8424.0], [2089.0, 16079.0], [2088.75, 1588.0], [2088.5, 1250.0], [2088.25, 4505.0], [2088.0, 15353.0], [2087.75, 1588.0], [2087.5, 1588.0], [2087.25, 1588.0], [2087.0, 1588.0], [2086.75, 1588.0], [2086.5, 1593.0], [2086.25, 1588.0], [2086.0, 1588.0], [2085.75, 1588.0], [2085.5, 1250.0], [2085.25, 1250.0]], "asks": [[2090.5, 2686.0], [2090.75, 4290.0], [2091.0, 5403.0], [2091.25, 13088.0], [2091.5, 1588.0], [2091.75, 1588.0], [2092.0, 1925.0], [2092.25, 7153.0], [2092.5, 19187.0], [2092.75, 9960.0], [2093.0, 1588.0], [2093.25, 28625.0], [2093.5, 91588.0], [2093.75, 1588.0], [2094.0, 8371.0], [2094.25, 24074.0], [2094.5, 1250.0], [2094.75, 46483.0], [2095.0, 43678.0], [2095.5, 1250.0]]}}}
{"jsonrpc": "2.0", "method": "subscription", "params": {"channel": "book.ETH-7MAR25.none.20.100ms", "data": {"timestamp": 1741083859079, "change_id": 60787403059, "instrument_name": "ETH-7MAR25", "bids": [[2088.0, 11592.0], [2087.75, 30241.0], [2087.5, 64689.0], [2087.25, 18350.0], [2087.0, 1750.0], [2086.5, 19413.0], [2086.25, 58876.0], [2086.0, 1750.0], [2085.75, 1750.0], [2085.5, 1750.0], [2085.25, 525.0], [2085.0, 1750.0], [2084.75, 1750.0], [2084.5, 1750.0], [2084.25, 1750.0], [2084.0, 2275.0], [2083.75, 1750.0], [2083.5, 1750.0], [2083.0, 1750.0], [2082.75, 1750.0]], "asks": [[2088.5, 12251.0], [2088.75, 21292.0], [2089.0, 5030.0], [2089.25, 2750.0], [2089.75, 4792.0], [2090.0, 10141.0], [2090.25, 1750.0], [2090.5, 1760.0], [2091.0, 17183.0], [2091.25, 51442.0], [2091.5, 1750.0], [2091.75, 1750.0], [2092.0, 1750.0], [2092.25, 29275.0], [2092.5, 91750.0], [2092.75, 85734.0], [2093.0, 1750.0], [2093.25, 49145.0], [2094.25, 1750.0], [2094.5, 78090.0]]}}}
{"jsonrpc": "2.0", "method": "subscription", "params": {"channel": "book.ETH-14MAR25.none.20.100ms", "data": {"timestamp": 1741083859403, "change_id": 60787403512, "instrument_name": "ETH-14MAR25", "bids": [[2089.75, 14303.0], [2089.5, 8676.0], [2089.25, 7174.0], [2089.0, 16079.0], [2088.75, 1588.0], [2088.5, 1250.0], [2088.25, 4505.0], [2088.0, 15353.0], [2087.75, 1588.0], [2087.5, 1588.0], [2087.25, 1588.0], [2087.0, 1588.0], [2086.75, 1588.0], [2086.5, 1593.0], [2086.25, 1588.0], [2086.0, 1588.0], [2085.75, 1588.0], [2085.5, 1588.0], [2085.25, 1250.0], [2085.0, 1750.0]], "asks": [[2090.25, 1838.0], [2090.5, 2686.0], [2090.75, 7480.0], [2091.0, 12283.0], [2091.25, 3533.0], [2091.5, 3088.0], [2091.75, 1588.0], [2092.0, 1925.0], [2092.25, 7153.0], [2092.5, 19187.0], [2092.75, 9960.0], [2093.0, 1588.0], [2093.25, 28625.0], [2093.5, 91588.0], [2093.75, 1588.0], [2094.0, 8371.0], [2094.25, 24074.0], [2094.5, 1250.0], [2094.75, 46483.0], [2095.0, 43678.0]]}}}
{"jsonrpc": "2.0", "method": "subscription", "params": {"channel": "book.ETH-7MAR25.none.20.100ms", "data": {"timestamp": 1741083859395, "change_id": 60787403495, "instrument_name": "ETH-7MAR25", "bids": [[2088.0, 6600.0], [2087.75, 24286.0], [2087.5, 62639.0], [2087.25, 11750.0], [2087.0, 1750.0], [2086.5, 19413.0], [2086.25, 58876.0], [2086.0, 1750.0], [2085.75, 1750.0], [2085.5, 1750.0], [2085.25, 525.0], [2085.0, 1750.0], [2084.75, 1750.0], [2084.5, 1750.0], [2084.25, 1750.0], [2084.0, 2275.0], [2083.75, 1750.0], [2083.5, 1750.0], [2083.0, 1750.0], [2082.75, 1750.0]], "asks": [[2088.5, 14001.0], [2088.75, 21292.0], [2089.0, 5030.0], [2089.25, 2750.0], [2089.75, 4792.0], [2090.0, 10141.0], [2090.25, 1750.0], [2090.5, 1760.0], [2091.0, 17183.0], [2091.25, 51442.0], [2091.5, 1750.0], [2091.75, 1750.0], [2092.0, 1750.0], [2092.25, 29275.0], [2092.5, 91750.0], [2092.75, 85734.0], [2093.0, 1750.0], [2093.25, 49145.0], [2094.25, 1750.0], [2094.5, 78090.0]]}}}
{"jsonrpc": "2.0", "method": "subscription", "params": {"channel": "book.ETH-14MAR25.none.20.100ms", "data": {"timestamp": 1741083859568, "change_id": 60787403713, "instrument_name": "ETH-14MAR25", "bids": [[2089.75, 6545.0], [2089.5, 18676.0], [2089.25, 7174.0], [2089.0, 16079.0], [2088.75, 1588.0], [2088.5, 1250.0], [2088.25, 4505.0], [2088.0, 15353.0], [2087.75, 1588.0], [2087.5, 1588.0], [2087.25, 1588.0], [2087.0, 1588.0], [2086.75, 1588.0], [2086.5, 1593.0], [2086.25, 1588.0], [2086.0, 1588.0], [2085.75, 1588.0], [2085.5, 1588.0], [2085.25, 1250.0], [2085.0, 1750.0]], "asks": [[2090.25, 2643.0], [2090.5, 4290.0], [2090.75, 5028.0], [2091.0, 12283.0], [2091.25, 3533.0], [2091.5, 3088.0], [2091.75, 1588.0], [2092.0, 1925.0], [2092.25, 7153.0], [2092.5, 19187.0], [2092.75, 9960.0], [2093.0, 1588.0], [2093.25, 28625.0], [2093.5, 91588.0], [2093.75, 1588.0], [2094.0, 8371.0], [2094.25, 24074.0], [2094.5, 1250.0], [2094.75, 46483.0], [2095.0, 43678.0]]}}}
{"jsonrpc": "2.0", "method": "subscription", "params": {"channel": "book.ETH-7MAR25.none.20.100ms", "data": {"timestamp": 1741083859695, "change_id": 60787403915, "instrument_name": "ETH-7MAR25", "bids": [[2088.0, 6600.0], [2087.75, 24286.0], [2087.5, 65094.0], [2087.25, 11750.0], [2087.0, 1750.0], [2086.5, 19413.0], [2086.25, 58876.0], [2086.0, 1750.0], [2085.75, 1750.0], [2085.5, 1750.0], [2085.25, 525.0], [2085.0, 1750.0], [2084.75, 1750.0], [2084.5, 1750.0], [2084.25, 1750.0], [2084.0, 2275.0], [2083.75, 1750.0], [2083.5, 1750.0], [2083.0, 1750.0], [2082.75, 1750.0]], "asks": [[2088.5, 14001.0], [2088.75, 23112.0], [2089.0, 2575.0], [2089.25, 2750.0], [2089.75, 4792.0], [2090.0, 10141.0], [2090.25, 1750.0], [2090.5, 1760.0], [2091.0, 17183.0], [2091.25, 51442.0], [2091.5, 1750.0], [2091.75, 1750.0], [2092.0, 1750.0], [2092.25, 29275.0], [2092.5, 91750.0], [2092.75, 85734.0], [2093.0, 1750.0], [2093.25, 49145.0], [2094.25, 1750.0], [2094.5, 78090.0]]}}}
{"jsonrpc": "2.0", "method": "subscription", "params": {"channel": "book.ETH-14MAR25.none.20.100ms", "data": {"timestamp": 1741083860014, "change_id": 60787404979, "instrument_name": "ETH-14MAR25", "bids": [[2089.25, 10813.0], [2089.0, 7194.0], [2088.75, 17207.0], [2088.5, 1250.0], [2088.25, 4505.0], [2088.0, 15353.0], [2087.75, 1588.0], [2087.5, 1588.0], [2087.25, 1588.0], [2087.0, 1588.0], [2086.75, 1588.0], [2086.5, 1593.0], [2086.25, 1588.0], [2086.0, 1588.0], [2085.75, 1588.0], [2085.5, 1588.0], [2085.25, 1588.0], [2085.0, 1750.0], [2084.75, 1250.0], [2084.5, 1250.0]], "asks": [[2090.0, 2643.0], [2090.25, 4290.0], [2090.5, 5347.0], [2090.75, 13533.0], [2091.0, 3533.0], [2091.25, 3533.0], [2091.5, 3383.0], [2091.75, 2588.0], [2092.0, 1588.0], [2092.25, 6153.0], [2092.5, 19187.0], [2092.75, 9960.0], [2093.0, 1588.0], [2093.25, 28625.0], [2093.5, 91588.0], [2093.75, 1588.0], [2094.0, 8371.0], [2094.25, 24074.0], [2094.5, 1250.0], [2094.75, 46483.0]]}}}
{"jsonrpc": "2.0", "method": "subscription", "params": {"channel": "book.ETH-7MAR25.none.20.100ms", "data": {"timestamp": 1741083859970, "change_id": 60787404897, "instrument_name": "ETH-7MAR25", "bids": [[2087.75, 6600.0], [2087.5, 7792.0], [2087.25, 16239.0], [2087.0, 52584.0], [2086.75, 12275.0], [2086.5, 2307.0], [2086.25, 9752.0], [2086.0, 1750.0], [2085.75, 50417.0], [2085.5, 1750.0], [2085.25, 525.0], [2085.0, 1750.0], [2084.75, 1750.0], [2084.5, 1750.0], [2084.25, 1750.0], [2084.0, 2275.0], [2083.75, 1750.0], [2083.5, 1750.0], [2083.0, 1750.0], [2082.75, 1750.0]], "asks": [[2088.25, 14067.0], [2088.5, 38060.0], [2088.75, 45964.0], [2089.0, 2307.0], [2089.25, 1750.0], [2089.5, 525.0], [2089.75, 4792.0], [2090.0, 58818.0], [2090.25, 1750.0], [2090.5, 1760.0], [2090.75, 525.0], [2091.0, 17183.0], [2091.25, 51442.0], [2091.5, 1750.0], [2091.75, 1750.0], [2092.0, 2275.0], [2092.25, 29275.0], [2092.5, 91750.0], [2093.0, 1750.0], [2093.25, 49145.0]]}}}
{"jsonrpc": "2.0", "method": "subscription", "params": {"channel": "book.ETH-14MAR25.none.20.100ms", "data": {"timestamp": 1741083860405, "change_id": 60787405435, "instrument_name": "ETH-14MAR25", "bids": [[2089.5, 1500.0], [2089.25, 10813.0], [2089.0, 7194.0], [2088.75, 17207.0], [2088.5, 1250.0], [2088.25, 4505.0], [2088.0, 15353.0], [2087.75, 1588.0], [2087.5, 1588.0], [2087.25, 1588.0], [2087.0, 1588.0], [2086.75, 1588.0], [2086.5, 1593.0], [2086.25, 1588.0], [2086.0, 1588.0], [2085.75, 1588.0], [2085.5, 1588.0], [2085.25, 1588.0], [2085.0, 1750.0], [2084.75, 1250.0]], "asks": [[2090.0, 2686.0], [2090.25, 4290.0], [2090.5, 5347.0], [2090.75, 13533.0], [2091.0, 3533.0], [2091.25, 3533.0], [2091.5, 3383.0], [2091.75, 2588.0], [2092.0, 1588.0], [2092.25, 6153.0], [2092.5, 19187.0], [2092.75, 9960.0], [2093.0, 1588.0], [2093.25, 28625.0], [2093.5, 91588.0], [2093.75, 1588.0], [2094.0, 8371.0], [2094.25, 24074.0], [2094.5, 1250.0], [2094.75, 46483.0]]}}}
{"jsonrpc": "2.0", "method": "subscription", "params": {"channel": "book.ETH-7MAR25.none.20.100ms", "data": {"timestamp": 1741083860371, "change_id": 60787405410, "instrument_name": "ETH-7MAR25", "bids": [[2087.75, 6600.0], [2087.5, 7792.0], [2087.25, 21476.0], [2087.0, 62584.0], [2086.75, 2275.0], [2086.5, 2307.0], [2086.25, 9752.0], [2086.0, 1750.0], [2085.75, 50417.0], [2085.5, 1750.0], [2084.75, 1750.0], [2084.5, 1750.0], [2084.25, 1750.0], [2084.0, 2275.0], [2083.75, 1750.0], [2083.5, 1750.0], [2083.0, 1750.0], [2082.75, 1750.0], [2082.25, 1760.0], [2082.0, 1750.0]], "asks": [[2088.25, 14067.0], [2088.5, 38060.0], [2088.75, 45964.0], [2089.0, 2307.0], [2089.25, 1750.0], [2089.5, 525.0], [2089.75, 4792.0], [2090.0, 58818.0], [2090.25, 1750.0], [2090.5, 1760.0], [2090.75, 525.0], [2091.0, 17183.0], [2091.25, 51442.0], [2091.75, 1750.0], [2092.0, 2275.0], [2092.25, 29275.0], [2092.5, 91750.0], [2093.0, 1750.0], [2093.25, 49145.0], [2094.25, 1750.0]]}}}
{"jsonrpc": "2.0", "method": "subscription", "params": {"channel": "book.ETH-14MAR25.none.20.100ms", "data": {"timestamp": 1741083860714, "change_id": 60787406274, "instrument_name": "ETH-14MAR25", "bids": [[2089.0, 24795.0], [2088.75, 12572.0], [2088.5, 1250.0], [2088.25, 7387.0], [2088.0, 15015.0], [2087.75, 1250.0], [2087.5, 1250.0], [2087.25, 1250.0], [2087.0, 1250.0], [2086.75, 1250.0], [2086.5, 1255.0], [2086.25, 1250.0], [2086.0, 1250.0], [2085.75, 1250.0], [2085.5, 1250.0], [2085.25, 1250.0], [2085.0, 1750.0], [2084.5, 1250.0], [2084.0, 1250.0], [2083.75, 1250.0]], "asks": [[2089.75, 1500.0], [2090.0, 1500.0], [2090.25, 1620.0], [2090.5, 12750.0], [2090.75, 2750.0], [2091.0, 2750.0], [2091.25, 2750.0], [2091.5, 2750.0], [2091.75, 10390.0], [2092.0, 1250.0], [2092.25, 1250.0], [2092.5, 16343.0], [2092.75, 1250.0], [2093.0, 1250.0], [2093.25, 1250.0], [2093.5, 91250.0], [2093.75, 1250.0], [2094.0, 1250.0], [2094.25, 23736.0], [2094.5, 1250.0]]}}}
{"jsonrpc": "2.0", "method": "subscription", "params": {"channel": "book.ETH-7MAR25.none.20.100ms", "data": {"timestamp": 1741083860732, "change_id": 60787406308, "instrument_name": "ETH-7MAR25", "bids": [[2087.5, 6600.0], [2087.25, 1750.0], [2087.0, 16457.0], [2086.75, 40332.0], [2086.5, 11750.0], [2086.25, 9939.0], [2086.0, 1750.0], [2085.75, 1750.0], [2085.5, 1750.0], [2085.0, 48667.0], [2084.75, 1750.0], [2084.5, 1750.0], [2084.25, 1750.0], [2084.0, 1750.0], [2083.75, 1750.0], [2083.5, 1750.0], [2083.0, 1750.0], [2082.75, 1750.0], [2082.25, 1760.0], [2082.0, 1750.0]], "asks": [[2088.0, 6600.0], [2088.25, 57157.0], [2088.5, 9350.0], [2088.75, 8350.0], [2089.0, 1750.0], [2089.25, 1750.0], [2089.75, 1750.0], [2090.0, 58818.0], [2090.25, 1750.0], [2090.5, 1760.0], [2091.0, 1750.0], [2091.25, 51442.0], [2091.75, 1750.0], [2092.0, 1750.0], [2092.25, 1750.0], [2092.5, 91750.0], [2093.0, 1750.0], [2093.25, 49145.0], [2094.25, 1750.0], [2094.5, 78090.0]]}}}
{"jsonrpc": "2.0", "method": "subscription", "params": {"channel": "book.ETH-14MAR25.none.20.100ms", "data": {"timestamp": 1741083860946, "change_id": 60787406909, "instrument_name": "ETH-14MAR25", "bids": [[2089.0, 18082.0], [2088.75, 1370.0], [2088.5, 3702.0], [2088.25, 7387.0], [2088.0, 15015.0], [2087.75, 1250.0], [2087.5, 1250.0], [2087.25, 1250.0], [2087.0, 1250.0], [2086.75, 1250.0], [2086.5, 31255.0], [2086.25, 1250.0], [2086.0, 1250.0], [2085.75, 1250.0], [2085.5, 1250.0], [2085.25, 1250.0], [2085.0, 1750.0], [2084.5, 1250.0], [2084.0, 1250.0], [2083.75, 1250.0]], "asks": [[2089.75, 1500.0], [2090.0, 3952.0], [2090.25, 1620.0], [2090.5, 12750.0], [2090.75, 2750.0], [2091.0, 2750.0], [2091.25, 2750.0], [2091.5, 2750.0], [2091.75, 10390.0], [2092.0, 1250.0], [2092.25, 1250.0], [2092.5, 16343.0], [2092.75, 1250.0], [2093.0, 1250.0], [2093.25, 1250.0], [2093.5, 91250.0], [2093.75, 1250.0], [2094.0, 1250.0], [2094.25, 23736.0], [2094.5, 1250.0]]}}}
{"jsonrpc": "2.0", "method": "subscription", "params": {"channel": "book.ETH-7MAR25.none.20.100ms", "data": {"timestamp": 1741083861023, "change_id": 60787407081, "instrument_name": "ETH-7MAR25", "bids": [[2087.5, 8350.0], [2087.25, 1750.0], [2087.0, 14002.0], [2086.75, 42787.0], [2086.5, 11750.0], [2086.25, 9939.0], [2086.0, 1750.0], [2085.75, 1750.0], [2085.5, 1750.0], [2085.0, 48667.0], [2084.75, 1750.0], [2084.5, 1750.0], [2084.25, 1750.0], [2084.0, 1750.0], [2083.75, 31750.0], [2083.5, 1750.0], [2083.0, 1750.0], [2082.75, 1750.0], [2082.25, 1760.0], [2082.0, 1750.0]], "asks": [[2088.0, 6600.0], [2088.25, 59612.0], [2088.5, 9350.0], [2088.75, 8350.0], [2089.0, 1750.0], [2089.25, 1750.0], [2089.75, 1750.0], [2090.0, 58818.0], [2090.25, 1750.0], [2090.5, 1760.0], [2091.0, 1750.0], [2091.25, 51442.0], [2091.75, 1750.0], [2092.0, 1750.0], [2092.25, 1750.0], [2092.5, 91750.0], [2093.0, 1750.0], [2093.25, 49145.0], [2094.25, 1750.0], [2094.5, 78090.0]]}}}
{"jsonrpc": "2.0", "method": "subscription", "params": {"channel": "book.ETH-14MAR25.none.20.100ms", "data": {"timestamp": 1741083861310, "change_id": 60787407447, "instrument_name": "ETH-14MAR25", "bids": [[2089.5, 1500.0], [2089.25, 11260.0], [2089.0, 35898.0], [2088.75, 4160.0], [2088.5, 3466.0], [2088.25, 11892.0], [2088.0, 15353.0], [2087.75, 1588.0], [2087.5, 1588.0], [2087.25, 1588.0], [2087.0, 1588.0], [2086.75, 10627.0], [2086.5, 31593.0], [2086.25, 1588.0], [2086.0, 1588.0], [2085.75, 1588.0], [2085.5, 1588.0], [2085.25, 1588.0], [2085.0, 1750.0], [2084.5, 1250.0]], "asks": [[2089.75, 1500.0], [2090.0, 2679.0], [2090.25, 7897.0], [2090.5, 12325.0], [2090.75, 3575.0], [2091.0, 3575.0], [2091.25, 3575.0], [2091.5, 5867.0], [2091.75, 10728.0], [2092.0, 1588.0], [2092.25, 6153.0], [2092.5, 16681.0], [2092.75, 1588.0], [2093.0, 1588.0], [2093.25, 28625.0], [2093.5, 91588.0], [2093.75, 1588.0], [2094.0, 1250.0], [2094.25, 23736.0], [2094.5, 1250.0]]}}}
{"jsonrpc": "2.0", "method": "subscription", "params": {"channel": "book.ETH-7MAR25.none.20.100ms", "data": {"timestamp": 1741083861367, "change_id": 60787407608, "instrument_name": "ETH-7MAR25", "bids": [[2087.5, 7125.0], [2087.25, 5951.0], [2087.0, 28557.0], [2086.75, 40332.0], [2086.5, 11750.0], [2086.25, 9939.0], [2086.0, 1750.0], [2085.75, 1750.0], [2085.5, 1750.0], [2085.0, 48667.0], [2084.75, 1750.0], [2084.5, 1750.0], [2084.25, 1750.0], [2084.0, 1750.0], [2083.75, 31750.0], [2083.5, 1750.0], [2083.0, 1750.0], [2082.75, 1750.0], [2082.25, 1760.0], [2082.0, 1750.0]], "asks": [[2088.0, 24484.0], [2088.25, 62417.0], [2088.5, 11855.0], [2088.75, 8350.0], [2089.0, 1750.0], [2089.25, 1750.0], [2089.75, 1750.0], [2090.0, 58818.0], [2090.25, 1750.0], [2090.5, 1760.0], [2091.0, 1750.0], [2091.25, 51442.0], [2091.75, 1750.0], [2092.0, 1750.0], [2092.25, 1750.0], [2092.5, 91750.0], [2093.0, 1750.0], [2093.25, 49145.0], [2094.25, 1750.0], [2094.5, 78090.0]]}}}
{"jsonrpc": "2.0", "method": "subscription", "params": {"channel": "book.ETH-14MAR25.none.20.100ms", "data": {"timestamp": 1741083861471, "change_id": 60787407744, "instrument_name": "ETH-14MAR25", "bids": [[2089.5, 1500.0], [2089.25, 11260.0], [2089.0, 36018.0], [2088.75, 4040.0], [2088.5, 3466.0], [2088.25, 11892.0], [2088.0, 15353.0], [2087.75, 1588.0], [2087.5, 1588.0], [2087.25, 1588.0], [2087.0, 1588.0], [2086.75, 10627.0], [2086.5, 31593.0], [2086.25, 1588.0], [2086.0, 1588.0], [2085.75, 1588.0], [2085.5, 1588.0], [2085.25, 1588.0], [2085.0, 1750.0], [2084.5, 1250.0]], "asks": [[2089.75, 1500.0], [2090.0, 2679.0], [2090.25, 7897.0], [2090.5, 12325.0], [2090.75, 3575.0], [2091.0, 3575.0], [2091.25, 3575.0], [2091.5, 5867.0], [2091.75, 10728.0], [2092.0, 1588.0], [2092.25, 6153.0], [2092.5, 16681.0], [2092.75, 1588.0], [2093.0, 1588.0], [2093.25, 28625.0], [2093.5, 91588.0], [2093.75, 1588.0], [2094.0, 1250.0], [2094.25, 23736.0], [2094.5, 1250.0]]}}}
{"jsonrpc": "2.0", "method": "subscription", "params": {"channel": "book.ETH-7MAR25.none.20.100ms", "data": {"timestamp": 1741083861713, "change_id": 60787407985, "instrument_name": "ETH-7MAR25", "bids": [[2087.5, 8875.0], [2087.25, 5951.0], [2087.0, 28557.0], [2086.75, 50332.0], [2086.5, 1750.0], [2086.25, 9939.0], [2086.0, 1750.0], [2085.75, 1750.0], [2085.5, 1750.0], [2085.0, 48667.0], [2084.75, 1750.0], [2084.5, 1750.0], [2084.25, 1750.0], [2084.0, 1750.0], [2083.75, 31750.0], [2083.5, 1750.0], [2083.0, 1750.0], [2082.75, 1750.0], [2082.25, 1760.0], [2082.0, 1750.0]], "asks": [[2088.0, 24484.0], [2088.25, 62417.0], [2088.5, 9907.0], [2088.75, 1750.0], [2089.0, 1750.0], [2089.25, 1750.0], [2089.75, 1750.0], [2090.0, 58818.0], [2090.25, 1750.0], [2090.5, 1760.0], [2091.0, 1750.0], [2091.25, 51442.0], [2091.75, 1750.0], [2092.0, 1750.0], [2092.25, 1750.0], [2092.5, 91750.0], [2093.0, 1750.0], [2093.25, 49145.0], [2094.25, 1750.0], [2094.5, 78090.0]]}}}
{"jsonrpc": "2.0", "method": "subscription", "params": {"channel": "book.ETH-14MAR25.none.20.100ms", "data": {"timestamp": 1741083861789, "change_id": 60787408087, "instrument_name": "ETH-14MAR25", "bids": [[2089.5, 1500.0], [2089.25, 11260.0], [2089.0, 36018.0], [2088.75, 4040.0], [2088.5, 3466.0], [2088.25, 11892.0], [2088.0, 15353.0], [2087.75, 1588.0], [2087.5, 1588.0], [2087.25, 1588.0], [2087.0, 1588.0], [2086.75, 10627.0], [2086.5, 31593.0], [2086.25, 1588.0], [2086.0, 1588.0], [2085.75, 1588.0], [2085.5, 1588.0], [2085.25, 1588.0], [2085.0, 1750.0], [2084.5, 1250.0]], "asks": [[2090.0, 2679.0], [2090.25, 7897.0], [2090.5, 11838.0], [2090.75, 2075.0], [2091.0, 3575.0], [2091.25, 3575.0], [2091.5, 5867.0], [2091.75, 10728.0], [2092.0, 1588.0], [2092.25, 6153.0], [2092.5, 16681.0], [2092.75, 1588.0], [2093.0, 1588.0], [2093.25, 28625.0], [2093.5, 91588.0], [2093.75, 1588.0], [2094.0, 8371.0], [2094.25, 23736.0], [2094.5, 1250.0], [2094.75, 46483.0]]}}}
{"jsonrpc": "2.0", "method": "subscription", "params": {"channel": "book.ETH-7MAR25.none.20.100ms", "data": {"timestamp": 1741083861945, "change_id": 60787408369, "instrument_name": "ETH-7MAR25", "bids": [[2087.5, 8875.0], [2087.25, 5951.0], [2087.0, 28557.0], [2086.75, 50332.0], [2086.5, 4732.0], [2086.25, 9939.0], [2086.0, 1750.0], [2085.75, 1750.0], [2085.5, 1750.0], [2085.25, 16350.0], [2085.0, 48667.0], [2084.75, 1750.0], [2084.5, 1750.0], [2084.25, 1750.0], [2084.0, 11275.0], [2083.75, 31750.0], [2083.5, 1750.0], [2083.0, 1750.0], [2082.75, 1750.0], [2082.25, 1760.0]], "asks": [[2088.0, 24484.0], [2088.25, 58649.0], [2088.5, 5762.0], [2088.75, 2275.0], [2089.0, 1750.0], [2089.25, 1750.0], [2089.75, 1750.0], [2090.0, 58818.0], [2090.25, 2278.0], [2090.5, 1760.0], [2091.0, 1750.0], [2091.25, 51442.0], [2091.5, 525.0], [2091.75, 1750.0], [2092.0, 1750.0], [2092.25, 1750.0], [2092.5, 91750.0], [2093.0, 1750.0], [2093.25, 49145.0], [2094.25, 1750.0]]}}}
{"jsonrpc": "2.0", "method": "subscription", "params": {"channel": "book.ETH-7MAR25.none.20.100ms", "data": {"timestamp": 1741083862357, "change_id": 60787408745, "instrument_name": "ETH-7MAR25", "bids": [[2087.5, 7125.0], [2087.25, 5951.0], [2087.0, 28557.0], [2086.75, 50332.0], [2086.5, 4732.0], [2086.25, 9939.0], [2086.0, 1750.0], [2085.75, 1750.0], [2085.5, 1750.0], [2085.25, 16350.0], [2085.0, 48667.0], [2084.75, 1750.0], [2084.5, 1750.0], [2084.25, 1750.0], [2084.0, 11275.0], [2083.75, 31750.0], [2083.5, 1750.0], [2083.0, 1750.0], [2082.75, 1750.0], [2082.25, 1760.0]], "asks": [[2088.0, 24484.0], [2088.25, 58649.0], [2088.5, 5762.0], [2088.75, 2275.0], [2089.0, 1750.0], [2089.25, 1750.0], [2089.75, 1750.0], [2090.0, 58818.0], [2090.25, 2278.0], [2090.5, 1760.0], [2091.0, 1750.0], [2091.25, 51442.0], [2091.5, 525.0], [2091.75, 1750.0], [2092.0, 1750.0], [2092.25, 1750.0], [2092.5, 91750.0], [2093.0, 1750.0], [2093.25, 49145.0], [2094.25, 1750.0]]}}}
{"jsonrpc": "2.0", "method": "subscription", "params": {"channel": "book.ETH-7MAR25.none.20.100ms", "data": {"timestamp": 1741083862538, "change_id": 60787408906, "instrument_name": "ETH-7MAR25", "bids": [[2087.5, 8875.0], [2087.25, 5951.0], [2087.0, 28557.0], [2086.75, 50332.0], [2086.5, 4732.0], [2086.25, 9939.0], [2086.0, 1750.0], [2085.75, 1750.0], [2085.5, 1750.0], [2085.25, 16350.0], [2085.0, 48667.0], [2084.75, 1750.0], [2084.5, 1750.0], [2084.25, 1750.0], [2084.0, 11275.0], [2083.75, 31750.0], [2083.5, 1750.0], [2083.0, 1750.0], [2082.75, 1750.0], [2082.25, 1760.0]], "asks": [[2088.0, 24484.0], [2088.25, 55149.0], [2088.5, 5762.0], [2088.75, 2275.0], [2089.0, 1750.0], [2089.25, 1750.0], [2089.75, 1750.0], [2090.0, 58818.0], [2090.25, 2278.0], [2090.5, 1760.0], [2091.0, 1750.0], [2091.25, 51442.0], [2091.5, 525.0], [2091.75, 1750.0], [2092.0, 1750.0], [2092.25, 1750.0], [2092.5, 91750.0], [2093.0, 1750.0], [2093.25, 49145.0], [2094.25, 1750.0]]}}}
{"jsonrpc": "2.0", "method": "subscription", "params": {"channel": "book.ETH-14MAR25.none.20.100ms", "data": {"timestamp": 1741083862897, "change_id": 60787409309, "instrument_name": "ETH-14MAR25", "bids": [[2089.5, 1500.0], [2089.25, 11260.0], [2089.0, 36018.0], [2088.75, 4040.0], [2088.5, 3466.0], [2088.25, 11892.0], [2088.0, 15353.0], [2087.75, 1588.0], [2087.5, 1588.0], [2087.25, 1588.0], [2087.0, 1588.0], [2086.75, 10627.0], [2086.5, 31593.0], [2086.25, 1588.0], [2086.0, 1588.0], [2085.75, 1588.0], [2085.5, 1588.0], [2085.25, 1588.0], [2085.0, 1750.0], [2084.0, 1250.0]], "asks": [[2090.0, 2679.0], [2090.25, 7897.0], [2090.5, 11838.0], [2090.75, 2075.0], [2091.0, 3575.0], [2091.25, 3575.0], [2091.5, 5867.0], [2091.75, 10728.0], [2092.0, 1588.0], [2092.25, 6153.0], [2092.5, 16681.0], [2092.75, 1588.0], [2093.0, 1588.0], [2093.25, 28625.0], [2093.5, 91588.0], [2093.75, 1588.0], [2094.0, 8371.0], [2094.25, 23736.0], [2094.5, 1250.0], [2094.75, 46483.0]]}}}
{"jsonrpc": "2.0", "method": "subscription", "params": {"channel": "book.ETH-7MAR25.none.20.100ms", "data": {"timestamp": 1741083863023, "change_id": 60787409545, "instrument_name": "ETH-7MAR25", "bids": [[2087.75, 6600.0], [2087.5, 8875.0], [2087.25, 5951.0], [2087.0, 28557.0], [2086.75, 50857.0], [2086.5, 4732.0], [2086.25, 9939.0], [2085.75, 1750.0], [2085.5, 2275.0], [2085.25, 16350.0], [2085.0, 48667.0], [2084.75, 1750.0], [2084.5, 1750.0], [2084.25, 2275.0], [2084.0, 11275.0], [2083.75, 31750.0], [2083.5, 1750.0], [2083.0, 2275.0], [2082.75, 1750.0], [2082.25, 1760.0]], "asks": [[2088.0, 6600.0], [2088.25, 55149.0], [2088.5, 5762.0], [2088.75, 1750.0], [2089.0, 525.0], [2089.25, 1750.0], [2089.75, 1750.0], [2090.0, 58818.0], [2090.25, 2278.0], [2090.5, 1760.0], [2091.0, 17183.0], [2091.25, 51442.0], [2091.5, 525.0], [2091.75, 1750.0], [2092.0, 1750.0], [2092.25, 1750.0], [2092.5, 91750.0], [2093.0, 1750.0], [2093.25, 49145.0], [2094.25, 1750.0]]}}}
{"jsonrpc": "2.0", "method": "subscription", "params": {"channel": "book.ETH-7MAR25.none.20.100ms", "data": {"timestamp": 1741083863311, "change_id": 60787409651, "instrument_name": "ETH-7MAR25", "bids": [[2087.5, 6600.0], [2087.25, 4201.0], [2087.0, 28557.0], [2086.75, 50857.0], [2086.5, 4732.0], [2086.25, 9939.0], [2085.75, 1750.0], [2085.5, 50942.0], [2085.25, 1750.0], [2084.75, 1750.0], [2084.5, 1750.0], [2084.25, 2275.0], [2084.0, 11275.0], [2083.75, 31750.0], [2083.5, 1750.0], [2083.0, 2275.0], [2082.75, 1750.0], [2082.25, 1760.0], [2082.0, 1750.0], [2081.75, 19118.0]], "asks": [[2088.0, 22697.0], [2088.25, 55149.0], [2088.5, 5762.0], [2088.75, 1750.0], [2089.0, 525.0], [2089.25, 1750.0], [2089.75, 1750.0], [2090.0, 58818.0], [2090.25, 2278.0], [2090.5, 1760.0], [2091.0, 17183.0], [2091.25, 51442.0], [2091.5, 525.0], [2091.75, 1750.0], [2092.0, 1750.0], [2092.25, 1750.0], [2092.5, 91750.0], [2093.0, 1750.0], [2093.25, 49145.0], [2094.25, 1750.0]]}}}
{"jsonrpc": "2.0", "method": "subscription", "params": {"channel": "book.ETH-14MAR25.none.20.100ms", "data": {"timestamp": 1741083863676, "change_id": 60787410201, "instrument_name": "ETH-14MAR25", "bids": [[2089.5, 1838.0], [2089.25, 11260.0], [2089.0, 36018.0], [2088.75, 4040.0], [2088.5, 3466.0], [2088.25, 11892.0], [2088.0, 15353.0], [2087.75, 1588.0], [2087.5, 1588.0], [2087.25, 1588.0], [2087.0, 1588.0], [2086.75, 10627.0], [2086.5, 31593.0], [2086.25, 1588.0], [2086.0, 1588.0], [2085.75, 1588.0], [2085.5, 1588.0], [2085.25, 1588.0], [2085.0, 1750.0], [2084.0, 1250.0]], "asks": [[2090.25, 7897.0], [2090.5, 11500.0], [2090.75, 825.0], [2091.0, 3575.0], [2091.25, 3575.0], [2091.5, 3383.0], [2091.75, 2588.0], [2092.0, 1588.0], [2092.25, 6153.0], [2092.5, 16681.0], [2092.75, 9784.0], [2093.0, 1588.0], [2093.25, 28625.0], [2093.5, 91588.0], [2093.75, 1588.0], [2094.0, 8371.0], [2094.25, 23736.0], [2094.5, 1250.0], [2094.75, 46483.0], [2095.0, 43678.0]]}}}
{"jsonrpc": "2.0", "method": "subscription", "params": {"channel": "book.ETH-7MAR25.none.20.100ms", "data": {"timestamp": 1741083863708, "change_id": 60787410274, "instrument_name": "ETH-7MAR25", "bids": [[2087.75, 10855.0], [2087.5, 10789.0], [2087.25, 12551.0], [2087.0, 28557.0], [2086.75, 50857.0], [2086.5, 4732.0], [2086.25, 9939.0], [2085.75, 1750.0], [2085.5, 50942.0], [2085.25, 1750.0], [2084.75, 1750.0], [2084.5, 1750.0], [2084.25, 2275.0], [2084.0, 11275.0], [2083.75, 31750.0], [2083.5, 1750.0], [2083.0, 2275.0], [2082.75, 1750.0], [2082.25, 1760.0], [2082.0, 1750.0]], "asks": [[2088.25, 48549.0], [2088.5, 5762.0], [2088.75, 1750.0], [2089.0, 525.0], [2089.25, 1750.0], [2089.75, 1750.0], [2090.0, 58818.0], [2090.25, 2278.0], [2090.5, 1760.0], [2091.0, 17183.0], [2091.25, 51442.0], [2091.5, 525.0], [2091.75, 1750.0], [2092.0, 1750.0], [2092.25, 29275.0], [2092.5, 91750.0], [2093.0, 1750.0], [2093.25, 49145.0], [2094.25, 1750.0], [2094.5, 78090.0]]}}}
{"jsonrpc": "2.0", "method": "subscription", "params": {"channel": "book.ETH-14MAR25.none.20.100ms", "data": {"timestamp": 1741083863977, "change_id": 60787411100, "instrument_name": "ETH-14MAR25", "bids": [[2089.5, 1500.0], [2089.25, 21380.0], [2089.0, 27584.0], [2088.75, 1588.0], [2088.5, 3466.0], [2088.25, 11892.0], [2088.0, 15353.0], [2087.75, 1588.0], [2087.5, 1588.0], [2087.25, 1588.0], [2087.0, 1588.0], [2086.75, 10627.0], [2086.5, 31593.0], [2086.25, 1588.0], [2086.0, 1588.0], [2085.75, 1588.0], [2085.5, 1588.0], [2085.25, 1588.0], [2085.0, 1750.0], [2084.0, 1250.0]], "asks": [[2090.0, 1838.0], [2090.25, 5445.0], [2090.5, 14290.0], [2090.75, 2075.0], [2091.0, 3575.0], [2091.25, 3575.0], [2091.5, 3383.0], [2091.75, 2588.0], [2092.0, 1588.0], [2092.25, 6153.0], [2092.5, 16681.0], [2092.75, 9784.0], [2093.0, 1588.0], [2093.25, 28625.0], [2093.5, 91588.0], [2093.75, 1588.0], [2094.0, 8371.0], [2094.25, 23736.0], [2094.5, 1250.0], [2094.75, 46483.0]]}}}
{"jsonrpc": "2.0", "method": "subscription", "params": {"channel": "book.ETH-7MAR25.none.20.100ms", "data": {"timestamp": 1741083863974, "change_id": 60787411095, "instrument_name": "ETH-7MAR25", "bids": [[2087.75, 6600.0], [2087.5, 16712.0], [2087.25, 37631.0], [2087.0, 50889.0], [2086.75, 2275.0], [2086.5, 4732.0], [2086.25, 9939.0], [2085.75, 50417.0], [2085.5, 2275.0], [2085.25, 1750.0], [2084.75, 1750.0], [2084.5, 1750.0], [2084.25, 2275.0], [2084.0, 11275.0], [2083.75, 31750.0], [2083.5, 1750.0], [2083.0, 2275.0], [2082.75, 1750.0], [2082.25, 1760.0], [2082.0, 1750.0]], "asks": [[2088.25, 24242.0], [2088.5, 42819.0], [2088.75, 1750.0], [2089.0, 525.0], [2089.25, 1750.0], [2089.75, 1750.0], [2090.0, 58818.0], [2090.25, 2278.0], [2090.5, 1760.0], [2091.0, 17183.0], [2091.25, 51442.0], [2091.5, 525.0], [2091.75, 1750.0], [2092.0, 1750.0], [2092.25, 29275.0], [2092.5, 91750.0], [2093.0, 1750.0], [2093.25, 49145.0], [2094.25, 1750.0], [2094.5, 78090.0]]}}}
{"jsonrpc": "2.0", "method": "subscription", "params": {"channel": "book.ETH-14MAR25.none.20.100ms", "data": {"timestamp": 1741083864340, "change_id": 60787412001, "instrument_name": "ETH-14MAR25", "bids": [[2088.75, 10000.0], [2088.5, 2572.0], [2088.25, 8637.0], [2088.0, 16265.0], [2087.75, 1250.0], [2087.5, 1250.0], [2087.25, 1250.0], [2087.0, 1250.0], [2086.75, 1250.0], [2086.5, 1255.0], [2086.25, 1250.0], [2086.0, 1250.0], [2085.75, 1250.0], [2085.5, 1250.0], [2085.25, 1250.0], [2085.0, 1750.0], [2084.0, 1250.0], [2083.75, 1250.0], [2083.5, 91250.0], [2083.25, 1250.0]], "asks": [[2089.5, 1500.0], [2089.75, 1500.0], [2090.0, 1620.0], [2090.25, 12750.0], [2090.5, 5202.0], [2090.75, 2750.0], [2091.0, 2750.0], [2091.25, 3750.0], [2091.5, 2750.0], [2091.75, 9356.0], [2092.0, 1250.0], [2092.25, 1250.0], [2092.5, 16343.0], [2092.75, 1250.0], [2093.0, 1250.0], [2093.25, 1250.0], [2093.5, 91250.0], [2093.75, 1250.0], [2094.0, 1250.0], [2094.25, 23736.0]]}}}
{"jsonrpc": "2.0", "method": "subscription", "params": {"channel": "book.ETH-7MAR25.none.20.100ms", "data": {"timestamp": 1741083864330, "change_id": 60787411924, "instrument_name": "ETH-7MAR25", "bids": [[2087.25, 6600.0], [2087.0, 1750.0], [2086.75, 4205.0], [2086.5, 62584.0], [2086.25, 1750.0], [2086.0, 1750.0], [2085.75, 1750.0], [2085.5, 1750.0], [2085.25, 1750.0], [2085.0, 48667.0], [2084.75, 1750.0], [2084.5, 1750.0], [2084.25, 1750.0], [2084.0, 1750.0], [2083.75, 31750.0], [2083.5, 1750.0], [2083.0, 1750.0], [2082.75, 1750.0], [2082.25, 1760.0], [2082.0, 1750.0]], "asks": [[2087.5, 6600.0], [2087.75, 10100.0], [2088.0, 22555.0], [2088.25, 1750.0], [2088.5, 39807.0], [2088.75, 1750.0], [2089.0, 8162.0], [2089.25, 1750.0], [2089.75, 1750.0], [2090.0, 50427.0], [2090.25, 1750.0], [2090.5, 1760.0], [2091.0, 1750.0], [2091.25, 51442.0], [2091.75, 1750.0], [2092.0, 1750.0], [2092.25, 1750.0], [2092.5, 91750.0], [2093.0, 1750.0], [2093.25, 49145.0]]}}}
{"jsonrpc": "2.0", "method": "subscription", "params": {"channel": "book.ETH-14MAR25.none.20.100ms", "data": {"timestamp": 1741083864461, "change_id": 60787412249, "instrument_name": "ETH-14MAR25", "bids": [[2088.75, 18252.0], [2088.5, 2572.0], [2088.25, 8637.0], [2088.0, 16265.0], [2087.75, 1250.0], [2087.5, 1250.0], [2087.25, 1250.0], [2087.0, 1250.0], [2086.75, 1250.0], [2086.5, 1255.0], [2086.25, 1250.0], [2086.0, 1250.0], [2085.75, 1250.0], [2085.5, 1250.0], [2085.25, 1250.0], [2085.0, 1750.0], [2084.0, 1250.0], [2083.75, 1250.0], [2083.5, 91250.0], [2083.25, 1250.0]], "asks": [[2089.5, 1500.0], [2089.75, 1500.0], [2090.0, 1620.0], [2090.25, 12750.0], [2090.5, 5202.0], [2090.75, 2750.0], [2091.0, 2750.0], [2091.25, 3750.0], [2091.5, 2750.0], [2091.75, 9356.0], [2092.0, 1250.0], [2092.25, 1250.0], [2092.5, 16343.0], [2092.75, 1250.0], [2093.0, 1250.0], [2093.25, 1250.0], [2093.5, 91250.0], [2093.75, 1250.0], [2094.0, 1250.0], [2094.25, 23736.0]]}}}
{"jsonrpc": "2.0", "method": "subscription", "params": {"channel": "book.ETH-7MAR25.none.20.100ms", "data": {"timestamp": 1741083864668, "change_id": 60787412544, "instrument_name": "ETH-7MAR25", "bids": [[2087.25, 8350.0], [2087.0, 3500.0], [2086.75, 4205.0], [2086.5, 62584.0], [2086.25, 1750.0], [2086.0, 9977.0], [2085.75, 1750.0], [2085.5, 1750.0], [2085.25, 1750.0], [2085.0, 48667.0], [2084.75, 1750.0], [2084.5, 1750.0], [2084.25, 1750.0], [2084.0, 1750.0], [2083.75, 31750.0], [2083.5, 1750.0], [2083.0, 1750.0], [2082.75, 1750.0], [2082.25, 1760.0], [2082.0, 1750.0]], "asks": [[2087.5, 6600.0], [2087.75, 6600.0], [2088.0, 22555.0], [2088.25, 1750.0], [2088.5, 39807.0], [2088.75, 1750.0], [2089.0, 8162.0], [2089.25, 1750.0], [2089.75, 1750.0], [2090.0, 50427.0], [2090.25, 1750.0], [2090.5, 1760.0], [2091.0, 1750.0], [2091.25, 51442.0], [2091.75, 1750.0], [2092.0, 1750.0], [2092.25, 1750.0], [2092.5, 91750.0], [2093.0, 1750.0], [2093.25, 49145.0]]}}}
{"jsonrpc": "2.0", "method": "subscription", "params": {"channel": "book.ETH-14MAR25.none.20.100ms", "data": {"timestamp": 1741083865031, "change_id": 60787413622, "instrument_name": "ETH-14MAR25", "bids": [[2089.5, 1838.0], [2089.25, 1838.0], [2089.0, 14410.0], [2088.75, 8252.0], [2088.5, 1588.0], [2088.25, 8637.0], [2088.0, 16265.0], [2087.75, 1250.0], [2087.5, 1250.0], [2087.25, 1250.0], [2087.0, 1250.0], [2086.75, 1250.0], [2086.5, 1255.0], [2086.25, 1250.0], [2086.0, 1250.0], [2085.75, 1250.0], [2085.5, 1250.0], [2085.25, 1250.0], [2085.0, 1750.0], [2084.0, 1250.0]], "asks": [[2090.0, 1500.0], [2090.25, 3952.0], [2090.5, 2445.0], [2090.75, 12750.0], [2091.0, 2750.0], [2091.25, 3750.0], [2091.5, 2750.0], [2091.75, 1250.0], [2092.0, 1250.0], [2092.25, 1250.0], [2092.5, 24675.0], [2092.75, 1250.0], [2093.0, 1250.0], [2093.25, 1250.0], [2093.5, 91250.0], [2093.75, 1250.0], [2094.0, 1250.0], [2094.25, 23736.0], [2094.5, 1250.0], [2094.75, 46483.0]]}}}
{"jsonrpc": "2.0", "method": "subscription", "params": {"channel": "book.ETH-7MAR25.none.20.100ms", "data": {"timestamp": 1741083865041, "change_id": 60787413640, "instrument_name": "ETH-7MAR25", "bids": [[2087.5, 8350.0], [2087.25, 11198.0], [2087.0, 4762.0], [2086.75, 2307.0], [2086.5, 63109.0], [2086.25, 4743.0], [2086.0, 10502.0], [2085.75, 2275.0], [2085.5, 1750.0], [2085.25, 15723.0], [2085.0, 48667.0], [2084.75, 1750.0], [2084.5, 2275.0], [2084.25, 1750.0], [2084.0, 2307.0], [2083.75, 31750.0], [2083.5, 1750.0], [2083.0, 1750.0], [2082.75, 1750.0], [2082.25, 1760.0]], "asks": [[2088.0, 6600.0], [2088.25, 11385.0], [2088.5, 52262.0], [2088.75, 2275.0], [2089.0, 4675.0], [2089.25, 9970.0], [2089.75, 16878.0], [2090.0, 50952.0], [2090.25, 1750.0], [2090.5, 1760.0], [2091.0, 1750.0], [2091.25, 51442.0], [2091.75, 1750.0], [2092.0, 1750.0], [2092.25, 1750.0], [2092.5, 91750.0], [2093.0, 1750.0], [2093.25, 49145.0], [2094.25, 1750.0], [2094.5, 78090.0]]}}}
{"jsonrpc": "2.0", "method": "subscription", "params": {"channel": "book.ETH-14MAR25.none.20.100ms", "data": {"timestamp": 1741083865361, "change_id": 60787414287, "instrument_name": "ETH-14MAR25", "bids": [[2089.25, 9218.0], [2089.0, 30043.0], [2088.75, 11042.0], [2088.5, 1250.0], [2088.25, 8637.0], [2088.0, 16265.0], [2087.5, 1250.0], [2087.25, 1250.0], [2087.0, 1250.0], [2086.75, 1250.0], [2086.5, 1255.0], [2086.25, 1250.0], [2086.0, 1250.0], [2085.75, 1250.0], [2085.5, 1250.0], [2085.25, 1250.0], [2085.0, 1750.0], [2084.0, 1250.0], [2083.75, 1250.0], [2083.5, 91250.0]], "asks": [[2090.0, 2643.0], [2090.25, 4855.0], [2090.5, 6472.0], [2090.75, 12750.0], [2091.0, 2750.0], [2091.25, 3750.0], [2091.5, 1250.0], [2092.0, 1250.0], [2092.25, 1250.0], [2092.5, 24675.0], [2092.75, 1250.0], [2093.0, 1250.0], [2093.25, 1250.0], [2093.5, 91250.0], [2093.75, 1250.0], [2094.0, 1250.0], [2094.25, 23736.0], [2094.5, 1250.0], [2094.75, 46483.0], [2095.0, 43678.0]]}}}
{"jsonrpc": "2.0", "method": "subscription", "params": {"channel": "book.ETH-7MAR25.none.20.100ms", "data": {"timestamp": 1741083865372, "change_id": 60787414304, "instrument_name": "ETH-7MAR25", "bids": [[2087.5, 9560.0], [2087.25, 24786.0], [2087.0, 58494.0], [2086.75, 11750.0], [2086.25, 1750.0], [2086.0, 25102.0], [2085.75, 50417.0], [2085.5, 1750.0], [2085.25, 1750.0], [2084.75, 1750.0], [2084.5, 1750.0], [2084.25, 1750.0], [2084.0, 2307.0], [2083.75, 31750.0], [2083.5, 1750.0], [2083.0, 1750.0], [2082.75, 1750.0], [2082.25, 1760.0], [2082.0, 1750.0], [2081.75, 19118.0]], "asks": [[2088.0, 7157.0], [2088.25, 14205.0], [2088.5, 39807.0], [2088.75, 1750.0], [2089.0, 1750.0], [2089.25, 9970.0], [2089.75, 1750.0], [2090.0, 50427.0], [2090.25, 1750.0], [2090.5, 1760.0], [2091.0, 1750.0], [2091.25, 51442.0], [2091.75, 1750.0], [2092.0, 1750.0], [2092.25, 1750.0], [2092.5, 91750.0], [2093.0, 1750.0], [2093.25, 49145.0], [2094.25, 1750.0], [2094.5, 78090.0]]}}}
{"jsonrpc": "2.0", "method": "subscription", "params": {"channel": "book.ETH-14MAR25.none.20.100ms", "data": {"timestamp": 1741083865590, "change_id": 60787414569, "instrument_name": "ETH-14MAR25", "bids": [[2089.5, 1838.0], [2089.25, 9218.0], [2089.0, 30043.0], [2088.75, 11042.0], [2088.5, 1250.0], [2088.25, 8637.0], [2088.0, 16265.0], [2087.5, 1250.0], [2087.25, 1250.0], [2087.0, 1250.0], [2086.75, 1250.0], [2086.5, 1255.0], [2086.25, 1250.0], [2086.0, 1250.0], [2085.75, 1250.0], [2085.5, 1250.0], [2085.25, 1250.0], [2085.0, 1750.0], [2084.0, 1250.0], [2083.75, 1250.0]], "asks": [[2090.0, 1500.0], [2090.25, 4410.0], [2090.5, 5222.0], [2090.75, 12750.0], [2091.0, 2750.0], [2091.25, 3750.0], [2091.5, 1250.0], [2092.0, 1250.0], [2092.25, 1250.0], [2092.5, 24675.0], [2092.75, 1250.0], [2093.0, 1250.0], [2093.25, 1250.0], [2093.5, 91250.0], [2093.75, 1250.0], [2094.0, 1250.0], [2094.25, 23736.0], [2094.5, 1250.0], [2094.75, 46483.0], [2095.0, 43678.0]]}}}
{"jsonrpc": "2.0", "method": "subscription", "params": {"channel": "book.ETH-7MAR25.none.20.100ms", "data": {"timestamp": 1741083865554, "change_id": 60787414524, "instrument_name": "ETH-7MAR25", "bids": [[2087.5, 11310.0], [2087.25, 26536.0], [2087.0, 58494.0], [2086.75, 11750.0], [2086.5, 525.0], [2086.25, 4673.0], [2086.0, 25102.0], [2085.75, 50942.0], [2085.5, 2275.0], [2085.25, 1750.0], [2085.0, 525.0], [2084.75, 1750.0], [2084.5, 1750.0], [2084.25, 1750.0], [2084.0, 2307.0], [2083.75, 31750.0], [2083.5, 1750.0], [2083.0, 1750.0], [2082.75, 1750.0], [2082.25, 1760.0]], "asks": [[2088.0, 12247.0], [2088.25, 30997.0], [2088.5, 39807.0], [2089.0, 1750.0], [2089.25, 9970.0], [2089.75, 1750.0], [2090.0, 50427.0], [2090.25, 1750.0], [2090.5, 1760.0], [2091.0, 1750.0], [2091.25, 51442.0], [2091.75, 1750.0], [2092.0, 1750.0], [2092.25, 1750.0], [2092.5, 91750.0], [2093.0, 1750.0], [2093.25, 49145.0], [2094.25, 1750.0], [2094.5, 78090.0], [2094.75, 10.0]]}}}
{"jsonrpc": "2.0", "method": "subscription", "params": {"channel": "book.ETH-14MAR25.none.20.100ms", "data": {"timestamp": 1741083866025, "change_id": 60787415427, "instrument_name": "ETH-14MAR25", "bids": [[2089.5, 1500.0], [2089.25, 9218.0], [2089.0, 27856.0], [2088.75, 6251.0], [2088.5, 8637.0], [2088.25, 1250.0], [2088.0, 13856.0], [2087.75, 15015.0], [2087.5, 1250.0], [2087.25, 1250.0], [2087.0, 1250.0], [2086.75, 1588.0], [2086.5, 1255.0], [2086.25, 1250.0], [2086.0, 1250.0], [2085.75, 1250.0], [2085.5, 1588.0], [2085.25, 1250.0], [2085.0, 1750.0], [2084.0, 1250.0]], "asks": [[2090.0, 2722.0], [2090.25, 4855.0], [2090.5, 6472.0], [2090.75, 12750.0], [2091.0, 3875.0], [2091.25, 3750.0], [2091.5, 1250.0], [2092.0, 1250.0], [2092.25, 8653.0], [2092.5, 24675.0], [2092.75, 1250.0], [2093.0, 1250.0], [2093.25, 1250.0], [2093.5, 91588.0], [2093.75, 1250.0], [2094.0, 1250.0], [2094.25, 23736.0], [2094.5, 1250.0], [2094.75, 46483.0], [2095.0, 43678.0]]}}}
{"jsonrpc": "2.0", "method": "subscription", "params": {"channel": "book.ETH-7MAR25.none.20.100ms", "data": {"timestamp": 1741083866020, "change_id": 60787415409, "instrument_name": "ETH-7MAR25", "bids": [[2087.5, 10855.0], [2087.25, 26536.0], [2087.0, 58494.0], [2086.75, 11750.0], [2086.5, 525.0], [2086.25, 4673.0], [2086.0, 25102.0], [2085.75, 50942.0], [2085.5, 2275.0], [2085.25, 1750.0], [2085.0, 525.0], [2084.75, 2275.0], [2084.5, 2275.0], [2084.25, 2275.0], [2084.0, 11205.0], [2083.75, 32275.0], [2083.5, 1750.0], [2083.0, 1750.0], [2082.75, 1750.0], [2082.25, 1760.0]], "asks": [[2088.0, 12247.0], [2088.25, 32747.0], [2088.5, 39807.0], [2088.75, 525.0], [2089.0, 4741.0], [2089.25, 9970.0], [2089.5, 525.0], [2089.75, 16878.0], [2090.0, 50952.0], [2090.25, 2278.0], [2090.5, 1760.0], [2090.75, 525.0], [2091.0, 17183.0], [2091.25, 51442.0], [2091.5, 525.0], [2091.75, 2275.0], [2092.0, 2275.0], [2092.25, 1750.0], [2092.5, 91750.0], [2093.0, 1750.0]]}}}
{"jsonrpc": "2.0", "method": "subscription", "params": {"channel": "book.ETH-14MAR25.none.20.100ms", "data": {"timestamp": 1741083866345, "change_id": 60787415719, "instrument_name": "ETH-14MAR25", "bids": [[2089.25, 1500.0], [2089.0, 27856.0], [2088.75, 6251.0], [2088.5, 8637.0], [2088.25, 1250.0], [2088.0, 13856.0], [2087.75, 15015.0], [2087.5, 1250.0], [2087.25, 1250.0], [2087.0, 1250.0], [2086.75, 1588.0], [2086.5, 1255.0], [2086.25, 1250.0], [2086.0, 1250.0], [2085.75, 1250.0], [2085.5, 1588.0], [2085.25, 1250.0], [2085.0, 1750.0], [2084.0, 1250.0], [2083.75, 1250.0]], "asks": [[2089.75, 1838.0], [2090.0, 2722.0], [2090.25, 4855.0], [2090.5, 6472.0], [2090.75, 12750.0], [2091.0, 3875.0], [2091.25, 3750.0], [2091.5, 1250.0], [2092.0, 1250.0], [2092.25, 8653.0], [2092.5, 24675.0], [2092.75, 1250.0], [2093.0, 1250.0], [2093.25, 1250.0], [2093.5, 91588.0], [2093.75, 1250.0], [2094.0, 1250.0], [2094.25, 23736.0], [2094.5, 1250.0], [2094.75, 46483.0]]}}}
{"jsonrpc": "2.0", "method": "subscription", "params": {"channel": "book.ETH-7MAR25.none.20.100ms", "data": {"timestamp": 1741083866359, "change_id": 60787415819, "instrument_name": "ETH-7MAR25", "bids": [[2087.5, 8514.0], [2087.25, 24786.0], [2087.0, 58494.0], [2086.75, 11750.0], [2086.5, 525.0], [2086.25, 4673.0], [2086.0, 25102.0], [2085.75, 50942.0], [2085.5, 2275.0], [2085.25, 1750.0], [2085.0, 525.0], [2084.75, 2275.0], [2084.5, 2275.0], [2084.25, 2275.0], [2084.0, 11205.0], [2083.75, 32275.0], [2083.5, 1750.0], [2083.0, 1750.0], [2082.75, 1750.0], [2082.25, 1760.0]], "asks": [[2088.0, 12247.0], [2088.25, 32747.0], [2088.5, 39807.0], [2088.75, 525.0], [2089.0, 4741.0], [2089.25, 9970.0], [2089.5, 525.0], [2089.75, 16878.0], [2090.0, 50952.0], [2090.25, 2278.0], [2090.5, 1760.0], [2090.75, 525.0], [2091.0, 17183.0], [2091.25, 51442.0], [2091.5, 525.0], [2091.75, 2275.0], [2092.0, 2275.0], [2092.25, 1750.0], [2092.5, 91750.0], [2093.0, 1750.0]]}}}
{"jsonrpc": "2.0", "method": "subscription", "params": {"channel": "book.ETH-14MAR25.none.20.100ms", "data": {"timestamp": 1741083866611, "change_id": 60787416226, "instrument_name": "ETH-14MAR25", "bids": [[2089.5, 1838.0], [2089.25, 8907.0], [2089.0, 30242.0], [2088.75, 14342.0], [2088.5, 8637.0], [2088.25, 1250.0], [2088.0, 5755.0], [2087.75, 15015.0], [2087.5, 1250.0], [2087.25, 1250.0], [2087.0, 1250.0], [2086.75, 1588.0], [2086.5, 1255.0], [2086.25, 1250.0], [2086.0, 1250.0], [2085.75, 1250.0], [2085.5, 1588.0], [2085.25, 1250.0], [2085.0, 1750.0], [2084.0, 1250.0]], "asks": [[2090.0, 2679.0], [2090.25, 4410.0], [2090.5, 5222.0], [2090.75, 12750.0], [2091.0, 3875.0], [2091.25, 3750.0], [2091.5, 1250.0], [2092.0, 1250.0], [2092.25, 8653.0], [2092.5, 24675.0], [2092.75, 1250.0], [2093.0, 1250.0], [2093.25, 1250.0], [2093.5, 91588.0], [2093.75, 1250.0], [2094.0, 1250.0], [2094.25, 23736.0], [2094.5, 1250.0], [2094.75, 46483.0], [2095.0, 43678.0]]}}}
{"jsonrpc": "2.0", "method": "subscription", "params": {"channel": "book.ETH-7MAR25.none.20.100ms", "data": {"timestamp": 1741083866525, "change_id": 60787416092, "instrument_name": "ETH-7MAR25", "bids": [[2087.5, 10855.0], [2087.25, 26536.0], [2087.0, 58494.0], [2086.75, 11750.0], [2086.5, 525.0], [2086.25, 4673.0], [2086.0, 25102.0], [2085.75, 50942.0], [2085.5, 2275.0], [2085.25, 1750.0], [2085.0, 525.0], [2084.75, 2275.0], [2084.5, 2275.0], [2084.25, 2275.0], [2084.0, 11205.0], [2083.75, 32275.0], [2083.5, 1750.0], [2083.0, 1750.0], [2082.75, 1750.0], [2082.25, 1760.0]], "asks": [[2088.0, 12247.0], [2088.25, 30997.0], [2088.5, 39807.0], [2088.75, 525.0], [2089.0, 4741.0], [2089.25, 9970.0], [2089.5, 525.0], [2089.75, 16878.0], [2090.0, 50952.0], [2090.25, 2278.0], [2090.5, 1760.0], [2090.75, 525.0], [2091.0, 17183.0], [2091.25, 51442.0], [2091.5, 525.0], [2091.75, 2275.0], [2092.0, 2275.0], [2092.25, 1750.0], [2092.5, 91750.0], [2093.0, 1750.0]]}}}
{"jsonrpc": "2.0", "method": "subscription", "params": {"channel": "book.ETH-14MAR25.none.20.100ms", "data": {"timestamp": 1741083867006, "change_id": 60787416968, "instrument_name": "ETH-14MAR25", "bids": [[2089.25, 1500.0], [2089.0, 30242.0], [2088.75, 13092.0], [2088.5, 8637.0], [2088.25, 1250.0], [2088.0, 5755.0], [2087.75, 15015.0], [2087.5, 1250.0], [2087.25, 1250.0], [2087.0, 1250.0], [2086.75, 1588.0], [2086.5, 1255.0], [2086.25, 1250.0], [2086.0, 1250.0], [2085.75, 1250.0], [2085.5, 1588.0], [2085.25, 1250.0], [2085.0, 1750.0], [2084.0, 1250.0], [2083.75, 1250.0]], "asks": [[2089.75, 1838.0], [2090.0, 2679.0], [2090.25, 7799.0], [2090.5, 13575.0], [2090.75, 2750.0], [2091.0, 3875.0], [2091.25, 3750.0], [2091.5, 1250.0], [2092.0, 1250.0], [2092.25, 8653.0], [2092.5, 24675.0], [2092.75, 1250.0], [2093.0, 1250.0], [2093.25, 1250.0], [2093.5, 91588.0], [2093.75, 1250.0], [2094.0, 1250.0], [2094.25, 23736.0], [2094.5, 1250.0], [2094.75, 46483.0]]}}}
{"jsonrpc": "2.0", "method": "subscription", "params": {"channel": "book.ETH-7MAR25.none.20.100ms", "data": {"timestamp": 1741083867007, "change_id": 60787416973, "instrument_name": "ETH-7MAR25", "bids": [[2087.25, 27241.0], [2087.0, 56039.0], [2086.75, 11750.0], [2086.5, 525.0], [2086.25, 4673.0], [2086.0, 25102.0], [2085.75, 50942.0], [2085.5, 2275.0], [2085.25, 1750.0], [2085.0, 525.0], [2084.75, 2275.0], [2084.5, 2275.0], [2084.25, 2275.0], [2084.0, 11205.0], [2083.75, 32275.0], [2083.5, 1750.0], [2083.25, 525.0], [2083.0, 2275.0], [2082.75, 1750.0], [2082.25, 1760.0]], "asks": [[2087.75, 9105.0], [2088.0, 13997.0], [2088.25, 30292.0], [2088.5, 42262.0], [2088.75, 525.0], [2089.0, 4741.0], [2089.25, 9970.0], [2089.5, 525.0], [2089.75, 16878.0], [2090.0, 50952.0], [2090.25, 2278.0], [2090.5, 1760.0], [2090.75, 525.0], [2091.0, 17183.0], [2091.25, 51442.0], [2091.5, 525.0], [2091.75, 2275.0], [2092.0, 2275.0], [2092.25, 1750.0], [2092.5, 91750.0]]}}}
{"jsonrpc": "2.0", "method": "subscription", "params": {"channel": "book.ETH-14MAR25.none.20.100ms", "data": {"timestamp": 1741083867352, "change_id": 60787417456, "instrument_name": "ETH-14MAR25", "bids": [[2089.0, 26712.0], [2088.75, 2549.0], [2088.5, 11547.0], [2088.25, 1250.0], [2088.0, 14228.0], [2087.75, 15015.0], [2087.5, 1250.0], [2087.25, 1588.0], [2087.0, 1250.0], [2086.75, 31588.0], [2086.5, 1255.0], [2086.25, 1250.0], [2086.0, 1588.0], [2085.75, 1250.0], [2085.5, 1588.0], [2085.25, 1250.0], [2085.0, 1750.0], [2084.0, 1250.0], [2083.75, 1250.0], [2083.5, 91250.0]], "asks": [[2089.5, 1838.0], [2089.75, 1838.0], [2090.0, 1958.0], [2090.25, 5227.0], [2090.5, 13575.0], [2090.75, 3575.0], [2091.0, 3875.0], [2091.25, 3750.0], [2091.5, 1250.0], [2092.0, 1588.0], [2092.25, 8653.0], [2092.5, 24675.0], [2092.75, 1250.0], [2093.0, 1250.0], [2093.25, 28625.0], [2093.5, 91588.0], [2093.75, 1250.0], [2094.0, 1250.0], [2094.25, 23736.0], [2094.5, 1250.0]]}}}
{"jsonrpc": "2.0", "method": "subscription", "params": {"channel": "book.ETH-7MAR25.none.20.100ms", "data": {"timestamp": 1741083867355, "change_id": 60787417464, "instrument_name": "ETH-7MAR25", "bids": [[2087.25, 18186.0], [2087.0, 56039.0], [2086.75, 11750.0], [2086.5, 525.0], [2086.25, 2307.0], [2086.0, 16875.0], [2085.75, 50942.0], [2085.5, 4685.0], [2085.25, 10001.0], [2085.0, 525.0], [2084.75, 2275.0], [2084.5, 2275.0], [2084.25, 2275.0], [2084.0, 11205.0], [2083.75, 32275.0], [2083.5, 1750.0], [2083.25, 525.0], [2083.0, 2275.0], [2082.75, 1750.0], [2082.25, 1760.0]], "asks": [[2087.75, 12317.0], [2088.0, 23272.0], [2088.25, 20292.0], [2088.5, 39807.0], [2088.75, 525.0], [2089.0, 4741.0], [2089.25, 9970.0], [2089.5, 525.0], [2089.75, 16878.0], [2090.0, 50952.0], [2090.25, 2278.0], [2090.5, 1760.0], [2090.75, 525.0], [2091.0, 17183.0], [2091.25, 51442.0], [2091.5, 525.0], [2091.75, 2275.0], [2092.0, 2275.0], [2092.25, 1750.0], [2092.5, 91750.0]]}}}
{"jsonrpc": "2.0", "method": "subscription", "params": {"channel": "book.ETH-14MAR25.none.20.100ms", "data": {"timestamp": 1741083867484, "change_id": 60787417741, "instrument_name": "ETH-14MAR25", "bids": [[2089.0, 10000.0], [2088.75, 2549.0], [2088.5, 11547.0], [2088.25, 1250.0], [2088.0, 14228.0], [2087.75, 15015.0], [2087.5, 1250.0], [2087.25, 1588.0], [2087.0, 1250.0], [2086.75, 31588.0], [2086.5, 1255.0], [2086.25, 1250.0], [2086.0, 1588.0], [2085.75, 1250.0], [2085.5, 1588.0], [2085.25, 1250.0], [2085.0, 1750.0], [2083.75, 1250.0], [2083.5, 91250.0], [2083.25, 1250.0]], "asks": [[2089.5, 1500.0], [2089.75, 4290.0], [2090.0, 5028.0], [2090.25, 12283.0], [2090.5, 3575.0], [2090.75, 3575.0], [2091.0, 3875.0], [2091.25, 3750.0], [2091.5, 1250.0], [2092.0, 1588.0], [2092.25, 8653.0], [2092.5, 24675.0], [2093.0, 1250.0], [2093.25, 28625.0], [2093.5, 91588.0], [2093.75, 1250.0], [2094.0, 1250.0], [2094.25, 23736.0], [2094.5, 1250.0], [2094.75, 46483.0]]}}}
{"jsonrpc": "2.0", "method": "subscription", "params": {"channel": "book.ETH-7MAR25.none.20.100ms", "data": {"timestamp": 1741083867531, "change_id": 60787417763, "instrument_name": "ETH-7MAR25", "bids": [[2087.25, 18186.0], [2087.0, 53776.0], [2086.75, 4205.0], [2086.5, 525.0], [2086.25, 12307.0], [2086.0, 16875.0], [2085.75, 50942.0], [2085.5, 4685.0], [2085.25, 10001.0], [2085.0, 525.0], [2084.75, 2275.0], [2084.5, 2275.0], [2084.25, 2275.0], [2084.0, 11205.0], [2083.75, 32275.0], [2083.5, 1750.0], [2083.25, 525.0], [2083.0, 2275.0], [2082.75, 1750.0], [2082.25, 1760.0]], "asks": [[2087.75, 12317.0], [2088.0, 25727.0], [2088.25, 20292.0], [2088.5, 39807.0], [2088.75, 525.0], [2089.0, 4741.0], [2089.25, 9970.0], [2089.5, 525.0], [2089.75, 16878.0], [2090.0, 50952.0], [2090.25, 2278.0], [2090.5, 1760.0], [2090.75, 525.0], [2091.0, 17183.0], [2091.25, 51442.0], [2091.5, 525.0], [2091.75, 2275.0], [2092.0, 2275.0], [2092.25, 1750.0], [2092.5, 91750.0]]}}}
{"jsonrpc": "2.0", "method": "subscription", "params": {"channel": "book.ETH-14MAR25.none.20.100ms", "data": {"timestamp": 1741083867912, "change_id": 60787418270, "instrument_name": "ETH-14MAR25", "bids": [[2089.25, 1838.0], [2089.0, 6486.0], [2088.75, 20438.0], [2088.5, 11427.0], [2088.25, 4167.0], [2088.0, 14228.0], [2087.75, 15015.0], [2087.5, 1250.0], [2087.25, 1588.0], [2087.0, 1250.0], [2086.75, 31588.0], [2086.5, 1255.0], [2086.25, 1250.0], [2086.0, 1588.0], [2085.75, 1250.0], [2085.5, 1588.0], [2085.25, 1250.0], [2085.0, 1750.0], [2083.75, 1250.0], [2083.5, 91250.0]], "asks": [[2089.75, 2679.0], [2090.0, 7480.0], [2090.25, 11838.0], [2090.5, 2075.0], [2090.75, 3575.0], [2091.0, 3875.0], [2091.25, 3750.0], [2091.5, 1250.0], [2092.0, 1588.0], [2092.25, 8653.0], [2092.5, 24675.0], [2093.0, 1250.0], [2093.25, 28625.0], [2093.5, 91588.0], [2093.75, 1250.0], [2094.0, 1250.0], [2094.25, 23736.0], [2094.5, 1250.0], [2094.75, 46483.0], [2095.0, 43678.0]]}}}
{"jsonrpc": "2.0", "method": "subscription", "params": {"channel": "book.ETH-7MAR25.none.20.100ms", "data": {"timestamp": 1741083867973, "change_id": 60787418481, "instrument_name": "ETH-7MAR25", "bids": [[2087.5, 6600.0], [2087.25, 18186.0], [2087.0, 55596.0], [2086.75, 4750.0], [2086.5, 10525.0], [2086.25, 2307.0], [2086.0, 16875.0], [2085.75, 50942.0], [2085.5, 4685.0], [2085.25, 10001.0], [2085.0, 525.0], [2084.75, 2275.0], [2084.5, 2275.0], [2084.25, 2275.0], [2084.0, 11205.0], [2083.75, 32275.0], [2083.5, 1750.0], [2083.25, 525.0], [2083.0, 2275.0], [2082.75, 1750.0]], "asks": [[2087.75, 7157.0], [2088.0, 19772.0], [2088.25, 22747.0], [2088.5, 39807.0], [2088.75, 525.0], [2089.0, 4741.0], [2089.25, 9970.0], [2089.5, 525.0], [2089.75, 16878.0], [2090.0, 50952.0], [2090.25, 2278.0], [2090.5, 1760.0], [2090.75, 525.0], [2091.0, 17183.0], [2091.25, 51442.0], [2091.5, 525.0], [2091.75, 2275.0], [2092.0, 2275.0], [2092.25, 1750.0], [2092.5, 91750.0]]}}}
{"jsonrpc": "2.0", "method": "subscription", "params": {"channel": "book.ETH-14MAR25.none.20.100ms", "data": {"timestamp": 1741083868241, "change_id": 60787418597, "instrument_name": "ETH-14MAR25", "bids": [[2089.25, 1838.0], [2089.0, 6486.0], [2088.75, 20438.0], [2088.5, 11427.0], [2088.25, 4167.0], [2088.0, 14228.0], [2087.75, 15353.0], [2087.5, 1250.0], [2087.25, 1588.0], [2087.0, 1250.0], [2086.75, 31588.0], [2086.5, 1593.0], [2086.25, 1250.0], [2086.0, 1588.0], [2085.75, 1250.0], [2085.5, 1588.0], [2085.25, 1250.0], [2085.0, 1750.0], [2083.75, 1250.0], [2083.5, 91250.0]], "asks": [[2089.75, 2679.0], [2090.0, 4410.0], [2090.25, 5227.0], [2090.5, 13575.0], [2090.75, 3575.0], [2091.0, 3875.0], [2091.25, 4088.0], [2091.5, 1250.0], [2092.0, 1588.0], [2092.25, 8653.0], [2092.5, 24675.0], [2092.75, 338.0], [2093.0, 1250.0], [2093.25, 28625.0], [2093.5, 91588.0], [2093.75, 1250.0], [2094.0, 8371.0], [2094.25, 23736.0], [2094.5, 1250.0], [2094.75, 46483.0]]}}}
{"jsonrpc": "2.0", "method": "subscription", "params": {"channel": "book.ETH-7MAR25.none.20.100ms", "data": {"timestamp": 1741083868313, "change_id": 60787418611, "instrument_name": "ETH-7MAR25", "bids": [[2087.5, 6600.0], [2087.25, 18186.0], [2087.0, 55596.0], [2086.75, 4750.0], [2086.5, 10525.0], [2086.25, 2307.0], [2086.0, 16875.0], [2085.75, 50942.0], [2085.5, 4685.0], [2085.25, 10001.0], [2085.0, 525.0], [2084.75, 2275.0], [2084.5, 2275.0], [2084.25, 2275.0], [2084.0, 11205.0], [2083.75, 32275.0], [2083.5, 1750.0], [2083.25, 525.0], [2083.0, 2275.0], [2082.75, 1750.0]], "asks": [[2087.75, 7157.0], [2088.0, 19772.0], [2088.25, 22747.0], [2088.5, 39807.0], [2088.75, 525.0], [2089.0, 4741.0], [2089.25, 9970.0], [2089.5, 525.0], [2089.75, 16878.0], [2090.0, 50952.0], [2090.25, 2278.0], [2090.5, 1760.0], [2090.75, 525.0], [2091.0, 17183.0], [2091.25, 51442.0], [2091.5, 525.0], [2091.75, 2275.0], [2092.0, 2275.0], [2092.25, 1750.0], [2092.5, 91750.0]]}}}
{"jsonrpc": "2.0", "method": "subscription", "params": {"channel": "book.ETH-14MAR25.none.20.100ms", "data": {"timestamp": 1741083868627, "change_id": 60787419166, "instrument_name": "ETH-14MAR25", "bids": [[2089.25, 4908.0], [2089.0, 14381.0], [2088.75, 12770.0], [2088.5, 8975.0], [2088.25, 4167.0], [2088.0, 14228.0], [2087.75, 15353.0], [2087.5, 1250.0], [2087.25, 1588.0], [2087.0, 1250.0], [2086.75, 31588.0], [2086.5, 1593.0], [2086.25, 1250.0], [2086.0, 1588.0], [2085.75, 1250.0], [2085.5, 1588.0], [2085.25, 1250.0], [2085.0, 1750.0], [2083.75, 1250.0], [2083.5, 91250.0]], "asks": [[2089.75, 1500.0], [2090.0, 2643.0], [2090.25, 7679.0], [2090.5, 13695.0], [2090.75, 2075.0], [2091.0, 3875.0], [2091.25, 4088.0], [2091.5, 1250.0], [2092.0, 1588.0], [2092.25, 8653.0], [2092.5, 24675.0], [2092.75, 338.0], [2093.0, 1250.0], [2093.25, 28625.0], [2093.5, 91588.0], [2093.75, 1250.0], [2094.0, 8371.0], [2094.25, 23736.0], [2094.5, 1250.0], [2094.75, 46483.0]]}}}
{"jsonrpc": "2.0", "method": "subscription", "params": {"channel": "book.ETH-7MAR25.none.20.100ms", "data": {"timestamp": 1741083868620, "change_id": 60787419111, "instrument_name": "ETH-7MAR25", "bids": [[2087.5, 10855.0], [2087.25, 24786.0], [2087.0, 58494.0], [2086.75, 11750.0], [2086.5, 525.0], [2086.25, 2307.0], [2086.0, 16875.0], [2085.75, 50942.0], [2085.5, 4685.0], [2085.25, 10001.0], [2085.0, 525.0], [2084.75, 2275.0], [2084.5, 2275.0], [2084.25, 2275.0], [2084.0, 11205.0], [2083.75, 32275.0], [2083.5, 1750.0], [2083.25, 525.0], [2083.0, 2275.0], [2082.75, 1750.0]], "asks": [[2088.0, 9772.0], [2088.25, 20997.0], [2088.5, 49807.0], [2088.75, 525.0], [2089.0, 2307.0], [2089.25, 1750.0], [2089.5, 525.0], [2089.75, 16878.0], [2090.0, 58985.0], [2090.25, 2278.0], [2090.5, 1760.0], [2090.75, 525.0], [2091.0, 17183.0], [2091.25, 51442.0], [2091.5, 525.0], [2091.75, 2275.0], [2092.0, 2275.0], [2092.25, 1750.0], [2092.5, 91750.0], [2093.0, 1750.0]]}}}
{"jsonrpc": "2.0", "method": "subscription", "params": {"channel": "book.ETH-14MAR25.none.20.100ms", "data": {"timestamp": 1741083868973, "change_id": 60787419742, "instrument_name": "ETH-14MAR25", "bids": [[2089.25, 4908.0], [2089.0, 13530.0], [2088.75, 5001.0], [2088.5, 8975.0], [2088.25, 4167.0], [2088.0, 25076.0], [2087.75, 338.0], [2087.5, 1250.0], [2087.25, 1588.0], [2087.0, 1250.0], [2086.75, 31588.0], [2086.5, 1593.0], [2086.25, 1250.0], [2086.0, 1588.0], [2085.75, 1250.0], [2085.5, 1588.0], [2085.25, 1250.0], [2085.0, 1750.0], [2083.75, 1250.0], [2083.5, 91250.0]], "asks": [[2090.0, 2643.0], [2090.25, 7799.0], [2090.5, 11838.0], [2090.75, 2075.0], [2091.0, 3875.0], [2091.25, 4088.0], [2091.5, 1250.0], [2092.0, 1588.0], [2092.25, 8653.0], [2092.5, 24675.0], [2092.75, 338.0], [2093.0, 23736.0], [2093.25, 28625.0], [2093.5, 91588.0], [2093.75, 1250.0], [2094.0, 1588.0], [2094.25, 1250.0], [2094.5, 1250.0], [2094.75, 46483.0], [2095.0, 43678.0]]}}}
{"jsonrpc": "2.0", "method": "subscription", "params": {"channel": "book.ETH-7MAR25.none.20.100ms", "data": {"timestamp": 1741083868934, "change_id": 60787419542, "instrument_name": "ETH-7MAR25", "bids": [[2087.5, 9105.0], [2087.25, 24786.0], [2087.0, 58494.0], [2086.75, 11750.0], [2086.5, 525.0], [2086.25, 2307.0], [2086.0, 16875.0], [2085.75, 50942.0], [2085.5, 4685.0], [2085.25, 10001.0], [2085.0, 525.0], [2084.75, 2275.0], [2084.5, 2275.0], [2084.25, 2275.0], [2084.0, 11205.0], [2083.75, 32275.0], [2083.5, 1750.0], [2083.25, 525.0], [2083.0, 2275.0], [2082.75, 1750.0]], "asks": [[2088.0, 11341.0], [2088.25, 28542.0], [2088.5, 42262.0], [2088.75, 525.0], [2089.0, 2307.0], [2089.25, 1750.0], [2089.5, 525.0], [2089.75, 16878.0], [2090.0, 58985.0], [2090.25, 2278.0], [2090.5, 1760.0], [2090.75, 525.0], [2091.0, 17183.0], [2091.25, 51442.0], [2091.5, 525.0], [2091.75, 2275.0], [2092.0, 2275.0], [2092.25, 1750.0], [2092.5, 91750.0], [2093.0, 1750.0]]}}}
{"jsonrpc": "2.0", "method": "subscription", "params": {"channel": "book.ETH-7MAR25.none.20.100ms", "data": {"timestamp": 1741083869292, "change_id": 60787419831, "instrument_name": "ETH-7MAR25", "bids": [[2087.5, 10855.0], [2087.25, 24786.0], [2087.0, 58494.0], [2086.75, 11750.0], [2086.5, 525.0], [2086.25, 2307.0], [2086.0, 16875.0], [2085.75, 50942.0], [2085.5, 4685.0], [2085.25, 10001.0], [2085.0, 525.0], [2084.75, 2275.0], [2084.5, 2275.0], [2084.25, 2275.0], [2084.0, 11205.0], [2083.75, 32275.0], [2083.5, 1750.0], [2083.25, 525.0], [2083.0, 2275.0], [2082.75, 1750.0]], "asks": [[2088.0, 11341.0], [2088.25, 28542.0], [2088.5, 42262.0], [2088.75, 525.0], [2089.0, 2307.0], [2089.25, 1750.0], [2089.5, 525.0], [2089.75, 16878.0], [2090.0, 58985.0], [2090.25, 2278.0], [2090.5, 1760.0], [2090.75, 525.0], [2091.0, 17183.0], [2091.25, 51442.0], [2091.5, 525.0], [2091.75, 2275.0], [2092.0, 2275.0], [2092.25, 1750.0], [2092.5, 91750.0], [2093.0, 1750.0]]}}}
{"jsonrpc": "2.0", "method": "subscription", "params": {"channel": "book.ETH-14MAR25.none.20.100ms", "data": {"timestamp": 1741083869396, "change_id": 60787420013, "instrument_name": "ETH-14MAR25", "bids": [[2089.25, 9574.0], [2089.0, 30242.0], [2088.75, 5001.0], [2088.5, 8975.0], [2088.25, 8307.0], [2088.0, 25076.0], [2087.75, 338.0], [2087.5, 1250.0], [2087.25, 1588.0], [2087.0, 10625.0], [2086.75, 31588.0], [2086.5, 1593.0], [2086.25, 1250.0], [2086.0, 1588.0], [2085.75, 1588.0], [2085.5, 1588.0], [2085.25, 1250.0], [2085.0, 1750.0], [2083.75, 1250.0], [2083.5, 91250.0]], "asks": [[2090.0, 2643.0], [2090.25, 7799.0], [2090.5, 11838.0], [2090.75, 2075.0], [2091.0, 3875.0], [2091.25, 4088.0], [2091.5, 1250.0], [2091.75, 338.0], [2092.0, 1588.0], [2092.25, 8653.0], [2092.5, 24675.0], [2092.75, 338.0], [2093.0, 24074.0], [2093.25, 28625.0], [2093.5, 91588.0], [2093.75, 1250.0], [2094.0, 1588.0], [2094.25, 1250.0], [2094.5, 1250.0], [2094.75, 46483.0]]}}}
{"jsonrpc": "2.0", "method": "subscription", "params": {"channel": "book.ETH-7MAR25.none.20.100ms", "data": {"timestamp": 1741083869659, "change_id": 60787420231, "instrument_name": "ETH-7MAR25", "bids": [[2087.5, 9105.0], [2087.25, 24786.0], [2087.0, 58494.0], [2086.75, 11750.0], [2086.5, 525.0], [2086.25, 2307.0], [2086.0, 16875.0], [2085.75, 50942.0], [2085.5, 4685.0], [2085.25, 10001.0], [2085.0, 525.0], [2084.75, 2275.0], [2084.5, 2275.0], [2084.25, 2275.0], [2084.0, 11205.0], [2083.75, 32275.0], [2083.5, 1750.0], [2083.25, 525.0], [2083.0, 2275.0], [2082.75, 1750.0]], "asks": [[2088.0, 11341.0], [2088.25, 28542.0], [2088.5, 42262.0], [2088.75, 525.0], [2089.0, 2307.0], [2089.25, 1750.0], [2089.5, 525.0], [2089.75, 16878.0], [2090.0, 58985.0], [2090.25, 2278.0], [2090.5, 1760.0], [2090.75, 525.0], [2091.0, 17183.0], [2091.25, 51442.0], [2091.5, 525.0], [2091.75, 2275.0], [2092.0, 2275.0], [2092.25, 1750.0], [2092.5, 91750.0], [2093.0, 1750.0]]}}}
{"jsonrpc": "2.0", "method": "subscription", "params": {"channel": "book.ETH-14MAR25.none.20.100ms", "data": {"timestamp": 1741083869841, "change_id": 60787420348, "instrument_name": "ETH-14MAR25", "bids": [[2089.25, 9574.0], [2089.0, 28742.0], [2088.75, 5001.0], [2088.5, 8975.0], [2088.25, 8307.0], [2088.0, 25076.0], [2087.75, 338.0], [2087.5, 1250.0], [2087.25, 1588.0], [2087.0, 10625.0], [2086.75, 31588.0], [2086.5, 1593.0], [2086.25, 1250.0], [2086.0, 1588.0], [2085.75, 1588.0], [2085.5, 1588.0], [2085.25, 1250.0], [2085.0, 1750.0], [2083.75, 1250.0], [2083.5, 91250.0]], "asks": [[2090.0, 2643.0], [2090.25, 7799.0], [2090.5, 11838.0], [2090.75, 2075.0], [2091.0, 3875.0], [2091.25, 4088.0], [2091.5, 1250.0], [2091.75, 338.0], [2092.0, 1588.0], [2092.25, 8653.0], [2092.5, 24675.0], [2092.75, 338.0], [2093.0, 24074.0], [2093.25, 28625.0], [2093.5, 91588.0], [2093.75, 1250.0], [2094.0, 1250.0], [2094.5, 1250.0], [2094.75, 46483.0], [2095.0, 43678.0]]}}}
{"jsonrpc": "2.0", "method": "subscription", "params": {"channel": "book.ETH-7MAR25.none.20.100ms", "data": {"timestamp": 1741083869992, "change_id": 60787420797, "instrument_name": "ETH-7MAR25", "bids": [[2087.5, 2505.0], [2087.25, 24786.0], [2087.0, 58494.0], [2086.75, 11750.0], [2086.5, 525.0], [2086.25, 2307.0], [2086.0, 16875.0], [2085.75, 50942.0], [2085.5, 4685.0], [2085.25, 10001.0], [2085.0, 525.0], [2084.75, 2275.0], [2084.5, 2275.0], [2084.25, 2275.0], [2084.0, 11205.0], [2083.75, 32275.0], [2083.5, 1750.0], [2083.25, 525.0], [2083.0, 2275.0], [2082.75, 1750.0]], "asks": [[2088.0, 11341.0], [2088.25, 32747.0], [2088.5, 39807.0], [2088.75, 525.0], [2089.0, 2307.0], [2089.25, 1750.0], [2089.5, 525.0], [2089.75, 16878.0], [2090.0, 58985.0], [2090.25, 2278.0], [2090.5, 1760.0], [2090.75, 525.0], [2091.0, 17183.0], [2091.25, 51442.0], [2091.5, 525.0], [2091.75, 2275.0], [2092.0, 2275.0], [2092.25, 1750.0], [2092.5, 91750.0], [2093.0, 1750.0]]}}}
{"jsonrpc": "2.0", "method": "subscription", "params": {"channel": "book.ETH-14MAR25.none.20.100ms", "data": {"timestamp": 1741083870104, "change_id": 60787420825, "instrument_name": "ETH-14MAR25", "bids": [[2089.25, 9574.0], [2089.0, 28742.0], [2088.75, 6251.0], [2088.5, 8975.0], [2088.25, 8307.0], [2088.0, 25076.0], [2087.75, 338.0], [2087.5, 1250.0], [2087.25, 1588.0], [2087.0, 10625.0], [2086.75, 31588.0], [2086.5, 1593.0], [2086.25, 1250.0], [2086.0, 1588.0], [2085.75, 1588.0], [2085.5, 1588.0], [2085.25, 1250.0], [2085.0, 1750.0], [2083.75, 1250.0], [2083.5, 91250.0]], "asks": [[2090.0, 2643.0], [2090.25, 7799.0], [2090.5, 11838.0], [2090.75, 2075.0], [2091.0, 3875.0], [2091.25, 4088.0], [2091.5, 1250.0], [2091.75, 338.0], [2092.0, 1588.0], [2092.25, 8653.0], [2092.5, 24675.0], [2092.75, 338.0], [2093.0, 24074.0], [2093.25, 28625.0], [2093.5, 91588.0], [2093.75, 1250.0], [2094.0, 1250.0], [2094.5, 1250.0], [2094.75, 46483.0], [2095.0, 43678.0]]}}}
{"jsonrpc": "2.0", "method": "subscription", "params": {"channel": "book.ETH-7MAR25.none.20.100ms", "data": {"timestamp": 1741083870337, "change_id": 60787421022, "instrument_name": "ETH-7MAR25", "bids": [[2087.5, 10855.0], [2087.25, 26536.0], [2087.0, 58494.0], [2086.75, 11750.0], [2086.5, 525.0], [2086.25, 2307.0], [2086.0, 16875.0], [2085.75, 50942.0], [2085.5, 4685.0], [2085.25, 10001.0], [2085.0, 525.0], [2084.75, 2275.0], [2084.5, 2275.0], [2084.25, 2275.0], [2084.0, 11205.0], [2083.75, 32275.0], [2083.5, 1750.0], [2083.25, 525.0], [2083.0, 2275.0], [2082.75, 1750.0]], "asks": [[2088.0, 11341.0], [2088.25, 32747.0], [2088.5, 39807.0], [2088.75, 525.0], [2089.0, 2307.0], [2089.25, 1750.0], [2089.5, 525.0], [2089.75, 16878.0], [2090.0, 58985.0], [2090.25, 2278.0], [2090.5, 1760.0], [2090.75, 525.0], [2091.0, 17183.0], [2091.25, 51442.0], [2091.5, 525.0], [2091.75, 2275.0], [2092.0, 2275.0], [2092.25, 1750.0], [2092.5, 91750.0], [2093.0, 1750.0]]}}}
{"jsonrpc": "2.0", "method": "subscription", "params": {"channel": "book.ETH-7MAR25.none.20.100ms", "data": {"timestamp": 1741083870463, "change_id": 60787421307, "instrument_name": "ETH-7MAR25", "bids": [[2087.5, 10855.0], [2087.25, 26536.0], [2087.0, 58494.0], [2086.75, 11750.0], [2086.5, 4607.0], [2086.25, 10299.0], [2086.0, 16875.0], [2085.75, 50942.0], [2085.5, 2275.0], [2085.25, 1750.0], [2085.0, 525.0], [2084.75, 2275.0], [2084.5, 2275.0], [2084.25, 2275.0], [2084.0, 11205.0], [2083.75, 32275.0], [2083.5, 1750.0], [2083.25, 525.0], [2083.0, 2275.0], [2082.75, 1750.0]], "asks": [[2088.0, 11341.0], [2088.25, 30292.0], [2088.5, 42262.0], [2088.75, 525.0], [2089.0, 2307.0], [2089.25, 1750.0], [2089.5, 525.0], [2089.75, 16878.0], [2090.0, 58985.0], [2090.25, 2278.0], [2090.5, 1760.0], [2090.75, 525.0], [2091.0, 17183.0], [2091.25, 51442.0], [2091.5, 525.0], [2091.75, 2275.0], [2092.0, 2275.0], [2092.25, 1750.0], [2092.5, 91750.0], [2093.0, 1750.0]]}}}
{"jsonrpc": "2.0", "method": "subscription", "params": {"channel": "book.ETH-7MAR25.none.20.100ms", "data": {"timestamp": 1741083870875, "change_id": 60787421855, "instrument_name": "ETH-7MAR25", "bids": [[2087.5, 9105.0], [2087.25, 26536.0], [2087.0, 58494.0], [2086.75, 11750.0], [2086.5, 4607.0], [2086.25, 10299.0], [2086.0, 16875.0], [2085.75, 50942.0], [2085.5, 2275.0], [2085.25, 1750.0], [2085.0, 525.0], [2084.75, 2275.0], [2084.5, 2275.0], [2084.25, 2275.0], [2084.0, 11205.0], [2083.75, 32275.0], [2083.5, 1750.0], [2083.25, 525.0], [2083.0, 2275.0], [2082.75, 1750.0]], "asks": [[2088.0, 11341.0], [2088.25, 30292.0], [2088.5, 42262.0], [2088.75, 525.0], [2089.0, 2307.0], [2089.25, 1750.0], [2089.5, 525.0], [2089.75, 16878.0], [2090.0, 58985.0], [2090.25, 2278.0], [2090.5, 1760.0], [2090.75, 525.0], [2091.0, 17183.0], [2091.25, 51442.0], [2091.5, 525.0], [2091.75, 2275.0], [2092.0, 2275.0], [2092.25, 1750.0], [2092.5, 91750.0], [2093.0, 1750.0]]}}}
{"jsonrpc": "2.0", "method": "subscription", "params": {"channel": "book.ETH-7MAR25.none.20.100ms", "data": {"timestamp": 1741083871234, "change_id": 60787422126, "instrument_name": "ETH-7MAR25", "bids": [[2087.5, 10855.0], [2087.25, 26536.0], [2087.0, 58494.0], [2086.75, 11750.0], [2086.5, 4607.0], [2086.25, 10299.0], [2086.0, 16875.0], [2085.75, 50942.0], [2085.5, 2275.0], [2085.25, 1750.0], [2085.0, 525.0], [2084.75, 2275.0], [2084.5, 2275.0], [2084.25, 2275.0], [2084.0, 11205.0], [2083.75, 32275.0], [2083.5, 1750.0], [2083.25, 525.0], [2083.0, 2275.0], [2082.75, 1750.0]], "asks": [[2088.0, 11341.0], [2088.25, 30292.0], [2088.5, 42262.0], [2088.75, 525.0], [2089.0, 2307.0], [2089.25, 1750.0], [2089.5, 525.0], [2089.75, 16878.0], [2090.0, 58985.0], [2090.25, 2278.0], [2090.5, 1760.0], [2090.75, 525.0], [2091.0, 17183.0], [2091.25, 51442.0], [2091.5, 525.0], [2091.75, 2275.0], [2092.0, 2275.0], [2092.25, 1750.0], [2092.5, 91750.0], [2093.0, 1750.0]]}}}
{"jsonrpc": "2.0", "method": "subscription", "params": {"channel": "book.ETH-7MAR25.none.20.100ms", "data": {"timestamp": 1741083871637, "change_id": 60787422562, "instrument_name": "ETH-7MAR25", "bids": [[2087.5, 9105.0], [2087.25, 24786.0], [2087.0, 58494.0], [2086.75, 11750.0], [2086.5, 4607.0], [2086.25, 10299.0], [2086.0, 16875.0], [2085.75, 50942.0], [2085.5, 2275.0], [2085.25, 1750.0], [2085.0, 525.0], [2084.75, 2275.0], [2084.5, 2275.0], [2084.25, 2275.0], [2084.0, 11205.0], [2083.75, 32275.0], [2083.5, 1750.0], [2083.25, 525.0], [2083.0, 2275.0], [2082.75, 1750.0]], "asks": [[2088.0, 13091.0], [2088.25, 30292.0], [2088.5, 42262.0], [2088.75, 525.0], [2089.0, 2307.0], [2089.25, 1750.0], [2089.5, 525.0], [2089.75, 16878.0], [2090.0, 58985.0], [2090.25, 2278.0], [2090.5, 1760.0], [2090.75, 525.0], [2091.0, 17183.0], [2091.25, 51442.0], [2091.5, 525.0], [2091.75, 2275.0], [2092.0, 2275.0], [2092.25, 1750.0], [2092.5, 91750.0], [2093.0, 1750.0]]}}}
{"jsonrpc": "2.0", "method": "subscription", "params": {"channel": "book.ETH-7MAR25.none.20.100ms", "data": {"timestamp": 1741083871992, "change_id": 60787423184, "instrument_name": "ETH-7MAR25", "bids": [[2087.5, 10855.0], [2087.25, 26536.0], [2087.0, 58494.0], [2086.75, 12275.0], [2086.5, 4607.0], [2086.25, 10299.0], [2086.0, 16875.0], [2085.75, 50942.0], [2085.5, 2275.0], [2085.25, 1750.0], [2085.0, 525.0], [2084.75, 2275.0], [2084.5, 2275.0], [2084.25, 2275.0], [2084.0, 11205.0], [2083.75, 32275.0], [2083.5, 1750.0], [2083.25, 525.0], [2083.0, 2275.0], [2082.75, 1750.0]], "asks": [[2088.0, 11341.0], [2088.25, 30292.0], [2088.5, 42262.0], [2088.75, 525.0], [2089.0, 2307.0], [2089.25, 1750.0], [2089.5, 525.0], [2089.75, 16878.0], [2090.0, 58985.0], [2090.25, 2278.0], [2090.5, 1760.0], [2090.75, 525.0], [2091.0, 17183.0], [2091.25, 51442.0], [2091.5, 525.0], [2091.75, 2275.0], [2092.0, 2275.0], [2092.25, 1750.0], [2092.5, 91750.0], [2093.0, 1750.0]]}}}
