{"jsonrpc": "2.0", "id": 1, "result": ["book.ETH-21NOV25.none.20.100ms"], "usIn": 1763184135588373, "usOut": 1763184135588532, "usDiff": 159, "testnet": false}
{"jsonrpc": "2.0", "method": "subscription", "params": {"channel": "book.ETH-21NOV25.none.20.100ms", "data": {"timestamp": 1763184135585, "change_id": 96954820553, "instrument_name": "ETH-21NOV25", "bids": [[3173.5, 4976.0], [3173.25, 1638.0], [3173.0, 1300.0], [3172.75, 388.0], [3172.5, 1712.0], [3172.25, 1768.0], [3172.0, 1688.0], [3171.75, 1688.0], [3171.5, 1300.0], [3170.25, 12382.0], [3170.0, 6306.0], [3169.75, 21625.0], [3169.5, 4256.0], [3169.25, 21500.0], [3169.0, 24785.0], [3166.5, 328.0], [3166.25, 2413.0], [3166.0, 9653.0], [3165.75, 26892.0], [3165.5, 40000.0]], "asks": [[3174.0, 3303.0], [3174.25, 1330.0], [3176.25, 388.0], [3176.5, 10671.0], [3176.75, 25132.0], [3177.0, 3803.0], [3177.25, 13992.0], [3180.25, 7361.0], [3180.5, 24660.0], [3183.0, 400.0], [3183.5, 89412.0], [3184.75, 49830.0], [3185.25, 1112.0], [3189.25, 40000.0], [3190.25, 74987.0], [3190.5, 45.0], [3193.0, 16.0], [3193.25, 73090.0], [3196.0, 16.0], [3197.0, 40000.0]]}}}
{"jsonrpc": "2.0", "method": "subscription", "params": {"channel": "book.ETH-21NOV25.none.20.100ms", "data": {"timestamp": 1763184135657, "change_id": 96954820596, "instrument_name": "ETH-21NOV25", "bids": [[3173.5, 4976.0], [3173.25, 1638.0], [3173.0, 1300.0], [3172.75, 388.0], [3172.5, 1300.0], [3172.25, 468.0], [3172.0, 1300.0], [3170.25, 12382.0], [3170.0, 6306.0], [3169.75, 21625.0], [3169.5, 4256.0], [3169.25, 21500.0], [3169.0, 24785.0], [3166.5, 328.0], [3166.25, 2413.0], [3166.0, 9653.0], [3165.75, 26892.0], [3165.5, 40000.0], [3165.0, 400.0], [3164.75, 25390.0]], "asks": [[3174.0, 3303.0], [3174.25, 80.0], [3174.5, 373.0], [3174.75, 1250.0], [3176.25, 1688.0], [3176.5, 10671.0], [3176.75, 25132.0], [3177.0, 3803.0], [3177.25, 13992.0], [3180.25, 7361.0], [3180.5, 24660.0], [3183.0, 400.0], [3183.5, 89412.0], [3184.75, 49830.0], [3185.25, 1112.0], [3189.25, 40000.0], [3190.25, 74987.0], [3190.5, 45.0], [3193.0, 16.0], [3193.25, 73090.0]]}}}
{"jsonrpc": "2.0", "method": "subscription", "params": {"channel": "book.ETH-21NOV25.none.20.100ms", "data": {"timestamp": 1763184135947, "change_id": 96954821043, "instrument_name": "ETH-21NOV25", "bids": [[3173.5, 2611.0], [3173.25, 4941.0], [3173.0, 1300.0], [3172.75, 388.0], [3172.5, 1300.0], [3172.25, 468.0], [3172.0, 1300.0], [3170.25, 12382.0], [3170.0, 6306.0], [3169.75, 21625.0], [3169.5, 4256.0], [3169.25, 21500.0], [3169.0, 24785.0], [3166.5, 328.0], [3166.25, 2413.0], [3166.0, 9653.0], [3165.75, 26892.0], [3165.5, 40000.0], [3165.0, 400.0], [3164.75, 25390.0]], "asks": [[3174.0, 3303.0], [3174.25, 1583.0], [3174.5, 8110.0], [3176.25, 1688.0], [3176.5, 10671.0], [3176.75, 25132.0], [3177.0, 3803.0], [3177.25, 13992.0], [3180.25, 7361.0], [3180.5, 24660.0], [3183.0, 400.0], [3183.5, 89412.0], [3184.75, 49830.0], [3185.25, 1112.0], [3189.25, 40000.0], [3190.25, 74987.0], [3190.5, 45.0], [3193.0, 16.0], [3193.25, 73090.0], [3196.0, 16.0]]}}}
{"jsonrpc": "2.0", "method": "subscription", "params": {"channel": "book.ETH-21NOV25.none.20.100ms", "data": {"timestamp": 1763184136630, "change_id": 96954821903, "instrument_name": "ETH-21NOV25", "bids": [[3173.5, 2611.0], [3173.25, 4941.0], [3173.0, 1300.0], [3172.75, 388.0], [3172.5, 1300.0], [3172.25, 80.0], [3170.5, 3696.0], [3170.25, 12382.0], [3170.0, 6306.0], [3169.75, 21625.0], [3169.5, 4256.0], [3169.25, 21500.0], [3169.0, 24785.0], [3166.5, 328.0], [3166.25, 2413.0], [3166.0, 9653.0], [3165.75, 26892.0], [3165.5, 40000.0], [3165.0, 400.0], [3164.75, 25390.0]], "asks": [[3174.0, 3303.0], [3174.25, 1583.0], [3174.5, 8110.0], [3176.0, 1688.0], [3176.25, 1688.0], [3176.5, 10671.0], [3176.75, 25132.0], [3177.0, 3803.0], [3177.25, 13992.0], [3180.25, 7361.0], [3180.5, 24660.0], [3183.0, 400.0], [3183.5, 89412.0], [3184.75, 49830.0], [3185.25, 1112.0], [3189.25, 40000.0], [3190.25, 74987.0], [3190.5, 45.0], [3193.0, 16.0], [3193.25, 73090.0]]}}}
{"jsonrpc": "2.0", "method": "subscription", "params": {"channel": "book.ETH-21NOV25.none.20.100ms", "data": {"timestamp": 1763184137792, "change_id": 96954823364, "instrument_name": "ETH-21NOV25", "bids": [[3173.5, 1300.0], [3173.25, 4941.0], [3173.0, 1300.0], [3172.75, 388.0], [3172.5, 1300.0], [3172.25, 80.0], [3170.5, 3696.0], [3170.25, 12382.0], [3170.0, 6306.0], [3169.75, 21625.0], [3169.5, 4256.0], [3169.25, 21500.0], [3169.0, 24785.0], [3166.5, 328.0], [3166.25, 2413.0], [3166.0, 9653.0], [3165.75, 26892.0], [3165.5, 40000.0], [3165.0, 400.0], [3164.75, 25390.0]], "asks": [[3173.75, 3303.0], [3174.25, 1583.0], [3174.5, 8110.0], [3175.75, 388.0], [3176.0, 1688.0], [3176.25, 1688.0], [3176.5, 10671.0], [3176.75, 25132.0], [3177.0, 3803.0], [3177.25, 13992.0], [3180.25, 7361.0], [3180.5, 24660.0], [3183.0, 400.0], [3183.5, 89412.0], [3184.75, 49830.0], [3185.25, 1112.0], [3189.25, 40000.0], [3190.25, 74987.0], [3190.5, 45.0], [3193.0, 16.0]]}}}
{"jsonrpc": "2.0", "method": "subscription", "params": {"channel": "book.ETH-21NOV25.none.20.100ms", "data": {"timestamp": 1763184138367, "change_id": 96954824128, "instrument_name": "ETH-21NOV25", "bids": [[3173.75, 1300.0], [3173.5, 2659.0], [3173.25, 4941.0], [3173.0, 1300.0], [3172.75, 388.0], [3172.5, 1300.0], [3172.25, 80.0], [3170.5, 3696.0], [3170.25, 12382.0], [3170.0, 6306.0], [3169.75, 21625.0], [3169.5, 4256.0], [3169.25, 21500.0], [3169.0, 24785.0], [3166.5, 328.0], [3166.25, 2413.0], [3166.0, 9653.0], [3165.75, 26892.0], [3165.5, 40000.0], [3165.0, 400.0]], "asks": [[3174.0, 3303.0], [3174.25, 1583.0], [3174.5, 8110.0], [3175.75, 14722.0], [3176.0, 1688.0], [3176.25, 1688.0], [3176.5, 10671.0], [3176.75, 25132.0], [3180.25, 7361.0], [3180.5, 24660.0], [3183.0, 400.0], [3183.5, 89412.0], [3184.75, 49830.0], [3185.25, 1112.0], [3189.25, 40000.0], [3190.25, 74987.0], [3190.5, 45.0], [3193.0, 16.0], [3193.25, 73090.0], [3196.0, 16.0]]}}}
{"jsonrpc": "2.0", "method": "subscription", "params": {"channel": "book.ETH-21NOV25.none.20.100ms", "data": {"timestamp": 1763184138607, "change_id": 96954824321, "instrument_name": "ETH-21NOV25", "bids": [[3173.75, 1300.0], [3173.5, 2659.0], [3173.25, 4941.0], [3173.0, 1300.0], [3172.75, 388.0], [3172.5, 1300.0], [3172.25, 80.0], [3170.5, 3696.0], [3170.25, 12382.0], [3170.0, 6306.0], [3169.75, 21625.0], [3169.5, 4256.0], [3169.25, 21500.0], [3169.0, 24785.0], [3166.5, 328.0], [3166.25, 2413.0], [3166.0, 9653.0], [3165.75, 26892.0], [3165.5, 40000.0], [3165.0, 400.0]], "asks": [[3174.0, 3303.0], [3174.25, 1583.0], [3174.5, 8110.0], [3175.5, 1300.0], [3175.75, 14722.0], [3176.0, 1688.0], [3176.25, 1688.0], [3176.5, 10671.0], [3176.75, 25132.0], [3180.25, 7361.0], [3180.5, 24660.0], [3183.0, 400.0], [3183.5, 89412.0], [3184.75, 49830.0], [3185.25, 1112.0], [3189.25, 40000.0], [3190.25, 74987.0], [3190.5, 45.0], [3193.0, 16.0], [3193.25, 73090.0]]}}}
{"jsonrpc": "2.0", "method": "subscription", "params": {"channel": "book.ETH-21NOV25.none.20.100ms", "data": {"timestamp": 1763184138893, "change_id": 96954824691, "instrument_name": "ETH-21NOV25", "bids": [[3173.75, 1300.0], [3173.5, 3536.0], [3173.25, 3691.0], [3173.0, 1300.0], [3172.75, 388.0], [3172.5, 1300.0], [3172.25, 80.0], [3170.5, 3696.0], [3170.25, 12382.0], [3170.0, 6306.0], [3169.75, 21625.0], [3169.5, 4256.0], [3169.25, 21500.0], [3169.0, 24785.0], [3166.5, 328.0], [3166.25, 2413.0], [3166.0, 9653.0], [3165.75, 26892.0], [3165.5, 40000.0], [3165.0, 400.0]], "asks": [[3174.0, 3303.0], [3174.25, 1583.0], [3174.5, 8110.0], [3175.5, 5579.0], [3175.75, 14722.0], [3176.0, 1688.0], [3176.25, 1688.0], [3176.5, 10671.0], [3176.75, 25132.0], [3180.25, 7361.0], [3180.5, 24660.0], [3183.0, 400.0], [3183.5, 89412.0], [3184.75, 49830.0], [3185.25, 1112.0], [3189.25, 40000.0], [3190.25, 74987.0], [3190.5, 45.0], [3193.0, 16.0], [3193.25, 73090.0]]}}}
{"jsonrpc": "2.0", "method": "subscription", "params": {"channel": "book.ETH-21NOV25.none.20.100ms", "data": {"timestamp": 1763184139166, "change_id": 96954825175, "instrument_name": "ETH-21NOV25", "bids": [[3173.75, 1300.0], [3173.5, 3536.0], [3173.25, 3691.0], [3173.0, 1300.0], [3172.75, 388.0], [3172.5, 1300.0], [3172.25, 80.0], [3171.0, 3696.0], [3170.75, 12382.0], [3170.0, 6306.0], [3169.75, 21625.0], [3169.5, 4256.0], [3169.25, 14259.0], [3167.0, 7398.0], [3166.75, 24785.0], [3166.5, 328.0], [3166.25, 2413.0], [3166.0, 9653.0], [3165.75, 26892.0], [3165.5, 40000.0]], "asks": [[3174.0, 3303.0], [3174.25, 1583.0], [3174.5, 8110.0], [3175.5, 5579.0], [3175.75, 14722.0], [3176.0, 1688.0], [3176.25, 1688.0], [3176.5, 10671.0], [3176.75, 25132.0], [3180.25, 7361.0], [3180.5, 24660.0], [3183.0, 400.0], [3183.5, 89412.0], [3184.75, 49830.0], [3185.25, 1112.0], [3189.25, 40000.0], [3190.25, 74987.0], [3190.5, 45.0], [3193.0, 16.0], [3193.25, 73090.0]]}}}
{"jsonrpc": "2.0", "method": "subscription", "params": {"channel": "book.ETH-21NOV25.none.20.100ms", "data": {"timestamp": 1763184140960, "change_id": 96954826993, "instrument_name": "ETH-21NOV25", "bids": [[3173.75, 1300.0], [3173.5, 3536.0], [3173.25, 3691.0], [3173.0, 1300.0], [3172.75, 388.0], [3172.5, 1300.0], [3172.25, 80.0], [3171.0, 3696.0], [3170.75, 12382.0], [3170.0, 6306.0], [3169.75, 21625.0], [3169.5, 4256.0], [3169.25, 14259.0], [3167.0, 7398.0], [3166.75, 24785.0], [3166.5, 328.0], [3166.25, 2413.0], [3166.0, 9653.0], [3165.75, 26892.0], [3165.5, 40000.0]], "asks": [[3174.0, 3303.0], [3174.25, 453.0], [3174.5, 1250.0], [3175.25, 1688.0], [3175.5, 5579.0], [3175.75, 14722.0], [3176.0, 1688.0], [3176.25, 1688.0], [3176.5, 10671.0], [3176.75, 25132.0], [3180.25, 7361.0], [3180.5, 24660.0], [3183.0, 400.0], [3183.5, 89412.0], [3184.75, 49830.0], [3185.25, 1112.0], [3189.25, 40000.0], [3190.25, 74987.0], [3190.5, 45.0], [3193.0, 16.0]]}}}
{"jsonrpc": "2.0", "method": "subscription", "params": {"channel": "book.ETH-21NOV25.none.20.100ms", "data": {"timestamp": 1763184141208, "change_id": 96954827549, "instrument_name": "ETH-21NOV25", "bids": [[3173.75, 1300.0], [3173.5, 2286.0], [3173.25, 4941.0], [3173.0, 1300.0], [3172.75, 388.0], [3172.5, 1300.0], [3172.25, 80.0], [3171.0, 3696.0], [3170.75, 12382.0], [3170.0, 6306.0], [3169.75, 21625.0], [3169.5, 4256.0], [3169.25, 14259.0], [3167.0, 7398.0], [3166.75, 24785.0], [3166.5, 328.0], [3166.25, 2413.0], [3166.0, 9653.0], [3165.75, 26892.0], [3165.5, 40000.0]], "asks": [[3174.0, 3303.0], [3174.25, 19030.0], [3174.5, 1250.0], [3175.25, 1688.0], [3175.5, 5579.0], [3175.75, 14722.0], [3176.0, 1688.0], [3176.25, 1688.0], [3176.5, 10671.0], [3176.75, 25132.0], [3180.25, 7361.0], [3180.5, 24660.0], [3183.0, 400.0], [3183.5, 89412.0], [3184.75, 49830.0], [3185.25, 1112.0], [3189.25, 40000.0], [3190.25, 74987.0], [3190.5, 45.0], [3193.0, 16.0]]}}}
{"jsonrpc": "2.0", "method": "subscription", "params": {"channel": "book.ETH-21NOV25.none.20.100ms", "data": {"timestamp": 1763184142339, "change_id": 96954829101, "instrument_name": "ETH-21NOV25", "bids": [[3173.75, 2624.0], [3173.5, 5853.0], [3173.25, 388.0], [3173.0, 1300.0], [3172.75, 388.0], [3172.5, 1300.0], [3172.25, 80.0], [3172.0, 3696.0], [3171.75, 12382.0], [3170.0, 6306.0], [3169.75, 21625.0], [3169.5, 4256.0], [3169.25, 14259.0], [3167.0, 7398.0], [3166.75, 24785.0], [3166.5, 328.0], [3166.25, 2413.0], [3166.0, 9653.0], [3165.75, 26892.0], [3165.5, 40000.0]], "asks": [[3174.25, 22253.0], [3174.5, 1250.0], [3175.0, 80.0], [3175.25, 388.0], [3175.5, 5579.0], [3175.75, 14722.0], [3176.0, 1688.0], [3176.25, 1688.0], [3176.5, 10671.0], [3176.75, 25132.0], [3180.25, 7361.0], [3180.5, 24660.0], [3183.0, 400.0], [3183.5, 89412.0], [3184.75, 49830.0], [3185.25, 1112.0], [3189.25, 40000.0], [3190.25, 74987.0], [3190.5, 45.0], [3193.0, 16.0]]}}}
{"jsonrpc": "2.0", "method": "subscription", "params": {"channel": "book.ETH-21NOV25.none.20.100ms", "data": {"timestamp": 1763184142563, "change_id": 96954829350, "instrument_name": "ETH-21NOV25", "bids": [[3173.75, 2624.0], [3173.5, 5853.0], [3173.25, 388.0], [3173.0, 1300.0], [3172.75, 80.0], [3172.25, 1300.0], [3172.0, 3696.0], [3171.75, 12382.0], [3170.0, 6306.0], [3169.75, 21625.0], [3169.5, 4256.0], [3169.25, 14259.0], [3167.0, 7398.0], [3166.75, 24785.0], [3166.5, 328.0], [3166.25, 2413.0], [3166.0, 9653.0], [3165.75, 26892.0], [3165.5, 40000.0], [3165.0, 400.0]], "asks": [[3174.25, 22253.0], [3174.5, 1250.0], [3175.0, 80.0], [3175.25, 388.0], [3175.5, 5579.0], [3175.75, 14722.0], [3176.0, 1688.0], [3176.25, 1688.0], [3176.5, 10671.0], [3176.75, 25132.0], [3180.25, 7361.0], [3180.5, 24660.0], [3183.0, 400.0], [3183.5, 89412.0], [3184.75, 49830.0], [3185.25, 1112.0], [3189.25, 40000.0], [3190.25, 74987.0], [3190.5, 45.0], [3193.0, 16.0]]}}}
{"jsonrpc": "2.0", "method": "subscription", "params": {"channel": "book.ETH-21NOV25.none.20.100ms", "data": {"timestamp": 1763184143553, "change_id": 96954830618, "instrument_name": "ETH-21NOV25", "bids": [[3173.75, 2624.0], [3173.5, 5853.0], [3173.25, 388.0], [3173.0, 1300.0], [3172.75, 80.0], [3172.5, 388.0], [3172.25, 1300.0], [3172.0, 4996.0], [3171.75, 12382.0], [3170.0, 6306.0], [3169.75, 21625.0], [3169.5, 4256.0], [3169.25, 14259.0], [3167.0, 7398.0], [3166.75, 24785.0], [3166.5, 328.0], [3166.25, 2413.0], [3166.0, 4401.0], [3165.75, 26892.0], [3165.5, 40000.0]], "asks": [[3174.25, 22253.0], [3174.5, 1250.0], [3175.0, 80.0], [3175.25, 388.0], [3175.5, 5579.0], [3175.75, 14722.0], [3176.0, 1688.0], [3176.25, 1688.0], [3176.5, 10671.0], [3176.75, 25132.0], [3180.25, 7361.0], [3180.5, 24660.0], [3183.0, 400.0], [3183.5, 89412.0], [3184.75, 49830.0], [3185.25, 1112.0], [3189.25, 40000.0], [3190.25, 74987.0], [3190.5, 45.0], [3193.0, 16.0]]}}}
{"jsonrpc": "2.0", "method": "subscription", "params": {"channel": "book.ETH-21NOV25.none.20.100ms", "data": {"timestamp": 1763184144069, "change_id": 96954831318, "instrument_name": "ETH-21NOV25", "bids": [[3173.75, 1300.0], [3173.5, 5853.0], [3173.25, 388.0], [3173.0, 1300.0], [3172.75, 80.0], [3172.5, 388.0], [3172.25, 1300.0], [3172.0, 4996.0], [3171.75, 12382.0], [3170.0, 6306.0], [3169.75, 21625.0], [3169.5, 4256.0], [3169.25, 14259.0], [3167.0, 7398.0], [3166.75, 24785.0], [3166.5, 328.0], [3166.25, 2413.0], [3166.0, 4401.0], [3165.75, 26892.0], [3165.5, 40000.0]], "asks": [[3174.0, 3303.0], [3174.25, 18950.0], [3174.5, 1250.0], [3175.0, 80.0], [3175.25, 388.0], [3175.5, 5579.0], [3175.75, 14722.0], [3176.0, 1688.0], [3176.25, 1688.0], [3176.5, 10671.0], [3176.75, 25132.0], [3180.25, 7361.0], [3180.5, 24660.0], [3183.0, 400.0], [3183.5, 89412.0], [3184.75, 49830.0], [3185.25, 1112.0], [3189.25, 40000.0], [3190.25, 74987.0], [3190.5, 45.0]]}}}
{"jsonrpc": "2.0", "method": "subscription", "params": {"channel": "book.ETH-21NOV25.none.20.100ms", "data": {"timestamp": 1763184144543, "change_id": 96954831654, "instrument_name": "ETH-21NOV25", "bids": [[3173.75, 1300.0], [3173.5, 5853.0], [3173.25, 388.0], [3173.0, 1712.0], [3172.75, 1380.0], [3172.5, 388.0], [3172.25, 1688.0], [3172.0, 4996.0], [3171.75, 12382.0], [3170.0, 6306.0], [3169.75, 21625.0], [3169.5, 4256.0], [3169.25, 14259.0], [3167.0, 7398.0], [3166.75, 24785.0], [3166.5, 328.0], [3166.25, 2413.0], [3166.0, 4401.0], [3165.75, 26892.0], [3165.5, 40000.0]], "asks": [[3174.0, 3303.0], [3174.25, 18950.0], [3174.5, 1250.0], [3175.0, 80.0], [3175.25, 388.0], [3175.5, 5579.0], [3175.75, 14722.0], [3176.0, 1688.0], [3176.25, 1688.0], [3176.5, 10671.0], [3176.75, 25132.0], [3180.25, 7361.0], [3180.5, 24660.0], [3183.0, 400.0], [3183.5, 89412.0], [3184.75, 49830.0], [3185.25, 1112.0], [3189.25, 40000.0], [3190.25, 74987.0], [3190.5, 45.0]]}}}
{"jsonrpc": "2.0", "method": "subscription", "params": {"channel": "book.ETH-21NOV25.none.20.100ms", "data": {"timestamp": 1763184145288, "change_id": 96954832659, "instrument_name": "ETH-21NOV25", "bids": [[3173.75, 2941.0], [3173.5, 5853.0], [3173.25, 388.0], [3173.0, 1712.0], [3172.75, 1380.0], [3172.5, 388.0], [3172.25, 1688.0], [3172.0, 13682.0], [3170.0, 6306.0], [3169.75, 21625.0], [3169.5, 4256.0], [3169.25, 14259.0], [3167.25, 24785.0], [3166.5, 328.0], [3166.25, 2413.0], [3166.0, 4401.0], [3165.75, 26892.0], [3165.5, 40000.0], [3165.0, 400.0], [3164.75, 25390.0]], "asks": [[3174.25, 22253.0], [3174.5, 1250.0], [3175.0, 80.0], [3175.25, 388.0], [3175.5, 5579.0], [3175.75, 14722.0], [3176.0, 1688.0], [3176.25, 1688.0], [3176.5, 10671.0], [3176.75, 25132.0], [3180.25, 7361.0], [3180.5, 24660.0], [3183.0, 400.0], [3183.5, 89412.0], [3184.75, 49830.0], [3185.25, 1112.0], [3189.25, 40000.0], [3190.25, 74987.0], [3190.5, 45.0], [3193.0, 16.0]]}}}
{"jsonrpc": "2.0", "method": "subscription", "params": {"channel": "book.ETH-21NOV25.none.20.100ms", "data": {"timestamp": 1763184145549, "change_id": 96954832921, "instrument_name": "ETH-21NOV25", "bids": [[3173.75, 2941.0], [3173.5, 5853.0], [3173.25, 388.0], [3173.0, 1712.0], [3172.75, 1380.0], [3172.5, 1688.0], [3172.25, 4946.0], [3172.0, 12382.0], [3170.0, 6306.0], [3169.75, 21625.0], [3169.5, 4256.0], [3169.25, 14259.0], [3167.5, 7398.0], [3167.25, 24785.0], [3166.5, 328.0], [3166.25, 2413.0], [3166.0, 4401.0], [3165.75, 26892.0], [3165.5, 40000.0], [3165.0, 400.0]], "asks": [[3174.25, 22253.0], [3174.5, 1250.0], [3175.0, 80.0], [3175.25, 388.0], [3175.5, 5579.0], [3175.75, 14722.0], [3176.0, 1688.0], [3176.25, 1688.0], [3176.5, 10671.0], [3176.75, 25132.0], [3180.25, 7361.0], [3180.5, 24660.0], [3183.0, 400.0], [3183.5, 89412.0], [3184.75, 49830.0], [3185.25, 1112.0], [3189.25, 40000.0], [3190.25, 74987.0], [3190.5, 45.0], [3193.0, 16.0]]}}}
{"jsonrpc": "2.0", "method": "subscription", "params": {"channel": "book.ETH-21NOV25.none.20.100ms", "data": {"timestamp": 1763184145956, "change_id": 96954833325, "instrument_name": "ETH-21NOV25", "bids": [[3173.75, 2941.0], [3173.5, 5853.0], [3173.25, 388.0], [3173.0, 1712.0], [3172.75, 1380.0], [3172.5, 1688.0], [3172.25, 4946.0], [3172.0, 12382.0], [3170.0, 6306.0], [3169.75, 21625.0], [3169.5, 4256.0], [3169.25, 14259.0], [3167.5, 7398.0], [3167.25, 24785.0], [3166.5, 328.0], [3166.25, 2413.0], [3166.0, 4401.0], [3165.75, 26892.0], [3165.5, 40000.0], [3165.0, 400.0]], "asks": [[3174.25, 22253.0], [3174.5, 1250.0], [3175.0, 80.0], [3175.25, 388.0], [3175.5, 1300.0], [3175.75, 388.0], [3176.0, 1688.0], [3176.25, 1688.0], [3176.5, 10671.0], [3176.75, 38983.0], [3180.25, 7361.0], [3180.5, 24660.0], [3183.0, 400.0], [3183.5, 89412.0], [3184.75, 49830.0], [3185.25, 1112.0], [3189.25, 40000.0], [3190.25, 74987.0], [3190.5, 45.0], [3193.0, 16.0]]}}}
{"jsonrpc": "2.0", "method": "subscription", "params": {"channel": "book.ETH-21NOV25.none.20.100ms", "data": {"timestamp": 1763184146900, "change_id": 96954834468, "instrument_name": "ETH-21NOV25", "bids": [[3173.75, 2941.0], [3173.5, 5853.0], [3173.25, 388.0], [3173.0, 1712.0], [3172.75, 1768.0], [3172.5, 1688.0], [3172.25, 1300.0], [3170.5, 3696.0], [3170.25, 12382.0], [3170.0, 6306.0], [3169.75, 21625.0], [3169.5, 4256.0], [3169.25, 14259.0], [3167.75, 7398.0], [3167.5, 24785.0], [3166.5, 328.0], [3166.25, 2413.0], [3166.0, 9653.0], [3165.75, 26892.0], [3165.5, 40000.0]], "asks": [[3174.25, 22253.0], [3174.5, 1250.0], [3175.0, 80.0], [3175.25, 388.0], [3175.5, 1300.0], [3175.75, 388.0], [3176.0, 1688.0], [3176.25, 1688.0], [3176.5, 10671.0], [3176.75, 38983.0], [3180.25, 7361.0], [3180.5, 24660.0], [3183.0, 400.0], [3183.5, 89412.0], [3184.75, 49830.0], [3185.25, 1112.0], [3189.25, 40000.0], [3190.25, 74987.0], [3190.5, 45.0], [3193.0, 16.0]]}}}
{"jsonrpc": "2.0", "method": "subscription", "params": {"channel": "book.ETH-21NOV25.none.20.100ms", "data": {"timestamp": 1763184147057, "change_id": 96954834761, "instrument_name": "ETH-21NOV25", "bids": [[3173.75, 2941.0], [3173.5, 5853.0], [3173.25, 388.0], [3173.0, 1712.0], [3172.75, 1380.0], [3172.5, 388.0], [3172.25, 1300.0], [3170.5, 3696.0], [3170.25, 12382.0], [3170.0, 6306.0], [3169.75, 21625.0], [3169.5, 4256.0], [3169.25, 14259.0], [3167.75, 7398.0], [3167.5, 24785.0], [3166.5, 328.0], [3166.25, 2413.0], [3166.0, 9653.0], [3165.75, 26892.0], [3165.5, 40000.0]], "asks": [[3174.25, 22253.0], [3174.5, 1250.0], [3175.0, 80.0], [3175.25, 388.0], [3175.5, 1300.0], [3175.75, 388.0], [3176.0, 1688.0], [3176.25, 1688.0], [3176.5, 10671.0], [3176.75, 38983.0], [3180.25, 7361.0], [3180.5, 24660.0], [3183.0, 400.0], [3183.5, 89412.0], [3184.75, 49830.0], [3185.25, 1112.0], [3189.25, 40000.0], [3190.25, 74987.0], [3190.5, 45.0], [3193.0, 16.0]]}}}
{"jsonrpc": "2.0", "method": "subscription", "params": {"channel": "book.ETH-21NOV25.none.20.100ms", "data": {"timestamp": 1763184147523, "change_id": 96954835066, "instrument_name": "ETH-21NOV25", "bids": [[3173.75, 2941.0], [3173.5, 6241.0], [3173.25, 1688.0], [3173.0, 1300.0], [3172.75, 80.0], [3170.5, 3696.0], [3170.25, 12382.0], [3170.0, 6306.0], [3169.75, 21625.0], [3169.5, 4256.0], [3169.25, 14259.0], [3167.75, 7398.0], [3167.5, 24785.0], [3166.5, 328.0], [3166.25, 2413.0], [3166.0, 9653.0], [3165.75, 26892.0], [3165.5, 40000.0], [3165.0, 400.0], [3164.75, 25390.0]], "asks": [[3174.25, 22253.0], [3174.5, 1250.0], [3175.0, 80.0], [3175.25, 388.0], [3175.5, 1300.0], [3175.75, 388.0], [3176.0, 1688.0], [3176.25, 1688.0], [3176.5, 10671.0], [3176.75, 38983.0], [3180.25, 7361.0], [3180.5, 24660.0], [3183.0, 400.0], [3183.5, 89412.0], [3184.75, 49830.0], [3185.25, 1112.0], [3189.25, 40000.0], [3190.25, 74987.0], [3190.5, 45.0], [3193.0, 16.0]]}}}
{"jsonrpc": "2.0", "method": "subscription", "params": {"channel": "book.ETH-21NOV25.none.20.100ms", "data": {"timestamp": 1763184148511, "change_id": 96954836339, "instrument_name": "ETH-21NOV25", "bids": [[3173.75, 4941.0], [3173.5, 1300.0], [3173.25, 388.0], [3173.0, 1300.0], [3172.75, 80.0], [3170.5, 3696.0], [3170.25, 12382.0], [3170.0, 6306.0], [3169.75, 21625.0], [3169.5, 4256.0], [3169.25, 14259.0], [3167.75, 7398.0], [3167.5, 24785.0], [3166.5, 328.0], [3166.25, 2413.0], [3166.0, 9653.0], [3165.75, 26892.0], [3165.5, 40000.0], [3165.0, 400.0], [3164.75, 25390.0]], "asks": [[3174.25, 19385.0], [3174.5, 3303.0], [3174.75, 397.0], [3175.0, 1330.0], [3175.25, 388.0], [3175.5, 1300.0], [3175.75, 388.0], [3176.0, 1688.0], [3176.25, 1688.0], [3176.5, 10671.0], [3176.75, 38983.0], [3180.25, 7361.0], [3180.5, 24660.0], [3183.0, 400.0], [3183.5, 89412.0], [3184.75, 49830.0], [3185.25, 1112.0], [3189.25, 40000.0], [3190.25, 74987.0], [3190.5, 45.0]]}}}
{"jsonrpc": "2.0", "method": "subscription", "params": {"channel": "book.ETH-21NOV25.none.20.100ms", "data": {"timestamp": 1763184148776, "change_id": 96954836864, "instrument_name": "ETH-21NOV25", "bids": [[3173.75, 4941.0], [3173.5, 1300.0], [3173.25, 388.0], [3173.0, 1300.0], [3172.75, 80.0], [3170.5, 3696.0], [3170.25, 12382.0], [3170.0, 6306.0], [3169.75, 21625.0], [3169.5, 4256.0], [3169.25, 14259.0], [3167.75, 7398.0], [3167.5, 24785.0], [3166.5, 328.0], [3166.25, 2413.0], [3166.0, 9653.0], [3165.75, 26892.0], [3165.5, 40000.0], [3165.0, 400.0], [3164.75, 25390.0]], "asks": [[3174.25, 808.0], [3174.5, 3303.0], [3174.75, 397.0], [3175.0, 1330.0], [3175.25, 388.0], [3175.5, 1300.0], [3175.75, 388.0], [3176.0, 1688.0], [3176.25, 1688.0], [3176.5, 10671.0], [3176.75, 38983.0], [3180.25, 7361.0], [3180.5, 24660.0], [3183.0, 400.0], [3183.5, 89412.0], [3184.75, 49830.0], [3185.25, 1112.0], [3189.25, 40000.0], [3190.25, 74987.0], [3190.5, 45.0]]}}}
{"jsonrpc": "2.0", "method": "subscription", "params": {"channel": "book.ETH-21NOV25.none.20.100ms", "data": {"timestamp": 1763184149137, "change_id": 96954837368, "instrument_name": "ETH-21NOV25", "bids": [[3173.75, 4941.0], [3173.5, 1300.0], [3173.25, 388.0], [3173.0, 1300.0], [3172.75, 80.0], [3170.5, 3696.0], [3170.25, 12382.0], [3170.0, 6306.0], [3169.75, 21625.0], [3169.5, 4256.0], [3169.25, 14259.0], [3167.75, 7398.0], [3167.5, 24785.0], [3166.5, 328.0], [3166.25, 2413.0], [3166.0, 9653.0], [3165.75, 26892.0], [3165.5, 40000.0], [3165.0, 400.0], [3164.75, 25390.0]], "asks": [[3174.25, 7749.0], [3174.5, 3303.0], [3174.75, 397.0], [3175.0, 1330.0], [3175.25, 388.0], [3175.5, 1300.0], [3175.75, 388.0], [3176.0, 1688.0], [3176.25, 1688.0], [3176.5, 10671.0], [3176.75, 38983.0], [3180.25, 7361.0], [3180.5, 24660.0], [3183.0, 400.0], [3183.5, 89412.0], [3184.75, 49830.0], [3185.25, 1112.0], [3189.25, 40000.0], [3190.25, 74987.0], [3190.5, 45.0]]}}}
{"jsonrpc": "2.0", "method": "subscription", "params": {"channel": "book.ETH-21NOV25.none.20.100ms", "data": {"timestamp": 1763184149486, "change_id": 96954837579, "instrument_name": "ETH-21NOV25", "bids": [[3173.75, 6241.0], [3173.5, 1300.0], [3173.25, 388.0], [3173.0, 1300.0], [3172.75, 80.0], [3170.5, 3696.0], [3170.25, 12382.0], [3170.0, 6306.0], [3169.75, 21625.0], [3169.5, 4256.0], [3169.25, 14259.0], [3167.75, 7398.0], [3167.5, 24785.0], [3166.5, 328.0], [3166.25, 2413.0], [3166.0, 9653.0], [3165.75, 26892.0], [3165.5, 40000.0], [3165.0, 400.0], [3164.75, 25390.0]], "asks": [[3174.25, 7749.0], [3174.5, 3303.0], [3174.75, 397.0], [3175.0, 1330.0], [3175.25, 388.0], [3175.5, 1688.0], [3175.75, 1688.0], [3176.0, 1688.0], [3176.25, 1688.0], [3176.5, 10671.0], [3176.75, 38983.0], [3180.25, 7361.0], [3180.5, 24660.0], [3183.0, 400.0], [3183.5, 89412.0], [3184.75, 49830.0], [3185.25, 1112.0], [3189.25, 40000.0], [3190.25, 74987.0], [3190.5, 45.0]]}}}
{"jsonrpc": "2.0", "method": "subscription", "params": {"channel": "book.ETH-21NOV25.none.20.100ms", "data": {"timestamp": 1763184150489, "change_id": 96954838758, "instrument_name": "ETH-21NOV25", "bids": [[3173.75, 4941.0], [3173.5, 1300.0], [3173.25, 388.0], [3173.0, 1300.0], [3172.75, 80.0], [3170.5, 3696.0], [3170.25, 12382.0], [3170.0, 6306.0], [3169.75, 21625.0], [3169.5, 4256.0], [3169.25, 14259.0], [3167.75, 7398.0], [3167.5, 24785.0], [3166.5, 328.0], [3166.25, 2413.0], [3166.0, 9653.0], [3165.75, 26892.0], [3165.5, 40000.0], [3165.0, 400.0], [3164.75, 25390.0]], "asks": [[3174.25, 7749.0], [3174.5, 3303.0], [3174.75, 397.0], [3175.0, 1330.0], [3175.25, 388.0], [3175.5, 1688.0], [3175.75, 1688.0], [3176.0, 1688.0], [3176.25, 1688.0], [3176.5, 10671.0], [3176.75, 38983.0], [3180.25, 7361.0], [3180.5, 24660.0], [3183.0, 400.0], [3183.5, 89412.0], [3184.75, 49830.0], [3185.25, 1112.0], [3189.25, 40000.0], [3190.25, 74987.0], [3190.5, 45.0]]}}}
{"jsonrpc": "2.0", "method": "subscription", "params": {"channel": "book.ETH-21NOV25.none.20.100ms", "data": {"timestamp": 1763184150880, "change_id": 96954839270, "instrument_name": "ETH-21NOV25", "bids": [[3173.75, 4941.0], [3173.5, 1300.0], [3173.25, 388.0], [3173.0, 1300.0], [3172.75, 80.0], [3170.5, 3696.0], [3170.25, 12382.0], [3170.0, 6306.0], [3169.75, 21625.0], [3169.5, 4256.0], [3169.25, 14259.0], [3167.75, 7398.0], [3167.5, 24785.0], [3166.5, 328.0], [3166.25, 2413.0], [3166.0, 9653.0], [3165.75, 26892.0], [3165.5, 40000.0], [3165.0, 400.0], [3164.75, 25390.0]], "asks": [[3174.25, 7749.0], [3174.5, 3303.0], [3174.75, 1250.0], [3175.0, 80.0], [3175.25, 388.0], [3175.5, 1688.0], [3175.75, 1688.0], [3176.0, 1688.0], [3176.25, 1688.0], [3176.5, 10671.0], [3176.75, 38983.0], [3180.25, 7361.0], [3180.5, 24660.0], [3183.0, 400.0], [3183.5, 89412.0], [3184.75, 49830.0], [3185.25, 1112.0], [3189.25, 40000.0], [3190.25, 74987.0], [3190.5, 45.0]]}}}
{"jsonrpc": "2.0", "method": "subscription", "params": {"channel": "book.ETH-21NOV25.none.20.100ms", "data": {"timestamp": 1763184151173, "change_id": 96954839726, "instrument_name": "ETH-21NOV25", "bids": [[3173.75, 4941.0], [3173.5, 1300.0], [3173.25, 388.0], [3173.0, 1300.0], [3172.75, 80.0], [3171.0, 3696.0], [3170.75, 12382.0], [3170.0, 6306.0], [3169.75, 21625.0], [3169.5, 4256.0], [3169.25, 14259.0], [3168.25, 7398.0], [3168.0, 24785.0], [3166.5, 328.0], [3166.25, 2413.0], [3166.0, 9653.0], [3165.75, 26892.0], [3165.5, 40000.0], [3165.0, 400.0], [3164.75, 25390.0]], "asks": [[3174.25, 7749.0], [3174.5, 3303.0], [3174.75, 1250.0], [3175.0, 80.0], [3175.25, 388.0], [3175.5, 1688.0], [3175.75, 1688.0], [3176.0, 1688.0], [3176.25, 1688.0], [3176.5, 10671.0], [3176.75, 38983.0], [3180.25, 7361.0], [3180.5, 24660.0], [3183.0, 400.0], [3183.5, 89412.0], [3184.75, 49830.0], [3185.25, 1112.0], [3189.25, 40000.0], [3190.25, 74987.0], [3190.5, 45.0]]}}}
{"jsonrpc": "2.0", "method": "subscription", "params": {"channel": "book.ETH-21NOV25.none.20.100ms", "data": {"timestamp": 1763184151555, "change_id": 96954840075, "instrument_name": "ETH-21NOV25", "bids": [[3173.75, 3874.0], [3173.5, 4603.0], [3173.25, 388.0], [3173.0, 1300.0], [3172.75, 80.0], [3171.0, 3696.0], [3170.75, 12382.0], [3170.0, 6306.0], [3169.75, 21625.0], [3169.5, 4256.0], [3169.25, 14259.0], [3168.25, 7398.0], [3168.0, 24785.0], [3166.5, 328.0], [3166.25, 2413.0], [3166.0, 9653.0], [3165.75, 26892.0], [3165.5, 40000.0], [3165.0, 400.0], [3164.75, 25390.0]], "asks": [[3174.25, 11052.0], [3174.75, 1250.0], [3175.0, 80.0], [3175.25, 388.0], [3175.5, 1688.0], [3175.75, 1688.0], [3176.0, 1688.0], [3176.25, 1688.0], [3176.5, 10671.0], [3176.75, 38983.0], [3180.25, 7361.0], [3180.5, 24660.0], [3183.0, 400.0], [3183.5, 89412.0], [3184.75, 49830.0], [3185.25, 1112.0], [3189.25, 40000.0], [3190.25, 74987.0], [3190.5, 45.0], [3193.0, 16.0]]}}}
{"jsonrpc": "2.0", "method": "subscription", "params": {"channel": "book.ETH-21NOV25.none.20.100ms", "data": {"timestamp": 1763184151930, "change_id": 96954840639, "instrument_name": "ETH-21NOV25", "bids": [[3173.75, 6241.0], [3173.5, 1300.0], [3173.25, 388.0], [3173.0, 1300.0], [3172.75, 80.0], [3171.25, 12382.0], [3170.0, 6306.0], [3169.75, 21625.0], [3169.5, 4256.0], [3169.25, 14259.0], [3168.5, 24785.0], [3166.5, 328.0], [3166.25, 2413.0], [3166.0, 9653.0], [3165.75, 26892.0], [3165.5, 40000.0], [3165.0, 400.0], [3164.75, 25390.0], [3164.25, 11.0], [3163.5, 49807.0]], "asks": [[3174.25, 6941.0], [3174.5, 3676.0], [3175.0, 80.0], [3175.25, 388.0], [3175.5, 1688.0], [3175.75, 1688.0], [3176.0, 1688.0], [3176.25, 1688.0], [3176.5, 10671.0], [3176.75, 38983.0], [3180.25, 7361.0], [3180.5, 24660.0], [3183.0, 400.0], [3183.5, 89412.0], [3184.75, 49830.0], [3185.25, 1112.0], [3189.25, 40000.0], [3190.25, 74987.0], [3190.5, 45.0], [3193.0, 16.0]]}}}
{"jsonrpc": "2.0", "method": "subscription", "params": {"channel": "book.ETH-21NOV25.none.20.100ms", "data": {"timestamp": 1763184152139, "change_id": 96954841074, "instrument_name": "ETH-21NOV25", "bids": [[3173.75, 6241.0], [3173.5, 1300.0], [3173.25, 388.0], [3173.0, 1300.0], [3172.75, 80.0], [3171.25, 12382.0], [3170.0, 6306.0], [3169.75, 21625.0], [3169.5, 4256.0], [3169.25, 14259.0], [3168.5, 24785.0], [3166.5, 328.0], [3166.25, 2413.0], [3166.0, 9653.0], [3165.75, 26892.0], [3165.5, 40000.0], [3165.0, 400.0], [3164.75, 25390.0], [3164.25, 11.0], [3163.5, 49807.0]], "asks": [[3174.25, 10244.0], [3174.75, 397.0], [3175.0, 1330.0], [3175.25, 388.0], [3175.5, 1688.0], [3175.75, 1688.0], [3176.0, 1688.0], [3176.25, 1688.0], [3176.5, 10671.0], [3176.75, 38983.0], [3180.25, 7361.0], [3180.5, 24660.0], [3183.0, 400.0], [3183.5, 89412.0], [3184.75, 49830.0], [3185.25, 1112.0], [3189.25, 40000.0], [3190.25, 74987.0], [3190.5, 45.0], [3193.0, 16.0]]}}}
{"jsonrpc": "2.0", "method": "subscription", "params": {"channel": "book.ETH-21NOV25.none.20.100ms", "data": {"timestamp": 1763184152467, "change_id": 96954841286, "instrument_name": "ETH-21NOV25", "bids": [[3173.75, 4941.0], [3173.5, 1300.0], [3173.25, 388.0], [3173.0, 1300.0], [3172.75, 80.0], [3171.5, 1300.0], [3171.25, 12382.0], [3170.0, 6306.0], [3169.75, 21625.0], [3169.5, 4256.0], [3169.25, 14259.0], [3168.5, 24785.0], [3166.5, 328.0], [3166.25, 2413.0], [3166.0, 9653.0], [3165.75, 26892.0], [3165.5, 40000.0], [3165.0, 400.0], [3164.75, 25390.0], [3164.25, 11.0]], "asks": [[3174.25, 3303.0], [3174.75, 397.0], [3175.0, 1330.0], [3175.25, 388.0], [3175.5, 1688.0], [3175.75, 1688.0], [3176.0, 1688.0], [3176.25, 1688.0], [3176.5, 10671.0], [3176.75, 38983.0], [3180.25, 7361.0], [3180.5, 24660.0], [3183.0, 400.0], [3183.5, 89412.0], [3184.75, 49830.0], [3185.25, 1112.0], [3189.25, 40000.0], [3190.25, 74987.0], [3190.5, 45.0], [3193.0, 16.0]]}}}
{"jsonrpc": "2.0", "method": "subscription", "params": {"channel": "book.ETH-21NOV25.none.20.100ms", "data": {"timestamp": 1763184152633, "change_id": 96954841474, "instrument_name": "ETH-21NOV25", "bids": [[3173.75, 4941.0], [3173.5, 1300.0], [3173.25, 388.0], [3173.0, 1300.0], [3172.75, 80.0], [3171.75, 388.0], [3171.5, 1300.0], [3171.25, 12382.0], [3170.0, 6306.0], [3169.75, 21625.0], [3169.5, 4256.0], [3169.25, 14259.0], [3168.75, 7398.0], [3168.5, 24785.0], [3166.5, 328.0], [3166.25, 2413.0], [3166.0, 9653.0], [3165.75, 26892.0], [3165.5, 40000.0], [3165.0, 400.0]], "asks": [[3174.25, 3303.0], [3174.5, 25553.0], [3174.75, 397.0], [3175.0, 1330.0], [3175.25, 388.0], [3175.5, 1688.0], [3175.75, 1688.0], [3176.0, 1688.0], [3176.25, 1688.0], [3176.5, 10671.0], [3176.75, 38983.0], [3180.25, 7361.0], [3180.5, 24660.0], [3183.0, 400.0], [3183.5, 89412.0], [3184.75, 49830.0], [3185.25, 1112.0], [3189.25, 40000.0], [3190.25, 74987.0], [3190.5, 45.0]]}}}
{"jsonrpc": "2.0", "method": "subscription", "params": {"channel": "book.ETH-21NOV25.none.20.100ms", "data": {"timestamp": 1763184153494, "change_id": 96954842439, "instrument_name": "ETH-21NOV25", "bids": [[3173.75, 6241.0], [3173.5, 1300.0], [3173.25, 388.0], [3173.0, 1300.0], [3172.75, 80.0], [3172.0, 1300.0], [3171.75, 388.0], [3171.5, 1300.0], [3171.25, 12382.0], [3170.25, 328.0], [3170.0, 7405.0], [3169.75, 21625.0], [3169.5, 4256.0], [3169.25, 14259.0], [3168.75, 7398.0], [3168.5, 24785.0], [3166.25, 1314.0], [3166.0, 9653.0], [3165.75, 26892.0], [3165.5, 40000.0]], "asks": [[3174.25, 3303.0], [3174.5, 25553.0], [3174.75, 397.0], [3175.0, 1330.0], [3175.25, 388.0], [3175.5, 1688.0], [3175.75, 1688.0], [3176.0, 1688.0], [3176.25, 1688.0], [3176.5, 10671.0], [3176.75, 38983.0], [3180.25, 7361.0], [3180.5, 24660.0], [3183.0, 400.0], [3183.5, 89412.0], [3184.75, 49830.0], [3185.25, 1112.0], [3189.25, 40000.0], [3190.25, 74987.0], [3190.5, 45.0]]}}}
{"jsonrpc": "2.0", "method": "subscription", "params": {"channel": "book.ETH-21NOV25.none.20.100ms", "data": {"timestamp": 1763184153860, "change_id": 96954842932, "instrument_name": "ETH-21NOV25", "bids": [[3173.75, 3874.0], [3173.5, 4603.0], [3173.25, 388.0], [3173.0, 1300.0], [3172.75, 80.0], [3172.25, 388.0], [3172.0, 1300.0], [3171.75, 388.0], [3171.5, 1300.0], [3171.25, 12382.0], [3170.25, 328.0], [3170.0, 7405.0], [3169.75, 21625.0], [3169.5, 4256.0], [3169.25, 14259.0], [3168.75, 7398.0], [3168.5, 24785.0], [3166.25, 1314.0], [3166.0, 9653.0], [3165.75, 26892.0]], "asks": [[3174.25, 3303.0], [3174.5, 25553.0], [3174.75, 397.0], [3175.0, 1330.0], [3175.25, 388.0], [3175.5, 1688.0], [3175.75, 1688.0], [3176.0, 1688.0], [3176.25, 1688.0], [3176.5, 10671.0], [3176.75, 38983.0], [3180.25, 7361.0], [3180.5, 24660.0], [3183.0, 400.0], [3183.5, 89412.0], [3184.75, 49830.0], [3185.25, 1112.0], [3189.25, 40000.0], [3190.25, 74987.0], [3190.5, 45.0]]}}}
{"jsonrpc": "2.0", "method": "subscription", "params": {"channel": "book.ETH-21NOV25.none.20.100ms", "data": {"timestamp": 1763184154293, "change_id": 96954843455, "instrument_name": "ETH-21NOV25", "bids": [[3173.75, 3874.0], [3173.5, 4603.0], [3173.25, 388.0], [3173.0, 1300.0], [3172.75, 80.0], [3172.5, 1300.0], [3172.25, 388.0], [3172.0, 1300.0], [3171.75, 388.0], [3171.5, 1300.0], [3171.25, 12382.0], [3170.25, 328.0], [3170.0, 7405.0], [3169.75, 21625.0], [3169.5, 4256.0], [3169.25, 14259.0], [3168.75, 7398.0], [3168.5, 24785.0], [3166.25, 1314.0], [3166.0, 9653.0]], "asks": [[3174.25, 3303.0], [3174.5, 25553.0], [3174.75, 397.0], [3175.0, 1330.0], [3175.25, 388.0], [3175.5, 1688.0], [3175.75, 1688.0], [3176.0, 1688.0], [3176.25, 1688.0], [3176.5, 10671.0], [3176.75, 38983.0], [3180.25, 7361.0], [3180.5, 24660.0], [3183.0, 400.0], [3183.5, 89412.0], [3184.75, 49830.0], [3185.25, 1112.0], [3189.25, 40000.0], [3190.25, 74987.0], [3190.5, 45.0]]}}}
{"jsonrpc": "2.0", "method": "subscription", "params": {"channel": "book.ETH-21NOV25.none.20.100ms", "data": {"timestamp": 1763184157174, "change_id": 96954846912, "instrument_name": "ETH-21NOV25", "bids": [[3173.75, 3874.0], [3173.5, 4603.0], [3173.25, 388.0], [3173.0, 1300.0], [3172.75, 468.0], [3172.5, 1300.0], [3172.25, 388.0], [3172.0, 1300.0], [3171.75, 12770.0], [3171.5, 1300.0], [3170.25, 328.0], [3170.0, 7405.0], [3169.75, 21625.0], [3169.5, 11111.0], [3169.25, 39044.0], [3166.25, 1314.0], [3166.0, 9653.0], [3165.75, 26892.0], [3165.5, 40000.0], [3165.0, 400.0]], "asks": [[3174.25, 3303.0], [3174.5, 25553.0], [3174.75, 397.0], [3175.0, 1330.0], [3175.25, 388.0], [3175.5, 1688.0], [3175.75, 1688.0], [3176.0, 1688.0], [3176.25, 1688.0], [3176.5, 10671.0], [3176.75, 38983.0], [3180.25, 7361.0], [3180.5, 24660.0], [3183.0, 400.0], [3183.5, 89412.0], [3184.75, 49830.0], [3185.25, 1112.0], [3189.25, 40000.0], [3190.25, 74987.0], [3190.5, 45.0]]}}}
{"jsonrpc": "2.0", "method": "subscription", "params": {"channel": "book.ETH-21NOV25.none.20.100ms", "data": {"timestamp": 1763184157257, "change_id": 96954847013, "instrument_name": "ETH-21NOV25", "bids": [[3173.75, 3874.0], [3173.5, 4603.0], [3173.25, 388.0], [3173.0, 1300.0], [3172.75, 468.0], [3172.5, 1300.0], [3172.25, 388.0], [3172.0, 1300.0], [3171.75, 12770.0], [3170.25, 328.0], [3170.0, 7405.0], [3169.75, 21625.0], [3169.5, 11111.0], [3169.25, 39044.0], [3166.25, 1314.0], [3166.0, 9653.0], [3165.75, 26892.0], [3165.5, 40000.0], [3165.0, 400.0], [3164.75, 25390.0]], "asks": [[3174.25, 3303.0], [3174.5, 25553.0], [3174.75, 397.0], [3175.0, 1330.0], [3175.25, 388.0], [3175.5, 1688.0], [3175.75, 1688.0], [3176.0, 1688.0], [3176.25, 1688.0], [3176.5, 10671.0], [3176.75, 38983.0], [3180.25, 7361.0], [3180.5, 24660.0], [3183.0, 400.0], [3183.5, 89412.0], [3184.75, 49830.0], [3185.25, 1112.0], [3189.25, 40000.0], [3190.25, 74987.0], [3190.5, 45.0]]}}}
{"jsonrpc": "2.0", "method": "subscription", "params": {"channel": "book.ETH-21NOV25.none.20.100ms", "data": {"timestamp": 1763184158476, "change_id": 96954848601, "instrument_name": "ETH-21NOV25", "bids": [[3174.0, 5853.0], [3173.75, 388.0], [3173.5, 1300.0], [3173.25, 468.0], [3173.0, 1300.0], [3172.75, 388.0], [3172.5, 1300.0], [3170.75, 3696.0], [3170.5, 12382.0], [3170.25, 328.0], [3170.0, 7405.0], [3169.75, 21625.0], [3169.5, 4256.0], [3169.25, 14259.0], [3166.75, 7398.0], [3166.5, 24785.0], [3166.25, 1314.0], [3166.0, 9653.0], [3165.75, 26892.0], [3165.5, 40000.0]], "asks": [[3174.5, 25553.0], [3174.75, 3700.0], [3175.0, 1330.0], [3175.5, 388.0], [3175.75, 1688.0], [3176.0, 1688.0], [3176.25, 1688.0], [3176.5, 10671.0], [3176.75, 38983.0], [3180.25, 7361.0], [3180.5, 24660.0], [3183.0, 400.0], [3183.5, 89412.0], [3184.75, 49830.0], [3185.25, 1112.0], [3189.25, 40000.0], [3190.25, 74987.0], [3190.5, 45.0], [3193.0, 16.0], [3193.25, 73090.0]]}}}
{"jsonrpc": "2.0", "method": "subscription", "params": {"channel": "book.ETH-21NOV25.none.20.100ms", "data": {"timestamp": 1763184158789, "change_id": 96954849220, "instrument_name": "ETH-21NOV25", "bids": [[3174.25, 1300.0], [3174.0, 5853.0], [3173.75, 388.0], [3173.5, 1300.0], [3173.25, 468.0], [3173.0, 1300.0], [3172.75, 388.0], [3172.5, 1300.0], [3171.25, 3696.0], [3171.0, 12382.0], [3170.25, 328.0], [3170.0, 7405.0], [3169.75, 29023.0], [3169.5, 29041.0], [3169.25, 14259.0], [3166.25, 1314.0], [3166.0, 9653.0], [3165.75, 26892.0], [3165.5, 40000.0], [3165.0, 400.0]], "asks": [[3174.5, 3303.0], [3174.75, 397.0], [3175.0, 1330.0], [3175.5, 388.0], [3175.75, 1688.0], [3176.0, 1688.0], [3176.25, 1688.0], [3176.5, 10671.0], [3176.75, 38983.0], [3180.25, 7361.0], [3180.5, 24660.0], [3183.0, 400.0], [3183.5, 89412.0], [3184.75, 49830.0], [3185.25, 1112.0], [3189.25, 40000.0], [3190.25, 74987.0], [3190.5, 45.0], [3193.0, 16.0], [3193.25, 73090.0]]}}}
{"jsonrpc": "2.0", "method": "subscription", "params": {"channel": "book.ETH-21NOV25.none.20.100ms", "data": {"timestamp": 1763184158932, "change_id": 96954849361, "instrument_name": "ETH-21NOV25", "bids": [[3174.25, 1300.0], [3174.0, 5853.0], [3173.75, 388.0], [3173.5, 1300.0], [3173.25, 468.0], [3173.0, 1300.0], [3172.75, 388.0], [3172.5, 1300.0], [3171.25, 3696.0], [3171.0, 12382.0], [3170.25, 328.0], [3170.0, 7405.0], [3169.75, 29023.0], [3169.5, 29041.0], [3169.25, 14259.0], [3166.25, 1314.0], [3166.0, 9653.0], [3165.75, 26892.0], [3165.5, 40000.0], [3165.0, 400.0]], "asks": [[3174.5, 3303.0], [3174.75, 18766.0], [3175.0, 1330.0], [3175.5, 388.0], [3175.75, 1688.0], [3176.0, 1688.0], [3176.25, 1688.0], [3176.5, 10671.0], [3176.75, 38983.0], [3180.25, 7361.0], [3180.5, 24660.0], [3183.0, 400.0], [3183.5, 89412.0], [3184.75, 49830.0], [3185.25, 1112.0], [3189.25, 40000.0], [3190.25, 74987.0], [3190.5, 45.0], [3193.0, 16.0], [3193.25, 73090.0]]}}}
{"jsonrpc": "2.0", "method": "subscription", "params": {"channel": "book.ETH-21NOV25.none.20.100ms", "data": {"timestamp": 1763184159401, "change_id": 96954850039, "instrument_name": "ETH-21NOV25", "bids": [[3174.25, 1300.0], [3174.0, 3536.0], [3173.75, 3691.0], [3173.5, 1300.0], [3173.25, 80.0], [3171.25, 3696.0], [3171.0, 12382.0], [3170.25, 328.0], [3170.0, 7405.0], [3169.75, 29023.0], [3169.5, 29041.0], [3169.25, 14259.0], [3166.25, 1314.0], [3166.0, 9653.0], [3165.75, 26892.0], [3165.5, 40000.0], [3165.0, 400.0], [3164.75, 25390.0], [3164.25, 11.0], [3163.5, 49807.0]], "asks": [[3174.5, 3303.0], [3174.75, 18766.0], [3175.0, 1330.0], [3175.5, 388.0], [3175.75, 1688.0], [3176.0, 1688.0], [3176.25, 1688.0], [3176.5, 10671.0], [3176.75, 38983.0], [3180.25, 7361.0], [3180.5, 24660.0], [3183.0, 400.0], [3183.5, 89412.0], [3184.75, 49830.0], [3185.25, 1112.0], [3189.25, 40000.0], [3190.25, 74987.0], [3190.5, 45.0], [3193.0, 16.0], [3193.25, 73090.0]]}}}
{"jsonrpc": "2.0", "method": "subscription", "params": {"channel": "book.ETH-21NOV25.none.20.100ms", "data": {"timestamp": 1763184162171, "change_id": 96954853647, "instrument_name": "ETH-21NOV25", "bids": [[3174.0, 1300.0], [3173.75, 1638.0], [3173.5, 1300.0], [3172.5, 80.0], [3171.25, 3696.0], [3171.0, 12382.0], [3170.25, 328.0], [3170.0, 7405.0], [3169.75, 29023.0], [3169.5, 29041.0], [3169.25, 14259.0], [3166.25, 1314.0], [3166.0, 9653.0], [3165.75, 26892.0], [3165.5, 40000.0], [3165.0, 400.0], [3164.75, 25390.0], [3164.25, 11.0], [3163.5, 49807.0], [3159.75, 40000.0]], "asks": [[3174.25, 3303.0], [3174.5, 2029.0], [3174.75, 18766.0], [3175.0, 1330.0], [3175.5, 388.0], [3175.75, 1688.0], [3176.0, 1688.0], [3176.25, 1688.0], [3176.5, 10671.0], [3176.75, 38983.0], [3180.25, 7361.0], [3180.5, 24660.0], [3183.0, 400.0], [3183.5, 89412.0], [3184.75, 49830.0], [3185.25, 1112.0], [3189.25, 40000.0], [3190.25, 74987.0], [3190.5, 45.0], [3193.0, 16.0]]}}}
{"jsonrpc": "2.0", "method": "subscription", "params": {"channel": "book.ETH-21NOV25.none.20.100ms", "data": {"timestamp": 1763184162423, "change_id": 96954854198, "instrument_name": "ETH-21NOV25", "bids": [[3174.0, 4976.0], [3173.75, 1250.0], [3173.0, 468.0], [3172.75, 1300.0], [3171.25, 3696.0], [3171.0, 12382.0], [3170.25, 328.0], [3170.0, 7405.0], [3169.75, 29023.0], [3169.5, 29041.0], [3169.25, 14259.0], [3166.25, 1314.0], [3166.0, 9653.0], [3165.75, 26892.0], [3165.5, 40000.0], [3165.0, 400.0], [3164.75, 25390.0], [3164.25, 11.0], [3163.5, 49807.0], [3159.75, 40000.0]], "asks": [[3174.5, 5332.0], [3174.75, 18766.0], [3175.0, 1330.0], [3175.5, 388.0], [3175.75, 1688.0], [3176.0, 1688.0], [3176.25, 1688.0], [3176.5, 10671.0], [3176.75, 38983.0], [3180.25, 7361.0], [3180.5, 24660.0], [3183.0, 400.0], [3183.5, 89412.0], [3184.75, 49830.0], [3185.25, 1112.0], [3189.25, 40000.0], [3190.25, 74987.0], [3190.5, 45.0], [3193.0, 16.0], [3193.25, 73090.0]]}}}
{"jsonrpc": "2.0", "method": "subscription", "params": {"channel": "book.ETH-21NOV25.none.20.100ms", "data": {"timestamp": 1763184162790, "change_id": 96954854749, "instrument_name": "ETH-21NOV25", "bids": [[3174.0, 3536.0], [3173.75, 3303.0], [3173.0, 468.0], [3172.75, 1300.0], [3171.25, 3696.0], [3171.0, 12382.0], [3170.25, 328.0], [3170.0, 7405.0], [3169.75, 29023.0], [3169.5, 29041.0], [3169.25, 14259.0], [3166.25, 1314.0], [3166.0, 9653.0], [3165.75, 26892.0], [3165.5, 40000.0], [3165.0, 400.0], [3164.75, 25390.0], [3164.25, 11.0], [3163.5, 49807.0], [3159.75, 40000.0]], "asks": [[3174.5, 5332.0], [3174.75, 18766.0], [3175.0, 1330.0], [3175.5, 388.0], [3175.75, 1688.0], [3176.0, 1688.0], [3176.25, 1688.0], [3176.5, 10671.0], [3176.75, 38983.0], [3180.25, 7361.0], [3180.5, 24660.0], [3183.0, 400.0], [3183.5, 89412.0], [3184.75, 49830.0], [3185.25, 1112.0], [3189.25, 40000.0], [3190.25, 74987.0], [3190.5, 45.0], [3193.0, 16.0], [3193.25, 73090.0]]}}}
{"jsonrpc": "2.0", "method": "subscription", "params": {"channel": "book.ETH-21NOV25.none.20.100ms", "data": {"timestamp": 1763184162953, "change_id": 96954854903, "instrument_name": "ETH-21NOV25", "bids": [[3174.0, 3536.0], [3173.75, 3303.0], [3173.0, 468.0], [3172.75, 1300.0], [3171.25, 3696.0], [3171.0, 12382.0], [3170.25, 328.0], [3170.0, 7405.0], [3169.75, 29023.0], [3169.5, 29041.0], [3169.25, 14259.0], [3166.25, 1314.0], [3166.0, 9653.0], [3165.75, 26892.0], [3165.5, 40000.0], [3165.0, 400.0], [3164.75, 25390.0], [3164.25, 11.0], [3163.5, 49807.0], [3159.75, 40000.0]], "asks": [[3174.5, 5332.0], [3174.75, 18766.0], [3175.0, 1330.0], [3175.5, 388.0], [3175.75, 1688.0], [3176.0, 1688.0], [3176.25, 1688.0], [3176.5, 10671.0], [3176.75, 38983.0], [3180.25, 7361.0], [3180.5, 24660.0], [3183.0, 400.0], [3183.5, 89412.0], [3184.75, 49830.0], [3185.25, 1112.0], [3189.25, 40000.0], [3190.25, 74987.0], [3190.5, 45.0], [3193.0, 16.0], [3193.25, 73090.0]]}}}
{"jsonrpc": "2.0", "method": "subscription", "params": {"channel": "book.ETH-21NOV25.none.20.100ms", "data": {"timestamp": 1763184163336, "change_id": 96954855536, "instrument_name": "ETH-21NOV25", "bids": [[3174.0, 1300.0], [3173.75, 4553.0], [3173.5, 388.0], [3173.25, 1300.0], [3173.0, 468.0], [3172.75, 1300.0], [3172.5, 12382.0], [3170.25, 7684.0], [3170.0, 32190.0], [3169.75, 21625.0], [3169.5, 4256.0], [3169.25, 14259.0], [3166.25, 1314.0], [3166.0, 9653.0], [3165.75, 26892.0], [3165.5, 40000.0], [3165.0, 400.0], [3164.75, 25390.0], [3164.25, 11.0], [3163.5, 49807.0]], "asks": [[3174.25, 3303.0], [3174.5, 2029.0], [3174.75, 18766.0], [3175.0, 1330.0], [3175.5, 388.0], [3175.75, 1688.0], [3176.0, 1688.0], [3176.25, 1688.0], [3176.5, 10671.0], [3176.75, 38983.0], [3180.25, 7361.0], [3180.5, 24660.0], [3183.0, 400.0], [3183.5, 89412.0], [3184.75, 49830.0], [3185.25, 1112.0], [3189.25, 40000.0], [3190.25, 74987.0], [3190.5, 45.0], [3193.0, 16.0]]}}}
{"jsonrpc": "2.0", "method": "subscription", "params": {"channel": "book.ETH-21NOV25.none.20.100ms", "data": {"timestamp": 1763184164318, "change_id": 96954856683, "instrument_name": "ETH-21NOV25", "bids": [[3174.0, 2659.0], [3173.75, 4553.0], [3173.5, 388.0], [3173.25, 1712.0], [3173.0, 1768.0], [3172.75, 4996.0], [3172.5, 12382.0], [3170.25, 7684.0], [3170.0, 32190.0], [3169.75, 21625.0], [3169.5, 4256.0], [3169.25, 14259.0], [3166.25, 1314.0], [3166.0, 9653.0], [3165.75, 26892.0], [3165.5, 40000.0], [3165.0, 400.0], [3164.75, 25390.0], [3164.25, 11.0], [3163.5, 49807.0]], "asks": [[3174.5, 5332.0], [3174.75, 18766.0], [3175.0, 1330.0], [3175.5, 388.0], [3175.75, 1688.0], [3176.0, 1688.0], [3176.25, 1688.0], [3176.5, 10671.0], [3176.75, 38983.0], [3180.25, 7361.0], [3180.5, 24660.0], [3183.0, 400.0], [3183.5, 89412.0], [3184.75, 49830.0], [3185.25, 1112.0], [3189.25, 40000.0], [3190.25, 74987.0], [3190.5, 45.0], [3193.0, 16.0], [3193.25, 73090.0]]}}}
{"jsonrpc": "2.0", "method": "subscription", "params": {"channel": "book.ETH-21NOV25.none.20.100ms", "data": {"timestamp": 1763184166181, "change_id": 96954858894, "instrument_name": "ETH-21NOV25", "bids": [[3174.0, 2659.0], [3173.75, 4553.0], [3173.5, 388.0], [3173.25, 1712.0], [3173.0, 1768.0], [3172.75, 4996.0], [3172.5, 12382.0], [3170.25, 7684.0], [3170.0, 32190.0], [3169.75, 21625.0], [3169.5, 4256.0], [3169.25, 14259.0], [3166.25, 1314.0], [3166.0, 9653.0], [3165.75, 26892.0], [3165.5, 40000.0], [3165.0, 400.0], [3164.75, 25390.0], [3164.25, 11.0], [3163.5, 49807.0]], "asks": [[3174.5, 4483.0], [3174.75, 18766.0], [3175.0, 1330.0], [3175.5, 388.0], [3175.75, 1688.0], [3176.0, 1688.0], [3176.25, 1688.0], [3176.5, 10671.0], [3176.75, 38983.0], [3180.25, 7361.0], [3180.5, 24660.0], [3183.0, 400.0], [3183.5, 89412.0], [3184.75, 49830.0], [3185.25, 1112.0], [3189.25, 40000.0], [3190.25, 74987.0], [3190.5, 45.0], [3193.0, 16.0], [3193.25, 73090.0]]}}}
{"jsonrpc": "2.0", "method": "subscription", "params": {"channel": "book.ETH-21NOV25.none.20.100ms", "data": {"timestamp": 1763184167360, "change_id": 96954860274, "instrument_name": "ETH-21NOV25", "bids": [[3174.0, 1300.0], [3173.75, 1250.0], [3173.5, 388.0], [3173.25, 1712.0], [3173.0, 1768.0], [3172.75, 4996.0], [3172.5, 12382.0], [3170.25, 7684.0], [3170.0, 32190.0], [3169.75, 21625.0], [3169.5, 4256.0], [3169.25, 14259.0], [3166.25, 1314.0], [3166.0, 9653.0], [3165.75, 26892.0], [3165.5, 40000.0], [3165.0, 400.0], [3164.75, 25390.0], [3164.25, 11.0], [3163.5, 49807.0]], "asks": [[3174.25, 3303.0], [3174.5, 1926.0], [3174.75, 18766.0], [3175.0, 1330.0], [3175.5, 388.0], [3175.75, 1688.0], [3176.0, 1688.0], [3176.25, 1688.0], [3176.5, 10671.0], [3176.75, 38983.0], [3180.25, 7361.0], [3180.5, 24660.0], [3183.0, 400.0], [3183.5, 89412.0], [3184.75, 49830.0], [3185.25, 1112.0], [3189.25, 40000.0], [3190.25, 74987.0], [3190.5, 45.0], [3193.0, 16.0]]}}}
{"jsonrpc": "2.0", "method": "subscription", "params": {"channel": "book.ETH-21NOV25.none.20.100ms", "data": {"timestamp": 1763184167501, "change_id": 96954860327, "instrument_name": "ETH-21NOV25", "bids": [[3174.0, 1300.0], [3173.75, 2236.0], [3173.5, 3691.0], [3173.25, 1712.0], [3173.0, 1768.0], [3172.75, 4996.0], [3172.5, 12382.0], [3170.25, 7684.0], [3170.0, 32190.0], [3169.75, 21625.0], [3169.5, 4256.0], [3169.25, 14259.0], [3166.25, 1314.0], [3166.0, 9653.0], [3165.75, 26892.0], [3165.5, 40000.0], [3165.0, 400.0], [3164.75, 25390.0], [3164.25, 11.0], [3163.5, 49807.0]], "asks": [[3174.25, 3303.0], [3174.5, 1926.0], [3174.75, 18766.0], [3175.0, 1330.0], [3175.5, 388.0], [3175.75, 1688.0], [3176.0, 1688.0], [3176.25, 1688.0], [3176.5, 10671.0], [3176.75, 38983.0], [3180.25, 7361.0], [3180.5, 24660.0], [3183.0, 400.0], [3183.5, 89412.0], [3184.75, 49830.0], [3185.25, 1112.0], [3189.25, 40000.0], [3190.25, 74987.0], [3190.5, 45.0], [3193.0, 16.0]]}}}
{"jsonrpc": "2.0", "method": "subscription", "params": {"channel": "book.ETH-21NOV25.none.20.100ms", "data": {"timestamp": 1763184168485, "change_id": 96954861479, "instrument_name": "ETH-21NOV25", "bids": [[3174.0, 1300.0], [3173.75, 4553.0], [3173.5, 388.0], [3173.25, 1712.0], [3173.0, 1768.0], [3172.75, 4996.0], [3172.5, 12382.0], [3170.25, 7684.0], [3170.0, 32190.0], [3169.75, 21625.0], [3169.5, 4256.0], [3169.25, 14259.0], [3166.25, 1314.0], [3166.0, 9653.0], [3165.75, 26892.0], [3165.5, 40000.0], [3165.0, 400.0], [3164.75, 25390.0], [3164.25, 11.0], [3163.5, 49807.0]], "asks": [[3174.25, 3303.0], [3174.5, 1926.0], [3174.75, 20016.0], [3175.0, 80.0], [3175.5, 388.0], [3175.75, 1688.0], [3176.0, 1688.0], [3176.25, 1688.0], [3176.5, 10671.0], [3176.75, 38983.0], [3180.25, 7361.0], [3180.5, 24660.0], [3183.0, 400.0], [3183.5, 89412.0], [3184.75, 49830.0], [3185.25, 1112.0], [3189.25, 40000.0], [3190.25, 74987.0], [3190.5, 45.0], [3193.0, 16.0]]}}}
{"jsonrpc": "2.0", "method": "subscription", "params": {"channel": "book.ETH-21NOV25.none.20.100ms", "data": {"timestamp": 1763184168791, "change_id": 96954861966, "instrument_name": "ETH-21NOV25", "bids": [[3174.0, 2659.0], [3173.75, 4553.0], [3173.5, 388.0], [3173.25, 1712.0], [3173.0, 1768.0], [3172.75, 4996.0], [3172.5, 12382.0], [3170.25, 7684.0], [3170.0, 32190.0], [3169.75, 21625.0], [3169.5, 4256.0], [3169.25, 14259.0], [3166.25, 1314.0], [3166.0, 9653.0], [3165.75, 26892.0], [3165.5, 40000.0], [3165.0, 400.0], [3164.75, 25390.0], [3164.25, 11.0], [3163.5, 49807.0]], "asks": [[3174.5, 5229.0], [3174.75, 20016.0], [3175.0, 80.0], [3175.5, 388.0], [3175.75, 1688.0], [3176.0, 1688.0], [3176.25, 1688.0], [3176.5, 10671.0], [3176.75, 38983.0], [3180.25, 7361.0], [3180.5, 24660.0], [3183.0, 400.0], [3183.5, 89412.0], [3184.75, 49830.0], [3185.25, 1112.0], [3189.25, 40000.0], [3190.25, 74987.0], [3190.5, 45.0], [3193.0, 16.0], [3193.25, 73090.0]]}}}
{"jsonrpc": "2.0", "method": "subscription", "params": {"channel": "book.ETH-21NOV25.none.20.100ms", "data": {"timestamp": 1763184169180, "change_id": 96954862478, "instrument_name": "ETH-21NOV25", "bids": [[3174.0, 2659.0], [3173.75, 4553.0], [3173.5, 388.0], [3173.25, 1712.0], [3173.0, 1768.0], [3172.75, 4996.0], [3172.5, 12382.0], [3170.25, 328.0], [3170.0, 14146.0], [3169.75, 46410.0], [3169.5, 4256.0], [3169.25, 14259.0], [3166.25, 1314.0], [3166.0, 9653.0], [3165.75, 26892.0], [3165.5, 40000.0], [3165.0, 400.0], [3164.75, 25390.0], [3164.25, 11.0], [3163.5, 49807.0]], "asks": [[3174.5, 5229.0], [3174.75, 20016.0], [3175.0, 80.0], [3175.5, 388.0], [3175.75, 1688.0], [3176.0, 1688.0], [3176.25, 1688.0], [3176.5, 10671.0], [3176.75, 38983.0], [3180.25, 7361.0], [3180.5, 24660.0], [3183.0, 400.0], [3183.5, 89412.0], [3184.75, 49830.0], [3185.25, 1112.0], [3189.25, 40000.0], [3190.25, 74987.0], [3190.5, 45.0], [3193.0, 16.0], [3193.25, 73090.0]]}}}
{"jsonrpc": "2.0", "method": "subscription", "params": {"channel": "book.ETH-21NOV25.none.20.100ms", "data": {"timestamp": 1763184170822, "change_id": 96954864405, "instrument_name": "ETH-21NOV25", "bids": [[3174.0, 1673.0], [3173.75, 4847.0], [3173.5, 388.0], [3173.25, 1712.0], [3173.0, 1768.0], [3172.75, 4996.0], [3172.5, 12382.0], [3170.25, 328.0], [3170.0, 14146.0], [3169.75, 46410.0], [3169.5, 4256.0], [3169.25, 14259.0], [3166.25, 1314.0], [3166.0, 9653.0], [3165.75, 26892.0], [3165.5, 40000.0], [3165.0, 400.0], [3164.75, 25390.0], [3164.25, 11.0], [3163.5, 49807.0]], "asks": [[3174.25, 3597.0], [3174.5, 1926.0], [3174.75, 20016.0], [3175.0, 80.0], [3175.5, 388.0], [3175.75, 1688.0], [3176.0, 1688.0], [3176.25, 1688.0], [3176.5, 10671.0], [3176.75, 38983.0], [3180.25, 7361.0], [3180.5, 24660.0], [3183.0, 400.0], [3183.5, 89412.0], [3184.75, 49830.0], [3185.25, 1112.0], [3189.25, 40000.0], [3190.25, 74987.0], [3190.5, 45.0], [3193.0, 16.0]]}}}
{"jsonrpc": "2.0", "method": "subscription", "params": {"channel": "book.ETH-21NOV25.none.20.100ms", "data": {"timestamp": 1763184171858, "change_id": 96954865677, "instrument_name": "ETH-21NOV25", "bids": [[3174.0, 1673.0], [3173.75, 4847.0], [3173.5, 388.0], [3173.25, 1712.0], [3173.0, 1768.0], [3172.75, 4996.0], [3172.5, 12382.0], [3170.25, 328.0], [3170.0, 14146.0], [3169.75, 46410.0], [3169.5, 4256.0], [3169.25, 14259.0], [3166.25, 1314.0], [3166.0, 9653.0], [3165.75, 26892.0], [3165.5, 40000.0], [3165.0, 400.0], [3164.75, 25390.0], [3164.25, 11.0], [3163.5, 49807.0]], "asks": [[3174.25, 3597.0], [3174.5, 1926.0], [3174.75, 20016.0], [3175.0, 80.0], [3175.5, 388.0], [3175.75, 1688.0], [3176.0, 1688.0], [3176.25, 1688.0], [3176.5, 10671.0], [3176.75, 38983.0], [3180.25, 7361.0], [3180.5, 24660.0], [3183.0, 400.0], [3183.5, 89412.0], [3184.75, 49830.0], [3185.25, 1112.0], [3189.25, 40000.0], [3190.25, 74987.0], [3190.5, 45.0], [3193.0, 16.0]]}}}
{"jsonrpc": "2.0", "method": "subscription", "params": {"channel": "book.ETH-21NOV25.none.20.100ms", "data": {"timestamp": 1763184172992, "change_id": 96954866804, "instrument_name": "ETH-21NOV25", "bids": [[3174.0, 1673.0], [3173.75, 4847.0], [3173.5, 388.0], [3173.25, 1712.0], [3173.0, 1768.0], [3172.75, 4996.0], [3172.5, 12382.0], [3170.25, 328.0], [3170.0, 14146.0], [3169.75, 46410.0], [3169.25, 14259.0], [3166.25, 1314.0], [3166.0, 9653.0], [3165.75, 26892.0], [3165.5, 40000.0], [3165.0, 400.0], [3164.75, 25390.0], [3164.25, 11.0], [3163.5, 49807.0], [3159.75, 40000.0]], "asks": [[3174.25, 3597.0], [3174.5, 1926.0], [3174.75, 20016.0], [3175.0, 80.0], [3175.5, 388.0], [3175.75, 1688.0], [3176.0, 1688.0], [3176.25, 1688.0], [3176.5, 10671.0], [3176.75, 38983.0], [3180.25, 7361.0], [3180.5, 24660.0], [3183.0, 400.0], [3183.5, 89412.0], [3184.75, 49830.0], [3185.25, 1112.0], [3189.25, 40000.0], [3190.25, 74987.0], [3190.5, 45.0], [3193.0, 16.0]]}}}
{"jsonrpc": "2.0", "method": "subscription", "params": {"channel": "book.ETH-21NOV25.none.20.100ms", "data": {"timestamp": 1763184173543, "change_id": 96954867510, "instrument_name": "ETH-21NOV25", "bids": [[3174.25, 1300.0], [3174.0, 5270.0], [3173.75, 1250.0], [3173.5, 388.0], [3173.25, 1712.0], [3173.0, 1768.0], [3172.75, 4996.0], [3172.5, 12382.0], [3170.25, 328.0], [3170.0, 14146.0], [3169.75, 46410.0], [3169.25, 14259.0], [3166.25, 1314.0], [3166.0, 9653.0], [3165.75, 26892.0], [3165.5, 40000.0], [3165.0, 400.0], [3164.75, 25390.0], [3164.25, 11.0], [3163.5, 49807.0]], "asks": [[3174.5, 3597.0], [3174.75, 18766.0], [3175.0, 453.0], [3175.25, 1250.0], [3175.5, 388.0], [3175.75, 1688.0], [3176.0, 1688.0], [3176.25, 1688.0], [3176.5, 10671.0], [3176.75, 38983.0], [3180.25, 7361.0], [3180.5, 24660.0], [3183.0, 400.0], [3183.5, 89412.0], [3184.75, 49830.0], [3185.25, 1112.0], [3189.25, 40000.0], [3190.25, 74987.0], [3190.5, 45.0], [3193.0, 16.0]]}}}
{"jsonrpc": "2.0", "method": "subscription", "params": {"channel": "book.ETH-21NOV25.none.20.100ms", "data": {"timestamp": 1763184174023, "change_id": 96954868213, "instrument_name": "ETH-21NOV25", "bids": [[3174.25, 1300.0], [3174.0, 2699.0], [3173.75, 4847.0], [3173.5, 388.0], [3173.25, 1712.0], [3173.0, 1768.0], [3172.75, 4996.0], [3172.5, 12382.0], [3170.25, 328.0], [3170.0, 14146.0], [3169.75, 46410.0], [3169.25, 14259.0], [3166.25, 1314.0], [3166.0, 9653.0], [3165.75, 26892.0], [3165.5, 40000.0], [3165.0, 400.0], [3164.75, 25390.0], [3164.25, 11.0], [3163.5, 49807.0]], "asks": [[3174.5, 3597.0], [3174.75, 18766.0], [3175.0, 1330.0], [3175.5, 388.0], [3175.75, 1688.0], [3176.0, 1688.0], [3176.25, 1688.0], [3176.5, 10671.0], [3176.75, 38983.0], [3180.25, 7361.0], [3180.5, 24660.0], [3183.0, 400.0], [3183.5, 89412.0], [3184.75, 49830.0], [3185.25, 1112.0], [3189.25, 40000.0], [3190.25, 74987.0], [3190.5, 45.0], [3193.0, 16.0], [3193.25, 73090.0]]}}}
{"jsonrpc": "2.0", "method": "subscription", "params": {"channel": "book.ETH-21NOV25.none.20.100ms", "data": {"timestamp": 1763184175049, "change_id": 96954869460, "instrument_name": "ETH-21NOV25", "bids": [[3174.0, 1673.0], [3173.75, 4847.0], [3173.5, 388.0], [3173.25, 1712.0], [3173.0, 1768.0], [3172.75, 4996.0], [3172.5, 12382.0], [3170.25, 328.0], [3170.0, 14146.0], [3169.75, 46410.0], [3169.25, 14259.0], [3166.25, 1314.0], [3166.0, 9653.0], [3165.75, 26892.0], [3165.5, 40000.0], [3165.0, 400.0], [3164.75, 25390.0], [3164.25, 11.0], [3163.5, 49807.0], [3159.75, 40000.0]], "asks": [[3174.25, 3597.0], [3174.5, 1038.0], [3174.75, 18766.0], [3175.0, 1330.0], [3175.5, 388.0], [3175.75, 1688.0], [3176.0, 1688.0], [3176.25, 1688.0], [3176.5, 10671.0], [3176.75, 38983.0], [3180.25, 7361.0], [3180.5, 24660.0], [3183.0, 400.0], [3183.5, 89412.0], [3184.75, 49830.0], [3185.25, 1112.0], [3189.25, 40000.0], [3190.25, 74987.0], [3190.5, 45.0], [3193.0, 16.0]]}}}
{"jsonrpc": "2.0", "method": "subscription", "params": {"channel": "book.ETH-21NOV25.none.20.100ms", "data": {"timestamp": 1763184175181, "change_id": 96954869679, "instrument_name": "ETH-21NOV25", "bids": [[3174.0, 1673.0], [3173.75, 4847.0], [3173.5, 388.0], [3173.25, 1712.0], [3173.0, 1768.0], [3172.75, 4996.0], [3172.5, 12382.0], [3170.25, 328.0], [3170.0, 7405.0], [3169.75, 21625.0], [3169.5, 29041.0], [3169.25, 14259.0], [3166.25, 1314.0], [3166.0, 9653.0], [3165.75, 26892.0], [3165.5, 40000.0], [3165.0, 400.0], [3164.75, 25390.0], [3164.25, 11.0], [3163.5, 49807.0]], "asks": [[3174.25, 3597.0], [3174.5, 1038.0], [3174.75, 18766.0], [3175.0, 1330.0], [3175.5, 388.0], [3175.75, 1688.0], [3176.0, 1688.0], [3176.25, 1688.0], [3176.5, 10671.0], [3176.75, 38983.0], [3180.25, 7361.0], [3180.5, 24660.0], [3183.0, 400.0], [3183.5, 89412.0], [3184.75, 49830.0], [3185.25, 1112.0], [3189.25, 40000.0], [3190.25, 74987.0], [3190.5, 45.0], [3193.0, 16.0]]}}}
{"jsonrpc": "2.0", "method": "subscription", "params": {"channel": "book.ETH-21NOV25.none.20.100ms", "data": {"timestamp": 1763184175860, "change_id": 96954870418, "instrument_name": "ETH-21NOV25", "bids": [[3174.0, 1673.0], [3173.75, 4847.0], [3173.5, 388.0], [3173.25, 1712.0], [3173.0, 1768.0], [3172.75, 4996.0], [3172.5, 12382.0], [3170.25, 328.0], [3170.0, 7405.0], [3169.75, 21625.0], [3169.5, 29041.0], [3169.25, 14259.0], [3166.25, 1314.0], [3166.0, 9653.0], [3165.75, 26892.0], [3165.5, 40000.0], [3165.0, 400.0], [3164.75, 25390.0], [3164.25, 11.0], [3163.5, 49807.0]], "asks": [[3174.25, 3597.0], [3174.5, 1038.0], [3174.75, 20016.0], [3175.0, 80.0], [3175.5, 388.0], [3175.75, 1688.0], [3176.0, 1688.0], [3176.25, 1688.0], [3176.5, 10671.0], [3176.75, 38983.0], [3180.25, 7361.0], [3180.5, 24660.0], [3183.0, 400.0], [3183.5, 89412.0], [3184.75, 49830.0], [3185.25, 1112.0], [3189.25, 40000.0], [3190.25, 74987.0], [3190.5, 45.0], [3193.0, 16.0]]}}}
{"jsonrpc": "2.0", "method": "subscription", "params": {"channel": "book.ETH-21NOV25.none.20.100ms", "data": {"timestamp": 1763184177031, "change_id": 96954871758, "instrument_name": "ETH-21NOV25", "bids": [[3174.0, 1673.0], [3173.75, 4847.0], [3173.5, 388.0], [3173.25, 1712.0], [3173.0, 1768.0], [3172.75, 4996.0], [3172.5, 12382.0], [3170.25, 328.0], [3170.0, 7405.0], [3169.75, 29023.0], [3169.5, 29041.0], [3169.25, 14259.0], [3166.25, 1314.0], [3166.0, 9653.0], [3165.75, 26892.0], [3165.5, 40000.0], [3165.0, 400.0], [3164.75, 25390.0], [3164.25, 11.0], [3163.5, 49807.0]], "asks": [[3174.25, 3597.0], [3174.5, 1038.0], [3174.75, 18766.0], [3175.0, 1330.0], [3175.5, 388.0], [3175.75, 1688.0], [3176.0, 1688.0], [3176.25, 1688.0], [3176.5, 10671.0], [3176.75, 38983.0], [3180.25, 7361.0], [3180.5, 24660.0], [3183.0, 400.0], [3183.5, 89412.0], [3184.75, 49830.0], [3185.25, 1112.0], [3189.25, 40000.0], [3190.25, 74987.0], [3190.5, 45.0], [3193.0, 16.0]]}}}
{"jsonrpc": "2.0", "method": "subscription", "params": {"channel": "book.ETH-21NOV25.none.20.100ms", "data": {"timestamp": 1763184177611, "change_id": 96954872880, "instrument_name": "ETH-21NOV25", "bids": [[3173.25, 6419.0], [3173.0, 1688.0], [3172.75, 1300.0], [3172.25, 80.0], [3172.0, 12382.0], [3170.25, 328.0], [3170.0, 7405.0], [3169.75, 28523.0], [3169.5, 29041.0], [3169.25, 14259.0], [3166.0, 9653.0], [3165.75, 26892.0], [3165.5, 40000.0], [3165.0, 400.0], [3164.75, 25390.0], [3164.25, 11.0], [3163.5, 49807.0], [3159.75, 40000.0], [3157.5, 76122.0], [3156.75, 49335.0]], "asks": [[3173.75, 3597.0], [3174.5, 2401.0], [3174.75, 20016.0], [3175.0, 80.0], [3175.5, 388.0], [3175.75, 1572.0], [3176.0, 1300.0], [3176.25, 1688.0], [3176.5, 10671.0], [3176.75, 38983.0], [3180.25, 7361.0], [3180.5, 24660.0], [3183.0, 400.0], [3183.5, 89412.0], [3184.75, 49830.0], [3185.25, 1112.0], [3189.25, 40000.0], [3190.25, 74987.0], [3190.5, 45.0], [3193.0, 16.0]]}}}
{"jsonrpc": "2.0", "method": "subscription", "params": {"channel": "book.ETH-21NOV25.none.20.100ms", "data": {"timestamp": 1763184177937, "change_id": 96954873779, "instrument_name": "ETH-21NOV25", "bids": [[3173.25, 6419.0], [3173.0, 1688.0], [3172.75, 1300.0], [3172.25, 80.0], [3172.0, 12382.0], [3170.25, 828.0], [3170.0, 7405.0], [3169.75, 28523.0], [3169.5, 29041.0], [3169.25, 14259.0], [3166.0, 9653.0], [3165.75, 26892.0], [3165.5, 40000.0], [3165.0, 400.0], [3164.75, 25390.0], [3164.25, 11.0], [3163.5, 49807.0], [3159.75, 40000.0], [3157.5, 76122.0], [3156.75, 49335.0]], "asks": [[3173.75, 3597.0], [3174.25, 397.0], [3174.5, 1330.0], [3175.5, 388.0], [3175.75, 1572.0], [3176.0, 1300.0], [3176.25, 1688.0], [3176.5, 10671.0], [3176.75, 38983.0], [3180.25, 7361.0], [3180.5, 24660.0], [3183.0, 400.0], [3183.5, 89412.0], [3184.75, 49830.0], [3185.25, 1112.0], [3189.25, 40000.0], [3190.25, 74987.0], [3190.5, 45.0], [3193.0, 16.0], [3193.25, 73090.0]]}}}
{"jsonrpc": "2.0", "method": "subscription", "params": {"channel": "book.ETH-21NOV25.none.20.100ms", "data": {"timestamp": 1763184178279, "change_id": 96954874637, "instrument_name": "ETH-21NOV25", "bids": [[3173.25, 4847.0], [3172.5, 412.0], [3172.25, 1380.0], [3172.0, 12382.0], [3170.25, 828.0], [3170.0, 7405.0], [3169.75, 28523.0], [3169.5, 29041.0], [3169.25, 14259.0], [3166.0, 9653.0], [3165.75, 26892.0], [3165.5, 40000.0], [3165.0, 400.0], [3164.75, 25390.0], [3164.25, 11.0], [3163.5, 49807.0], [3159.75, 40000.0], [3157.5, 76122.0], [3156.75, 49335.0], [3156.5, 45.0]], "asks": [[3173.75, 3597.0], [3174.0, 1167.0], [3174.25, 25949.0], [3174.5, 1330.0], [3175.5, 1300.0], [3175.75, 272.0], [3176.0, 1300.0], [3176.25, 1688.0], [3176.5, 10671.0], [3176.75, 38983.0], [3180.25, 7361.0], [3180.5, 24660.0], [3183.0, 400.0], [3183.5, 89412.0], [3184.75, 49830.0], [3185.25, 1112.0], [3189.25, 40000.0], [3190.25, 74987.0], [3190.5, 45.0], [3193.0, 16.0]]}}}
{"jsonrpc": "2.0", "method": "subscription", "params": {"channel": "book.ETH-21NOV25.none.20.100ms", "data": {"timestamp": 1763184178834, "change_id": 96954875387, "instrument_name": "ETH-21NOV25", "bids": [[3173.25, 4847.0], [3172.5, 412.0], [3172.25, 1380.0], [3172.0, 12382.0], [3170.25, 500.0], [3170.0, 6306.0], [3169.75, 28523.0], [3169.5, 29041.0], [3169.25, 14259.0], [3166.25, 1099.0], [3166.0, 9653.0], [3165.75, 26892.0], [3165.5, 40000.0], [3165.0, 400.0], [3164.75, 25390.0], [3164.25, 11.0], [3163.5, 49807.0], [3159.75, 40000.0], [3157.5, 76122.0], [3156.75, 49335.0]], "asks": [[3173.75, 3597.0], [3174.0, 1167.0], [3174.25, 25949.0], [3174.5, 1330.0], [3175.5, 1300.0], [3175.75, 272.0], [3176.0, 1300.0], [3176.25, 1688.0], [3176.5, 10671.0], [3176.75, 38983.0], [3180.25, 7361.0], [3180.5, 24660.0], [3183.0, 400.0], [3183.5, 89412.0], [3184.75, 49830.0], [3185.25, 1112.0], [3189.25, 40000.0], [3190.25, 74987.0], [3190.5, 45.0], [3193.0, 16.0]]}}}
{"jsonrpc": "2.0", "method": "subscription", "params": {"channel": "book.ETH-21NOV25.none.20.100ms", "data": {"timestamp": 1763184179152, "change_id": 96954875909, "instrument_name": "ETH-21NOV25", "bids": [[3173.25, 6147.0], [3172.75, 388.0], [3172.5, 1712.0], [3172.25, 1380.0], [3172.0, 12382.0], [3170.25, 500.0], [3170.0, 6306.0], [3169.75, 28523.0], [3169.5, 29041.0], [3169.25, 14259.0], [3166.25, 1099.0], [3166.0, 9653.0], [3165.75, 26892.0], [3165.5, 40000.0], [3165.0, 400.0], [3164.75, 25390.0], [3164.25, 11.0], [3163.5, 49807.0], [3159.75, 40000.0], [3157.5, 76122.0]], "asks": [[3173.75, 3597.0], [3174.0, 1167.0], [3174.25, 25949.0], [3174.5, 1330.0], [3175.5, 1300.0], [3175.75, 272.0], [3176.0, 1300.0], [3176.25, 1688.0], [3176.5, 10671.0], [3176.75, 38983.0], [3180.25, 7361.0], [3180.5, 24660.0], [3183.0, 400.0], [3183.5, 89412.0], [3184.75, 49830.0], [3185.25, 1112.0], [3189.25, 40000.0], [3190.25, 74987.0], [3190.5, 45.0], [3193.0, 16.0]]}}}
{"jsonrpc": "2.0", "method": "subscription", "params": {"channel": "book.ETH-21NOV25.none.20.100ms", "data": {"timestamp": 1763184179579, "change_id": 96954876342, "instrument_name": "ETH-21NOV25", "bids": [[3173.5, 4897.0], [3173.25, 1250.0], [3172.75, 388.0], [3172.5, 1712.0], [3172.25, 5076.0], [3172.0, 12382.0], [3170.25, 500.0], [3170.0, 6306.0], [3169.75, 28523.0], [3169.5, 29041.0], [3169.25, 14259.0], [3166.25, 2413.0], [3166.0, 9653.0], [3165.75, 26892.0], [3165.5, 40000.0], [3165.0, 400.0], [3164.75, 25390.0], [3164.25, 11.0], [3163.5, 49807.0], [3159.75, 40000.0]], "asks": [[3173.75, 3597.0], [3174.0, 1167.0], [3174.25, 25949.0], [3174.5, 1330.0], [3175.25, 388.0], [3175.5, 1300.0], [3175.75, 272.0], [3176.0, 1300.0], [3176.25, 1688.0], [3176.5, 10671.0], [3176.75, 38983.0], [3180.25, 7361.0], [3180.5, 24660.0], [3183.0, 400.0], [3183.5, 89412.0], [3184.75, 49830.0], [3185.25, 1112.0], [3189.25, 40000.0], [3190.25, 74987.0], [3190.5, 45.0]]}}}
{"jsonrpc": "2.0", "method": "subscription", "params": {"channel": "book.ETH-21NOV25.none.20.100ms", "data": {"timestamp": 1763184180143, "change_id": 96954877219, "instrument_name": "ETH-21NOV25", "bids": [[3173.5, 1300.0], [3173.25, 4847.0], [3173.0, 388.0], [3172.75, 1688.0], [3172.5, 1712.0], [3172.25, 5076.0], [3172.0, 12382.0], [3170.25, 500.0], [3170.0, 6306.0], [3169.75, 28523.0], [3169.5, 29041.0], [3169.25, 14259.0], [3166.25, 2413.0], [3166.0, 9653.0], [3165.75, 26892.0], [3165.5, 40000.0], [3165.0, 400.0], [3164.75, 25390.0], [3164.25, 11.0], [3163.5, 49807.0]], "asks": [[3173.75, 3597.0], [3174.0, 1167.0], [3174.25, 25949.0], [3174.5, 1330.0], [3175.25, 388.0], [3175.5, 1300.0], [3175.75, 272.0], [3176.0, 1300.0], [3176.25, 1688.0], [3176.5, 10671.0], [3176.75, 38983.0], [3180.25, 7361.0], [3180.5, 24660.0], [3183.0, 400.0], [3183.5, 89412.0], [3184.75, 49830.0], [3185.25, 1112.0], [3189.25, 40000.0], [3190.25, 74987.0], [3190.5, 45.0]]}}}
{"jsonrpc": "2.0", "method": "subscription", "params": {"channel": "book.ETH-21NOV25.none.20.100ms", "data": {"timestamp": 1763184182572, "change_id": 96954879907, "instrument_name": "ETH-21NOV25", "bids": [[3173.5, 6147.0], [3173.0, 388.0], [3172.75, 1688.0], [3172.5, 1712.0], [3172.25, 5076.0], [3172.0, 12382.0], [3170.25, 500.0], [3170.0, 6306.0], [3169.75, 28523.0], [3169.5, 29041.0], [3169.25, 14259.0], [3166.5, 328.0], [3166.25, 2413.0], [3166.0, 9653.0], [3165.75, 26892.0], [3165.5, 40000.0], [3165.0, 400.0], [3164.75, 25390.0], [3164.25, 11.0], [3163.5, 49807.0]], "asks": [[3173.75, 3597.0], [3174.0, 1167.0], [3174.25, 25949.0], [3174.5, 1330.0], [3175.25, 388.0], [3175.5, 1300.0], [3175.75, 272.0], [3176.0, 1688.0], [3176.25, 1688.0], [3176.5, 10671.0], [3176.75, 38983.0], [3180.25, 7361.0], [3180.5, 24660.0], [3183.0, 400.0], [3183.5, 89412.0], [3184.75, 49830.0], [3185.25, 1112.0], [3189.25, 40000.0], [3190.25, 74987.0], [3190.5, 45.0]]}}}
{"jsonrpc": "2.0", "method": "subscription", "params": {"channel": "book.ETH-21NOV25.none.20.100ms", "data": {"timestamp": 1763184183121, "change_id": 96954880698, "instrument_name": "ETH-21NOV25", "bids": [[3173.5, 4847.0], [3173.0, 388.0], [3172.75, 1688.0], [3172.5, 1712.0], [3172.25, 5076.0], [3172.0, 12382.0], [3170.25, 500.0], [3170.0, 6306.0], [3169.75, 28523.0], [3169.5, 29041.0], [3169.25, 14259.0], [3166.5, 328.0], [3166.25, 2413.0], [3166.0, 9653.0], [3165.75, 26892.0], [3165.5, 40000.0], [3165.0, 400.0], [3164.75, 25390.0], [3164.25, 11.0], [3163.5, 49807.0]], "asks": [[3173.75, 3597.0], [3174.0, 1167.0], [3174.25, 25949.0], [3174.5, 1330.0], [3175.25, 388.0], [3175.5, 1300.0], [3175.75, 272.0], [3176.0, 1688.0], [3176.25, 1688.0], [3176.5, 10671.0], [3176.75, 38983.0], [3180.25, 7361.0], [3180.5, 24660.0], [3183.0, 400.0], [3183.5, 89412.0], [3184.75, 49830.0], [3185.25, 1112.0], [3189.25, 40000.0], [3190.25, 74987.0], [3190.5, 45.0]]}}}
{"jsonrpc": "2.0", "method": "subscription", "params": {"channel": "book.ETH-21NOV25.none.20.100ms", "data": {"timestamp": 1763184183782, "change_id": 96954881355, "instrument_name": "ETH-21NOV25", "bids": [[3173.5, 4847.0], [3173.0, 388.0], [3172.75, 1688.0], [3172.5, 1712.0], [3172.25, 5076.0], [3172.0, 12382.0], [3170.25, 500.0], [3170.0, 6306.0], [3169.75, 28523.0], [3169.5, 29041.0], [3169.25, 14259.0], [3166.5, 328.0], [3166.25, 2413.0], [3166.0, 9653.0], [3165.75, 26892.0], [3165.5, 40000.0], [3165.0, 400.0], [3164.75, 25390.0], [3164.25, 11.0], [3163.5, 49807.0]], "asks": [[3173.75, 3597.0], [3174.25, 397.0], [3174.5, 1330.0], [3175.25, 388.0], [3175.5, 1300.0], [3175.75, 272.0], [3176.0, 1688.0], [3176.25, 1688.0], [3176.5, 10671.0], [3176.75, 38983.0], [3180.25, 7361.0], [3180.5, 24660.0], [3183.0, 400.0], [3183.5, 89412.0], [3184.75, 49830.0], [3185.25, 1112.0], [3189.25, 40000.0], [3190.25, 74987.0], [3190.5, 45.0], [3193.0, 16.0]]}}}
{"jsonrpc": "2.0", "method": "subscription", "params": {"channel": "book.ETH-21NOV25.none.20.100ms", "data": {"timestamp": 1763184184136, "change_id": 96954881774, "instrument_name": "ETH-21NOV25", "bids": [[3173.5, 4847.0], [3173.0, 388.0], [3172.75, 1688.0], [3172.5, 1712.0], [3172.25, 5076.0], [3172.0, 12382.0], [3170.25, 500.0], [3170.0, 6306.0], [3169.75, 28523.0], [3169.5, 29041.0], [3169.25, 14259.0], [3166.5, 328.0], [3166.25, 2413.0], [3166.0, 9653.0], [3165.75, 26892.0], [3165.5, 40000.0], [3165.0, 400.0], [3164.75, 25390.0], [3164.25, 11.0], [3163.5, 49807.0]], "asks": [[3173.75, 3597.0], [3174.0, 1747.0], [3174.25, 25949.0], [3174.5, 1330.0], [3175.25, 388.0], [3175.5, 1688.0], [3175.75, 1572.0], [3176.0, 1688.0], [3176.25, 1688.0], [3176.5, 10671.0], [3176.75, 38983.0], [3180.25, 7361.0], [3180.5, 24660.0], [3183.0, 400.0], [3183.5, 89412.0], [3184.75, 49830.0], [3185.25, 1112.0], [3189.25, 40000.0], [3190.25, 74987.0], [3190.5, 45.0]]}}}
{"jsonrpc": "2.0", "method": "subscription", "params": {"channel": "book.ETH-21NOV25.none.20.100ms", "data": {"timestamp": 1763184186098, "change_id": 96954884024, "instrument_name": "ETH-21NOV25", "bids": [[3173.5, 4847.0], [3173.0, 388.0], [3172.75, 1688.0], [3172.5, 1712.0], [3172.25, 5076.0], [3172.0, 12382.0], [3170.25, 500.0], [3170.0, 6306.0], [3169.75, 28523.0], [3169.5, 29041.0], [3169.25, 14259.0], [3166.5, 328.0], [3166.25, 2413.0], [3166.0, 9653.0], [3165.75, 26892.0], [3165.5, 40000.0], [3165.0, 400.0], [3164.75, 25390.0], [3164.25, 11.0], [3163.5, 49807.0]], "asks": [[3174.0, 5344.0], [3174.25, 25949.0], [3174.5, 1330.0], [3175.25, 388.0], [3175.5, 1688.0], [3175.75, 1572.0], [3176.0, 1688.0], [3176.25, 1688.0], [3176.5, 10671.0], [3176.75, 38983.0], [3180.25, 7361.0], [3180.5, 24660.0], [3183.0, 400.0], [3183.5, 89412.0], [3184.75, 49830.0], [3185.25, 1112.0], [3189.25, 40000.0], [3190.25, 74987.0], [3190.5, 45.0], [3193.0, 16.0]]}}}
{"jsonrpc": "2.0", "method": "subscription", "params": {"channel": "book.ETH-21NOV25.none.20.100ms", "data": {"timestamp": 1763184187277, "change_id": 96954885420, "instrument_name": "ETH-21NOV25", "bids": [[3173.5, 4847.0], [3173.0, 388.0], [3172.75, 1688.0], [3172.5, 1712.0], [3172.25, 5076.0], [3172.0, 12382.0], [3170.25, 500.0], [3170.0, 6306.0], [3169.75, 28523.0], [3169.5, 29041.0], [3169.25, 14259.0], [3166.5, 328.0], [3166.25, 2413.0], [3166.0, 9653.0], [3165.75, 26892.0], [3165.5, 40000.0], [3165.0, 400.0], [3164.75, 25390.0], [3164.25, 11.0], [3163.5, 49807.0]], "asks": [[3174.0, 3597.0], [3174.25, 397.0], [3174.5, 1330.0], [3175.25, 388.0], [3175.5, 1688.0], [3175.75, 1572.0], [3176.0, 1688.0], [3176.25, 1688.0], [3176.5, 10671.0], [3176.75, 38983.0], [3180.25, 7361.0], [3180.5, 24660.0], [3183.0, 400.0], [3183.5, 89412.0], [3184.75, 49830.0], [3185.25, 1112.0], [3189.25, 40000.0], [3190.25, 74987.0], [3190.5, 45.0], [3193.0, 16.0]]}}}
{"jsonrpc": "2.0", "method": "subscription", "params": {"channel": "book.ETH-21NOV25.none.20.100ms", "data": {"timestamp": 1763184187309, "change_id": 96954885462, "instrument_name": "ETH-21NOV25", "bids": [[3173.5, 4847.0], [3173.0, 388.0], [3172.75, 1688.0], [3172.5, 1712.0], [3172.25, 5076.0], [3172.0, 12382.0], [3170.25, 500.0], [3170.0, 6306.0], [3169.75, 28523.0], [3169.5, 29041.0], [3169.25, 14259.0], [3166.5, 328.0], [3166.25, 2413.0], [3166.0, 9653.0], [3165.75, 26892.0], [3165.5, 40000.0], [3165.0, 400.0], [3164.75, 25390.0], [3164.25, 11.0], [3163.5, 49807.0]], "asks": [[3173.75, 3597.0], [3174.25, 397.0], [3174.5, 1330.0], [3175.25, 388.0], [3175.5, 1688.0], [3175.75, 1572.0], [3176.0, 1688.0], [3176.25, 1688.0], [3176.5, 10671.0], [3176.75, 38983.0], [3180.25, 7361.0], [3180.5, 24660.0], [3183.0, 400.0], [3183.5, 89412.0], [3184.75, 49830.0], [3185.25, 1112.0], [3189.25, 40000.0], [3190.25, 74987.0], [3190.5, 45.0], [3193.0, 16.0]]}}}
{"jsonrpc": "2.0", "method": "subscription", "params": {"channel": "book.ETH-21NOV25.none.20.100ms", "data": {"timestamp": 1763184187932, "change_id": 96954886075, "instrument_name": "ETH-21NOV25", "bids": [[3173.5, 1250.0], [3173.0, 388.0], [3172.75, 1688.0], [3172.5, 1712.0], [3172.25, 5076.0], [3172.0, 12382.0], [3170.25, 500.0], [3170.0, 6306.0], [3169.75, 28523.0], [3169.5, 29041.0], [3169.25, 14259.0], [3166.5, 328.0], [3166.25, 2413.0], [3166.0, 9653.0], [3165.75, 26892.0], [3165.5, 40000.0], [3165.0, 400.0], [3164.75, 25390.0], [3164.25, 11.0], [3163.5, 49807.0]], "asks": [[3173.75, 3597.0], [3174.25, 1313.0], [3174.5, 26882.0], [3175.25, 388.0], [3175.5, 1688.0], [3175.75, 1572.0], [3176.0, 1688.0], [3176.25, 1688.0], [3176.5, 10671.0], [3176.75, 38983.0], [3180.25, 7361.0], [3180.5, 24660.0], [3183.0, 400.0], [3183.5, 89412.0], [3184.75, 49830.0], [3185.25, 1112.0], [3189.25, 40000.0], [3190.25, 74987.0], [3190.5, 45.0], [3193.0, 16.0]]}}}
{"jsonrpc": "2.0", "method": "subscription", "params": {"channel": "book.ETH-21NOV25.none.20.100ms", "data": {"timestamp": 1763184188142, "change_id": 96954886526, "instrument_name": "ETH-21NOV25", "bids": [[3173.5, 4847.0], [3173.0, 388.0], [3172.75, 1688.0], [3172.5, 1712.0], [3172.25, 5076.0], [3172.0, 12382.0], [3170.25, 500.0], [3170.0, 6306.0], [3169.75, 28523.0], [3169.5, 29041.0], [3169.25, 14259.0], [3166.5, 328.0], [3166.25, 2413.0], [3166.0, 9653.0], [3165.75, 26892.0], [3165.5, 40000.0], [3165.0, 400.0], [3164.75, 25390.0], [3164.25, 11.0], [3163.5, 49807.0]], "asks": [[3173.75, 3597.0], [3174.25, 397.0], [3174.5, 1330.0], [3175.25, 388.0], [3175.5, 1688.0], [3175.75, 1572.0], [3176.0, 1688.0], [3176.25, 1688.0], [3176.5, 10671.0], [3176.75, 38983.0], [3180.25, 7361.0], [3180.5, 24660.0], [3183.0, 400.0], [3183.5, 89412.0], [3184.75, 49830.0], [3185.25, 1112.0], [3189.25, 40000.0], [3190.25, 74987.0], [3190.5, 45.0], [3193.0, 16.0]]}}}
{"jsonrpc": "2.0", "method": "subscription", "params": {"channel": "book.ETH-21NOV25.none.20.100ms", "data": {"timestamp": 1763184188499, "change_id": 96954886847, "instrument_name": "ETH-21NOV25", "bids": [[3173.5, 4847.0], [3173.0, 388.0], [3172.75, 1688.0], [3172.5, 1712.0], [3172.25, 5076.0], [3172.0, 12382.0], [3170.25, 500.0], [3170.0, 6306.0], [3169.75, 28523.0], [3169.5, 29041.0], [3169.25, 14259.0], [3166.5, 328.0], [3166.25, 2413.0], [3166.0, 9653.0], [3165.75, 26892.0], [3165.5, 40000.0], [3165.0, 400.0], [3164.75, 25390.0], [3164.25, 11.0], [3163.5, 49807.0]], "asks": [[3174.0, 3597.0], [3174.25, 25949.0], [3174.5, 1330.0], [3175.25, 388.0], [3175.5, 1688.0], [3175.75, 1572.0], [3176.0, 1688.0], [3176.25, 1688.0], [3176.5, 10671.0], [3176.75, 38983.0], [3180.25, 7361.0], [3180.5, 24660.0], [3183.0, 400.0], [3183.5, 89412.0], [3184.75, 49830.0], [3185.25, 1112.0], [3189.25, 40000.0], [3190.25, 74987.0], [3190.5, 45.0], [3193.0, 16.0]]}}}
{"jsonrpc": "2.0", "method": "subscription", "params": {"channel": "book.ETH-21NOV25.none.20.100ms", "data": {"timestamp": 1763184189069, "change_id": 96954887641, "instrument_name": "ETH-21NOV25", "bids": [[3173.5, 4847.0], [3173.0, 388.0], [3172.75, 1688.0], [3172.5, 1712.0], [3172.25, 5076.0], [3172.0, 12382.0], [3170.25, 500.0], [3170.0, 6306.0], [3169.75, 28523.0], [3169.5, 29041.0], [3169.25, 14259.0], [3166.5, 328.0], [3166.25, 2413.0], [3166.0, 9653.0], [3165.75, 26892.0], [3165.5, 40000.0], [3165.0, 400.0], [3164.75, 25390.0], [3164.25, 11.0], [3163.5, 49807.0]], "asks": [[3173.75, 3597.0], [3174.25, 397.0], [3174.5, 1330.0], [3175.25, 388.0], [3175.5, 1688.0], [3175.75, 1572.0], [3176.0, 1688.0], [3176.25, 1688.0], [3176.5, 10671.0], [3176.75, 38983.0], [3180.25, 7361.0], [3180.5, 24660.0], [3183.0, 400.0], [3183.5, 89412.0], [3184.75, 49830.0], [3185.25, 1112.0], [3189.25, 40000.0], [3190.25, 74987.0], [3190.5, 45.0], [3193.0, 16.0]]}}}
{"jsonrpc": "2.0", "method": "subscription", "params": {"channel": "book.ETH-21NOV25.none.20.100ms", "data": {"timestamp": 1763184189357, "change_id": 96954888000, "instrument_name": "ETH-21NOV25", "bids": [[3173.5, 4847.0], [3173.0, 388.0], [3172.75, 1688.0], [3172.5, 1712.0], [3172.25, 5076.0], [3172.0, 12382.0], [3170.25, 500.0], [3170.0, 6306.0], [3169.75, 28523.0], [3169.5, 29041.0], [3169.25, 14259.0], [3166.5, 328.0], [3166.25, 2413.0], [3166.0, 9653.0], [3165.75, 26892.0], [3165.5, 40000.0], [3165.0, 400.0], [3164.75, 25390.0], [3164.25, 11.0], [3163.5, 49807.0]], "asks": [[3173.75, 3597.0], [3174.25, 1553.0], [3174.5, 26882.0], [3175.25, 388.0], [3175.5, 1688.0], [3175.75, 1572.0], [3176.0, 1688.0], [3176.25, 1688.0], [3176.5, 10671.0], [3176.75, 38983.0], [3180.25, 7361.0], [3180.5, 24660.0], [3183.0, 400.0], [3183.5, 89412.0], [3184.75, 49830.0], [3185.25, 1112.0], [3189.25, 40000.0], [3190.25, 74987.0], [3190.5, 45.0], [3193.0, 16.0]]}}}
{"jsonrpc": "2.0", "method": "subscription", "params": {"channel": "book.ETH-21NOV25.none.20.100ms", "data": {"timestamp": 1763184190189, "change_id": 96954888924, "instrument_name": "ETH-21NOV25", "bids": [[3173.5, 4847.0], [3173.0, 388.0], [3172.75, 1688.0], [3172.5, 1712.0], [3172.25, 5076.0], [3172.0, 12382.0], [3170.25, 500.0], [3170.0, 6306.0], [3169.75, 28523.0], [3169.5, 29041.0], [3169.25, 14259.0], [3166.5, 328.0], [3166.25, 2413.0], [3166.0, 9653.0], [3165.75, 26892.0], [3165.5, 40000.0], [3165.0, 400.0], [3164.75, 25390.0], [3164.25, 11.0], [3163.5, 49807.0]], "asks": [[3173.75, 3597.0], [3174.25, 1553.0], [3174.5, 26882.0], [3175.25, 388.0], [3175.5, 1688.0], [3175.75, 1572.0], [3176.0, 1688.0], [3176.25, 1688.0], [3176.5, 10671.0], [3176.75, 38983.0], [3180.25, 7361.0], [3180.5, 24660.0], [3183.0, 400.0], [3183.5, 89412.0], [3184.75, 49830.0], [3185.25, 1112.0], [3189.25, 40000.0], [3190.25, 74987.0], [3190.5, 45.0], [3193.0, 16.0]]}}}
{"jsonrpc": "2.0", "method": "subscription", "params": {"channel": "book.ETH-21NOV25.none.20.100ms", "data": {"timestamp": 1763184190289, "change_id": 96954889039, "instrument_name": "ETH-21NOV25", "bids": [[3173.5, 4847.0], [3173.0, 388.0], [3172.75, 1688.0], [3172.5, 1712.0], [3172.25, 5076.0], [3172.0, 12382.0], [3170.25, 500.0], [3170.0, 6306.0], [3169.75, 28523.0], [3169.5, 29041.0], [3169.25, 14259.0], [3166.5, 328.0], [3166.25, 2413.0], [3166.0, 9653.0], [3165.75, 26892.0], [3165.5, 40000.0], [3165.0, 400.0], [3164.75, 25390.0], [3164.25, 11.0], [3163.5, 49807.0]], "asks": [[3173.75, 3597.0], [3174.25, 397.0], [3174.5, 1330.0], [3175.25, 388.0], [3175.5, 1688.0], [3175.75, 1572.0], [3176.0, 1688.0], [3176.25, 1688.0], [3176.5, 10671.0], [3176.75, 38983.0], [3180.25, 7361.0], [3180.5, 24660.0], [3183.0, 400.0], [3183.5, 89412.0], [3184.75, 49830.0], [3185.25, 1112.0], [3189.25, 40000.0], [3190.25, 74987.0], [3190.5, 45.0], [3193.0, 16.0]]}}}
{"jsonrpc": "2.0", "method": "subscription", "params": {"channel": "book.ETH-21NOV25.none.20.100ms", "data": {"timestamp": 1763184190686, "change_id": 96954889325, "instrument_name": "ETH-21NOV25", "bids": [[3173.5, 4847.0], [3173.0, 388.0], [3172.75, 1688.0], [3172.5, 1712.0], [3172.25, 5076.0], [3172.0, 12382.0], [3170.25, 500.0], [3170.0, 6306.0], [3169.75, 28523.0], [3169.5, 29041.0], [3169.25, 14259.0], [3166.5, 328.0], [3166.25, 2413.0], [3166.0, 9653.0], [3165.75, 26892.0], [3165.5, 40000.0], [3165.0, 400.0], [3164.75, 25390.0], [3164.25, 11.0], [3163.5, 49807.0]], "asks": [[3173.75, 3597.0], [3174.0, 654.0], [3174.25, 25949.0], [3174.5, 1330.0], [3175.25, 388.0], [3175.5, 1688.0], [3175.75, 1572.0], [3176.0, 1688.0], [3176.25, 1688.0], [3176.5, 10671.0], [3176.75, 38983.0], [3180.25, 7361.0], [3180.5, 24660.0], [3183.0, 400.0], [3183.5, 89412.0], [3184.75, 49830.0], [3185.25, 1112.0], [3189.25, 40000.0], [3190.25, 74987.0], [3190.5, 45.0]]}}}
{"jsonrpc": "2.0", "method": "subscription", "params": {"channel": "book.ETH-21NOV25.none.20.100ms", "data": {"timestamp": 1763184191243, "change_id": 96954890215, "instrument_name": "ETH-21NOV25", "bids": [[3173.5, 4847.0], [3173.0, 388.0], [3172.75, 1688.0], [3172.5, 1712.0], [3172.25, 5076.0], [3172.0, 12382.0], [3170.25, 500.0], [3170.0, 6306.0], [3169.75, 28523.0], [3169.5, 29041.0], [3169.25, 14259.0], [3166.5, 328.0], [3166.25, 2413.0], [3166.0, 9653.0], [3165.75, 26892.0], [3165.5, 40000.0], [3165.0, 400.0], [3164.75, 25390.0], [3164.25, 11.0], [3163.5, 49807.0]], "asks": [[3173.75, 3597.0], [3174.5, 80.0], [3175.0, 1250.0], [3175.25, 388.0], [3175.5, 1688.0], [3175.75, 1572.0], [3176.0, 1688.0], [3176.25, 1688.0], [3176.5, 10671.0], [3176.75, 38983.0], [3180.25, 7361.0], [3180.5, 24660.0], [3183.0, 400.0], [3183.5, 89412.0], [3184.75, 49830.0], [3185.25, 1112.0], [3189.25, 40000.0], [3190.25, 74987.0], [3190.5, 45.0], [3193.0, 16.0]]}}}
{"jsonrpc": "2.0", "method": "subscription", "params": {"channel": "book.ETH-21NOV25.none.20.100ms", "data": {"timestamp": 1763184191337, "change_id": 96954890249, "instrument_name": "ETH-21NOV25", "bids": [[3173.5, 4847.0], [3173.0, 388.0], [3172.75, 1688.0], [3172.5, 1712.0], [3172.25, 5076.0], [3172.0, 12382.0], [3170.25, 500.0], [3170.0, 6306.0], [3169.75, 28523.0], [3169.5, 29041.0], [3169.25, 14259.0], [3166.5, 328.0], [3166.25, 2413.0], [3166.0, 9653.0], [3165.75, 26892.0], [3165.5, 40000.0], [3165.0, 400.0], [3164.75, 25390.0], [3164.25, 11.0], [3163.5, 49807.0]], "asks": [[3173.75, 3597.0], [3174.25, 25552.0], [3174.5, 453.0], [3174.75, 1250.0], [3175.25, 388.0], [3175.5, 1688.0], [3175.75, 1572.0], [3176.0, 1688.0], [3176.25, 1688.0], [3176.5, 10671.0], [3176.75, 38983.0], [3180.25, 7361.0], [3180.5, 24660.0], [3183.0, 400.0], [3183.5, 89412.0], [3184.75, 49830.0], [3185.25, 1112.0], [3189.25, 40000.0], [3190.25, 74987.0], [3190.5, 45.0]]}}}
{"jsonrpc": "2.0", "method": "subscription", "params": {"channel": "book.ETH-21NOV25.none.20.100ms", "data": {"timestamp": 1763184191876, "change_id": 96954890838, "instrument_name": "ETH-21NOV25", "bids": [[3173.5, 4847.0], [3173.0, 388.0], [3172.75, 1688.0], [3172.5, 1712.0], [3172.25, 5076.0], [3172.0, 12382.0], [3170.25, 500.0], [3170.0, 6306.0], [3169.75, 28523.0], [3169.5, 29041.0], [3169.25, 14259.0], [3166.5, 328.0], [3166.25, 2413.0], [3166.0, 9653.0], [3165.75, 26892.0], [3165.5, 40000.0], [3165.0, 400.0], [3164.75, 25390.0], [3164.25, 11.0], [3163.5, 49807.0]], "asks": [[3174.0, 3597.0], [3174.5, 453.0], [3174.75, 1250.0], [3175.25, 388.0], [3175.5, 1688.0], [3175.75, 1572.0], [3176.0, 1688.0], [3176.25, 1688.0], [3176.5, 10671.0], [3176.75, 38983.0], [3180.25, 7361.0], [3180.5, 24660.0], [3183.0, 400.0], [3183.5, 89412.0], [3184.75, 49830.0], [3185.25, 1112.0], [3189.25, 40000.0], [3190.25, 74987.0], [3190.5, 45.0], [3193.0, 16.0]]}}}
{"jsonrpc": "2.0", "method": "subscription", "params": {"channel": "book.ETH-21NOV25.none.20.100ms", "data": {"timestamp": 1763184191984, "change_id": 96954890906, "instrument_name": "ETH-21NOV25", "bids": [[3173.5, 4847.0], [3173.0, 388.0], [3172.75, 1688.0], [3172.5, 1712.0], [3172.25, 5076.0], [3172.0, 12382.0], [3170.25, 500.0], [3170.0, 6306.0], [3169.75, 28523.0], [3169.5, 29041.0], [3169.25, 14259.0], [3166.5, 328.0], [3166.25, 2413.0], [3166.0, 9653.0], [3165.75, 26892.0], [3165.5, 40000.0], [3165.0, 400.0], [3164.75, 25390.0], [3164.25, 11.0], [3163.5, 49807.0]], "asks": [[3174.0, 3597.0], [3174.25, 25552.0], [3174.5, 453.0], [3174.75, 1250.0], [3175.25, 388.0], [3175.5, 1688.0], [3175.75, 1572.0], [3176.0, 1688.0], [3176.25, 1688.0], [3176.5, 10671.0], [3176.75, 38983.0], [3180.25, 7361.0], [3180.5, 24660.0], [3183.0, 400.0], [3183.5, 89412.0], [3184.75, 49830.0], [3185.25, 1112.0], [3189.25, 40000.0], [3190.25, 74987.0], [3190.5, 45.0]]}}}
{"jsonrpc": "2.0", "method": "subscription", "params": {"channel": "book.ETH-21NOV25.none.20.100ms", "data": {"timestamp": 1763184192488, "change_id": 96954891494, "instrument_name": "ETH-21NOV25", "bids": [[3173.5, 4847.0], [3173.0, 388.0], [3172.75, 1688.0], [3172.5, 1712.0], [3172.25, 5076.0], [3172.0, 12382.0], [3170.25, 500.0], [3170.0, 6306.0], [3169.75, 28523.0], [3169.5, 29041.0], [3169.25, 14259.0], [3166.5, 328.0], [3166.25, 2413.0], [3166.0, 9653.0], [3165.75, 26892.0], [3165.5, 40000.0], [3165.0, 400.0], [3164.75, 25390.0], [3164.25, 11.0], [3163.5, 49807.0]], "asks": [[3173.75, 3597.0], [3174.5, 453.0], [3174.75, 1250.0], [3175.25, 388.0], [3175.5, 1688.0], [3175.75, 1572.0], [3176.0, 1688.0], [3176.25, 1688.0], [3176.5, 10671.0], [3176.75, 38983.0], [3180.25, 7361.0], [3180.5, 24660.0], [3183.0, 400.0], [3183.5, 89412.0], [3184.75, 49830.0], [3185.25, 1112.0], [3189.25, 40000.0], [3190.25, 74987.0], [3190.5, 45.0], [3193.0, 16.0]]}}}
{"jsonrpc": "2.0", "method": "subscription", "params": {"channel": "book.ETH-21NOV25.none.20.100ms", "data": {"timestamp": 1763184192846, "change_id": 96954891978, "instrument_name": "ETH-21NOV25", "bids": [[3173.5, 4847.0], [3173.0, 388.0], [3172.75, 1688.0], [3172.5, 1712.0], [3172.25, 5076.0], [3172.0, 12382.0], [3170.25, 500.0], [3170.0, 6306.0], [3169.75, 28523.0], [3169.5, 29041.0], [3169.25, 14259.0], [3166.5, 328.0], [3166.25, 2413.0], [3166.0, 9653.0], [3165.75, 26892.0], [3165.5, 40000.0], [3165.0, 400.0], [3164.75, 25390.0], [3164.25, 11.0], [3163.5, 49807.0]], "asks": [[3173.75, 3597.0], [3174.25, 1529.0], [3174.5, 26005.0], [3174.75, 1250.0], [3175.25, 388.0], [3175.5, 1688.0], [3175.75, 1572.0], [3176.0, 1688.0], [3176.25, 1688.0], [3176.5, 10671.0], [3176.75, 38983.0], [3180.25, 7361.0], [3180.5, 24660.0], [3183.0, 400.0], [3183.5, 89412.0], [3184.75, 49830.0], [3185.25, 1112.0], [3189.25, 40000.0], [3190.25, 74987.0], [3190.5, 45.0]]}}}
{"jsonrpc": "2.0", "method": "subscription", "params": {"channel": "book.ETH-21NOV25.none.20.100ms", "data": {"timestamp": 1763184193191, "change_id": 96954892428, "instrument_name": "ETH-21NOV25", "bids": [[3173.5, 4847.0], [3173.0, 388.0], [3172.75, 1688.0], [3172.5, 1712.0], [3172.25, 5076.0], [3172.0, 12382.0], [3170.25, 500.0], [3170.0, 6306.0], [3169.75, 28523.0], [3169.5, 29041.0], [3169.25, 14259.0], [3166.5, 328.0], [3166.25, 2413.0], [3166.0, 9653.0], [3165.75, 26892.0], [3165.5, 40000.0], [3165.0, 400.0], [3164.75, 25390.0], [3164.25, 11.0], [3163.5, 49807.0]], "asks": [[3173.75, 3597.0], [3174.25, 1529.0], [3174.5, 27255.0], [3175.25, 388.0], [3175.5, 1688.0], [3175.75, 1572.0], [3176.0, 1688.0], [3176.25, 1688.0], [3176.5, 10671.0], [3176.75, 38983.0], [3180.25, 7361.0], [3180.5, 24660.0], [3183.0, 400.0], [3183.5, 89412.0], [3184.75, 49830.0], [3185.25, 1112.0], [3189.25, 40000.0], [3190.25, 74987.0], [3190.5, 45.0], [3193.0, 16.0]]}}}
{"jsonrpc": "2.0", "method": "subscription", "params": {"channel": "book.ETH-21NOV25.none.20.100ms", "data": {"timestamp": 1763184193364, "change_id": 96954892615, "instrument_name": "ETH-21NOV25", "bids": [[3173.5, 4847.0], [3173.0, 388.0], [3172.75, 1688.0], [3172.5, 1712.0], [3172.25, 5076.0], [3172.0, 12382.0], [3170.25, 500.0], [3170.0, 6306.0], [3169.75, 28523.0], [3169.5, 29041.0], [3169.25, 14259.0], [3166.5, 328.0], [3166.25, 2413.0], [3166.0, 9653.0], [3165.75, 26892.0], [3165.5, 40000.0], [3165.0, 400.0], [3164.75, 25390.0], [3164.25, 11.0], [3163.5, 49807.0]], "asks": [[3173.75, 3597.0], [3174.25, 397.0], [3174.5, 1330.0], [3175.25, 388.0], [3175.5, 1688.0], [3175.75, 1572.0], [3176.0, 1688.0], [3176.25, 1688.0], [3176.5, 10671.0], [3176.75, 38983.0], [3180.25, 7361.0], [3180.5, 24660.0], [3183.0, 400.0], [3183.5, 89412.0], [3184.75, 49830.0], [3185.25, 1112.0], [3189.25, 40000.0], [3190.25, 74987.0], [3190.5, 45.0], [3193.0, 16.0]]}}}
{"jsonrpc": "2.0", "method": "subscription", "params": {"channel": "book.ETH-21NOV25.none.20.100ms", "data": {"timestamp": 1763184193706, "change_id": 96954892826, "instrument_name": "ETH-21NOV25", "bids": [[3173.5, 4847.0], [3173.0, 388.0], [3172.75, 1688.0], [3172.5, 1712.0], [3172.25, 5076.0], [3172.0, 12382.0], [3170.25, 500.0], [3170.0, 6306.0], [3169.75, 28523.0], [3169.5, 29041.0], [3169.25, 14259.0], [3166.5, 328.0], [3166.25, 2413.0], [3166.0, 9653.0], [3165.75, 26892.0], [3165.5, 40000.0], [3165.0, 400.0], [3164.75, 25390.0], [3164.25, 11.0], [3163.5, 49807.0]], "asks": [[3173.75, 3597.0], [3174.25, 25949.0], [3174.5, 1330.0], [3175.25, 388.0], [3175.5, 1688.0], [3175.75, 1572.0], [3176.0, 1688.0], [3176.25, 1688.0], [3176.5, 10671.0], [3176.75, 38983.0], [3180.25, 7361.0], [3180.5, 24660.0], [3183.0, 400.0], [3183.5, 89412.0], [3184.75, 49830.0], [3185.25, 1112.0], [3189.25, 40000.0], [3190.25, 74987.0], [3190.5, 45.0], [3193.0, 16.0]]}}}
{"jsonrpc": "2.0", "method": "subscription", "params": {"channel": "book.ETH-21NOV25.none.20.100ms", "data": {"timestamp": 1763184194210, "change_id": 96954893535, "instrument_name": "ETH-21NOV25", "bids": [[3173.5, 4847.0], [3173.0, 388.0], [3172.75, 1688.0], [3172.5, 1712.0], [3172.25, 5076.0], [3172.0, 12382.0], [3170.25, 500.0], [3170.0, 6306.0], [3169.75, 28523.0], [3169.5, 29041.0], [3169.25, 14259.0], [3166.5, 328.0], [3166.25, 2413.0], [3166.0, 9653.0], [3165.75, 26892.0], [3165.5, 40000.0], [3165.0, 400.0], [3164.75, 25390.0], [3164.25, 11.0], [3163.5, 49807.0]], "asks": [[3173.75, 3597.0], [3174.25, 397.0], [3174.5, 1330.0], [3175.25, 388.0], [3175.5, 1688.0], [3175.75, 1572.0], [3176.0, 1688.0], [3176.25, 1688.0], [3176.5, 10671.0], [3176.75, 38983.0], [3180.25, 7361.0], [3180.5, 24660.0], [3183.0, 400.0], [3183.5, 89412.0], [3184.75, 49830.0], [3185.25, 1112.0], [3189.25, 40000.0], [3190.25, 74987.0], [3190.5, 45.0], [3193.0, 16.0]]}}}
{"jsonrpc": "2.0", "method": "subscription", "params": {"channel": "book.ETH-21NOV25.none.20.100ms", "data": {"timestamp": 1763184194566, "change_id": 96954893742, "instrument_name": "ETH-21NOV25", "bids": [[3173.5, 4847.0], [3173.0, 388.0], [3172.75, 1688.0], [3172.5, 1712.0], [3172.25, 5076.0], [3172.0, 12382.0], [3170.25, 500.0], [3170.0, 6306.0], [3169.75, 28523.0], [3169.5, 29041.0], [3169.25, 14259.0], [3166.5, 328.0], [3166.25, 2413.0], [3166.0, 9653.0], [3165.75, 26892.0], [3165.5, 40000.0], [3165.0, 400.0], [3164.75, 25390.0], [3164.25, 11.0], [3163.5, 49807.0]], "asks": [[3173.75, 3597.0], [3174.25, 1154.0], [3174.5, 26882.0], [3175.25, 388.0], [3175.5, 1688.0], [3175.75, 1572.0], [3176.0, 1688.0], [3176.25, 1688.0], [3176.5, 10671.0], [3176.75, 38983.0], [3180.25, 7361.0], [3180.5, 24660.0], [3183.0, 400.0], [3183.5, 89412.0], [3184.75, 49830.0], [3185.25, 1112.0], [3189.25, 40000.0], [3190.25, 74987.0], [3190.5, 45.0], [3193.0, 16.0]]}}}
{"jsonrpc": "2.0", "method": "subscription", "params": {"channel": "book.ETH-21NOV25.none.20.100ms", "data": {"timestamp": 1763184194955, "change_id": 96954894304, "instrument_name": "ETH-21NOV25", "bids": [[3173.5, 4847.0], [3173.0, 388.0], [3172.75, 1688.0], [3172.5, 1712.0], [3172.25, 5076.0], [3172.0, 12382.0], [3170.25, 500.0], [3170.0, 6306.0], [3169.75, 28523.0], [3169.5, 29041.0], [3169.25, 14259.0], [3166.5, 328.0], [3166.25, 2413.0], [3166.0, 9653.0], [3165.75, 26892.0], [3165.5, 40000.0], [3165.0, 400.0], [3164.75, 25390.0], [3164.25, 11.0], [3163.5, 49807.0]], "asks": [[3174.0, 3597.0], [3174.25, 1154.0], [3174.5, 26882.0], [3175.25, 388.0], [3175.5, 1688.0], [3175.75, 1572.0], [3176.0, 1688.0], [3176.25, 1688.0], [3176.5, 10671.0], [3176.75, 38983.0], [3180.25, 7361.0], [3180.5, 24660.0], [3183.0, 400.0], [3183.5, 89412.0], [3184.75, 49830.0], [3185.25, 1112.0], [3189.25, 40000.0], [3190.25, 74987.0], [3190.5, 45.0], [3193.0, 16.0]]}}}
{"jsonrpc": "2.0", "method": "subscription", "params": {"channel": "book.ETH-21NOV25.none.20.100ms", "data": {"timestamp": 1763184195285, "change_id": 96954894763, "instrument_name": "ETH-21NOV25", "bids": [[3173.5, 4847.0], [3173.0, 388.0], [3172.75, 1688.0], [3172.5, 1712.0], [3172.25, 5076.0], [3172.0, 12382.0], [3170.25, 500.0], [3170.0, 6306.0], [3169.75, 28523.0], [3169.5, 29041.0], [3169.25, 14259.0], [3166.5, 328.0], [3166.25, 2413.0], [3166.0, 9653.0], [3165.75, 26892.0], [3165.5, 40000.0], [3165.0, 400.0], [3164.75, 25390.0], [3164.25, 11.0], [3163.5, 49807.0]], "asks": [[3174.0, 3597.0], [3174.25, 397.0], [3174.5, 1330.0], [3175.25, 388.0], [3175.5, 1688.0], [3175.75, 1572.0], [3176.0, 1688.0], [3176.25, 1688.0], [3176.5, 10671.0], [3176.75, 38983.0], [3180.25, 7361.0], [3180.5, 24660.0], [3183.0, 400.0], [3183.5, 89412.0], [3184.75, 49830.0], [3185.25, 1112.0], [3189.25, 40000.0], [3190.25, 74987.0], [3190.5, 45.0], [3193.0, 16.0]]}}}
{"jsonrpc": "2.0", "method": "subscription", "params": {"channel": "book.ETH-21NOV25.none.20.100ms", "data": {"timestamp": 1763184196195, "change_id": 96954896611, "instrument_name": "ETH-21NOV25", "bids": [[3174.0, 3859.0], [3173.75, 1250.0], [3173.0, 272.0], [3172.75, 1380.0], [3172.5, 13682.0], [3172.25, 1300.0], [3170.25, 500.0], [3170.0, 12898.0], [3169.75, 45910.0], [3169.5, 4256.0], [3169.25, 14259.0], [3166.25, 2413.0], [3166.0, 9653.0], [3165.75, 26892.0], [3165.5, 40000.0], [3165.0, 400.0], [3164.75, 25390.0], [3164.25, 11.0], [3163.5, 49807.0], [3161.5, 49335.0]], "asks": [[3174.5, 3597.0], [3175.0, 397.0], [3175.25, 1718.0], [3175.5, 1688.0], [3175.75, 1572.0], [3176.0, 1688.0], [3176.25, 1688.0], [3176.5, 10671.0], [3176.75, 38983.0], [3180.25, 7361.0], [3180.5, 24660.0], [3183.0, 400.0], [3183.5, 89412.0], [3184.75, 49830.0], [3185.25, 1112.0], [3189.25, 40000.0], [3190.25, 74987.0], [3190.5, 45.0], [3193.0, 16.0], [3193.25, 73090.0]]}}}
{"jsonrpc": "2.0", "method": "subscription", "params": {"channel": "book.ETH-21NOV25.none.20.100ms", "data": {"timestamp": 1763184196268, "change_id": 96954896832, "instrument_name": "ETH-21NOV25", "bids": [[3173.75, 4847.0], [3173.0, 272.0], [3172.75, 1380.0], [3172.5, 13682.0], [3172.25, 1300.0], [3170.25, 1599.0], [3170.0, 12898.0], [3169.75, 45910.0], [3169.5, 4256.0], [3169.25, 14259.0], [3166.25, 1314.0], [3166.0, 9653.0], [3165.75, 26892.0], [3165.5, 40000.0], [3165.0, 400.0], [3164.75, 25390.0], [3164.25, 11.0], [3163.5, 49807.0], [3161.5, 49335.0], [3159.75, 40000.0]], "asks": [[3174.25, 3597.0], [3174.75, 373.0], [3175.0, 1250.0], [3175.25, 468.0], [3175.5, 1688.0], [3175.75, 1572.0], [3176.0, 1688.0], [3176.25, 1688.0], [3176.5, 10671.0], [3176.75, 38983.0], [3180.25, 7361.0], [3180.5, 24660.0], [3183.0, 400.0], [3183.5, 89412.0], [3184.75, 49830.0], [3185.25, 1112.0], [3189.25, 40000.0], [3190.25, 74987.0], [3190.5, 45.0], [3193.0, 16.0]]}}}
{"jsonrpc": "2.0", "method": "subscription", "params": {"channel": "book.ETH-21NOV25.none.20.100ms", "data": {"timestamp": 1763184196964, "change_id": 96954898778, "instrument_name": "ETH-21NOV25", "bids": [[3173.75, 4847.0], [3173.0, 272.0], [3172.75, 1380.0], [3172.5, 12382.0], [3170.25, 1599.0], [3170.0, 12898.0], [3169.75, 45910.0], [3169.5, 4256.0], [3169.25, 14259.0], [3166.25, 1314.0], [3166.0, 9653.0], [3165.75, 26892.0], [3165.5, 40000.0], [3165.0, 400.0], [3164.75, 25390.0], [3164.25, 11.0], [3163.5, 49807.0], [3161.5, 49335.0], [3159.75, 40000.0], [3157.5, 76122.0]], "asks": [[3174.25, 3597.0], [3174.75, 373.0], [3175.0, 1250.0], [3175.25, 468.0], [3175.5, 1688.0], [3175.75, 1572.0], [3176.0, 1688.0], [3176.25, 1688.0], [3176.5, 10671.0], [3176.75, 38983.0], [3180.25, 7361.0], [3180.5, 24660.0], [3183.0, 400.0], [3183.5, 89412.0], [3184.75, 49830.0], [3185.25, 1112.0], [3189.25, 40000.0], [3190.25, 74987.0], [3190.5, 45.0], [3193.0, 16.0]]}}}
{"jsonrpc": "2.0", "method": "subscription", "params": {"channel": "book.ETH-21NOV25.none.20.100ms", "data": {"timestamp": 1763184197462, "change_id": 96954900502, "instrument_name": "ETH-21NOV25", "bids": [[3173.25, 5220.0], [3173.0, 388.0], [3172.75, 1300.0], [3172.25, 3720.0], [3172.0, 12462.0], [3170.5, 328.0], [3170.25, 1099.0], [3170.0, 5782.0], [3169.75, 28523.0], [3169.5, 29041.0], [3169.25, 14259.0], [3166.25, 1314.0], [3166.0, 9653.0], [3165.75, 26892.0], [3165.5, 40000.0], [3165.0, 400.0], [3164.75, 25390.0], [3164.25, 11.0], [3163.5, 49807.0], [3161.5, 49335.0]], "asks": [[3173.75, 3597.0], [3174.25, 2607.0], [3174.5, 25553.0], [3174.75, 1330.0], [3175.25, 272.0], [3175.5, 1688.0], [3175.75, 1572.0], [3176.0, 1688.0], [3176.25, 1688.0], [3176.5, 9497.0], [3176.75, 38983.0], [3180.5, 24660.0], [3183.0, 400.0], [3183.5, 89412.0], [3184.75, 49830.0], [3185.25, 1112.0], [3189.25, 40000.0], [3190.25, 74987.0], [3190.5, 45.0], [3193.0, 16.0]]}}}
