{"jsonrpc": "2.0", "id": 1, "result": ["book.ETH-23JAN26.none.20.100ms"], "usIn": 1768818872599754, "usOut": 1768818872599899, "usDiff": 145, "testnet": false}
{"jsonrpc": "2.0", "method": "subscription", "params": {"channel": "book.ETH-23JAN26.none.20.100ms", "data": {"timestamp": 1768818872290, "change_id": 105356216766, "instrument_name": "ETH-23JAN26", "bids": [[3208.75, 2625.0], [3208.5, 3916.0], [3208.25, 7270.0], [3208.0, 6257.0], [3207.75, 9765.0], [3207.5, 2000.0], [3207.25, 597.0], [3207.0, 2000.0], [3206.75, 597.0], [3206.5, 2000.0], [3206.25, 2624.0], [3206.0, 7047.0], [3205.25, 6129.0], [3205.0, 20532.0], [3204.25, 6589.0], [3204.0, 22075.0], [3203.25, 3578.0], [3203.0, 20202.0], [3200.5, 5943.0], [3199.0, 19022.0]], "asks": [[3209.0, 6673.0], [3209.25, 5826.0], [3209.5, 13627.0], [3209.75, 3222.0], [3210.0, 2597.0], [3210.25, 2597.0], [3210.5, 2597.0], [3210.75, 8130.0], [3211.0, 20536.0], [3212.5, 2155.0], [3212.75, 7221.0], [3213.75, 6577.0], [3214.0, 22032.0], [3214.25, 500.0], [3214.75, 500.0], [3216.5, 5880.0], [3216.75, 19700.0], [3217.75, 39462.0], [3218.25, 40000.0], [3219.25, 500.0]]}}}
{"jsonrpc": "2.0", "method": "subscription", "params": {"channel": "book.ETH-23JAN26.none.20.100ms", "data": {"timestamp": 1768818872790, "change_id": 105356217444, "instrument_name": "ETH-23JAN26", "bids": [[3208.75, 2625.0], [3208.5, 3916.0], [3208.25, 7270.0], [3208.0, 6257.0], [3207.75, 9765.0], [3207.5, 2000.0], [3207.25, 597.0], [3207.0, 2000.0], [3206.75, 597.0], [3206.5, 2000.0], [3206.25, 2624.0], [3206.0, 7047.0], [3205.25, 6129.0], [3205.0, 20532.0], [3204.25, 6589.0], [3204.0, 22075.0], [3203.25, 3578.0], [3203.0, 20202.0], [3200.5, 5943.0], [3199.0, 19022.0]], "asks": [[3209.0, 6673.0], [3209.25, 2597.0], [3209.5, 2555.0], [3209.75, 3222.0], [3210.0, 2597.0], [3210.25, 2597.0], [3210.5, 2597.0], [3210.75, 8130.0], [3211.0, 20536.0], [3212.5, 2155.0], [3212.75, 7221.0], [3213.75, 6577.0], [3214.0, 22032.0], [3214.25, 500.0], [3214.75, 500.0], [3216.5, 5880.0], [3216.75, 19700.0], [3217.75, 39462.0], [3218.25, 40000.0], [3219.25, 500.0]]}}}
{"jsonrpc": "2.0", "method": "subscription", "params": {"channel": "book.ETH-23JAN26.none.20.100ms", "data": {"timestamp": 1768818873152, "change_id": 105356217868, "instrument_name": "ETH-23JAN26", "bids": [[3208.75, 2625.0], [3208.5, 3916.0], [3208.25, 7270.0], [3208.0, 6257.0], [3207.75, 9765.0], [3207.5, 2000.0], [3207.25, 597.0], [3207.0, 2000.0], [3206.75, 597.0], [3206.5, 2000.0], [3206.25, 2624.0], [3206.0, 7047.0], [3205.25, 6129.0], [3205.0, 20532.0], [3204.25, 6589.0], [3204.0, 22075.0], [3203.25, 3578.0], [3203.0, 20202.0], [3200.5, 5943.0], [3199.0, 19022.0]], "asks": [[3209.0, 6673.0], [3209.25, 5826.0], [3209.5, 13627.0], [3209.75, 3222.0], [3210.0, 2597.0], [3210.25, 2597.0], [3210.5, 2597.0], [3210.75, 8130.0], [3211.0, 20536.0], [3212.5, 2155.0], [3212.75, 7221.0], [3213.75, 6577.0], [3214.0, 22032.0], [3214.25, 500.0], [3214.75, 500.0], [3216.5, 5880.0], [3216.75, 19700.0], [3217.75, 39462.0], [3218.25, 40000.0], [3219.25, 500.0]]}}}
{"jsonrpc": "2.0", "method": "subscription", "params": {"channel": "book.ETH-23JAN26.none.20.100ms", "data": {"timestamp": 1768818874467, "change_id": 105356218770, "instrument_name": "ETH-23JAN26", "bids": [[3208.75, 2625.0], [3208.5, 3916.0], [3208.25, 7270.0], [3208.0, 6257.0], [3207.75, 9765.0], [3207.5, 2000.0], [3207.25, 597.0], [3207.0, 2000.0], [3206.75, 597.0], [3206.5, 2000.0], [3206.25, 2624.0], [3206.0, 7047.0], [3205.25, 6129.0], [3205.0, 20532.0], [3204.25, 6589.0], [3204.0, 22075.0], [3203.25, 3578.0], [3203.0, 20202.0], [3200.5, 5943.0], [3199.0, 19022.0]], "asks": [[3209.0, 6673.0], [3209.25, 2597.0], [3209.5, 2555.0], [3209.75, 3222.0], [3210.0, 2597.0], [3210.25, 2597.0], [3210.5, 2597.0], [3210.75, 8130.0], [3211.0, 20536.0], [3212.5, 2155.0], [3212.75, 7221.0], [3213.75, 6577.0], [3214.0, 22032.0], [3214.25, 500.0], [3214.75, 500.0], [3216.5, 5880.0], [3216.75, 19700.0], [3217.75, 39462.0], [3218.25, 40000.0], [3219.25, 500.0]]}}}
{"jsonrpc": "2.0", "method": "subscription", "params": {"channel": "book.ETH-23JAN26.none.20.100ms", "data": {"timestamp": 1768818874835, "change_id": 105356219052, "instrument_name": "ETH-23JAN26", "bids": [[3208.75, 2625.0], [3208.5, 3916.0], [3208.25, 7270.0], [3208.0, 6257.0], [3207.75, 9765.0], [3207.5, 2000.0], [3207.25, 597.0], [3207.0, 2000.0], [3206.75, 597.0], [3206.5, 2000.0], [3206.25, 2624.0], [3206.0, 7047.0], [3205.25, 6129.0], [3205.0, 20532.0], [3204.25, 6589.0], [3204.0, 22075.0], [3203.25, 3578.0], [3203.0, 20202.0], [3200.5, 5943.0], [3199.0, 19022.0]], "asks": [[3209.0, 6673.0], [3209.25, 5516.0], [3209.5, 12588.0], [3209.75, 3222.0], [3210.0, 2597.0], [3210.25, 2597.0], [3210.5, 2597.0], [3210.75, 8130.0], [3211.0, 20536.0], [3212.5, 2155.0], [3212.75, 7221.0], [3213.75, 6577.0], [3214.0, 22032.0], [3214.25, 500.0], [3214.75, 500.0], [3216.5, 5880.0], [3216.75, 19700.0], [3217.75, 39462.0], [3218.25, 40000.0], [3219.25, 500.0]]}}}
{"jsonrpc": "2.0", "method": "subscription", "params": {"channel": "book.ETH-23JAN26.none.20.100ms", "data": {"timestamp": 1768818875524, "change_id": 105356219523, "instrument_name": "ETH-23JAN26", "bids": [[3208.75, 2625.0], [3208.5, 3916.0], [3208.25, 7270.0], [3208.0, 6257.0], [3207.75, 9765.0], [3207.5, 2000.0], [3207.25, 597.0], [3207.0, 2000.0], [3206.75, 597.0], [3206.5, 2000.0], [3206.25, 2624.0], [3206.0, 7047.0], [3205.25, 6129.0], [3205.0, 20532.0], [3204.25, 6589.0], [3204.0, 22075.0], [3203.25, 3578.0], [3203.0, 20202.0], [3200.5, 5943.0], [3199.0, 19022.0]], "asks": [[3209.0, 6673.0], [3209.25, 2597.0], [3209.5, 2555.0], [3209.75, 3222.0], [3210.0, 2597.0], [3210.25, 2597.0], [3210.5, 2597.0], [3210.75, 8130.0], [3211.0, 20536.0], [3212.5, 2155.0], [3212.75, 7221.0], [3213.75, 6577.0], [3214.0, 22032.0], [3214.25, 500.0], [3214.75, 500.0], [3216.5, 5880.0], [3216.75, 19700.0], [3217.75, 39462.0], [3218.25, 40000.0], [3219.25, 500.0]]}}}
{"jsonrpc": "2.0", "method": "subscription", "params": {"channel": "book.ETH-23JAN26.none.20.100ms", "data": {"timestamp": 1768818876096, "change_id": 105356220007, "instrument_name": "ETH-23JAN26", "bids": [[3208.75, 2625.0], [3208.5, 3916.0], [3208.25, 7270.0], [3208.0, 6257.0], [3207.75, 9765.0], [3207.5, 2000.0], [3207.25, 597.0], [3207.0, 2000.0], [3206.75, 597.0], [3206.5, 2000.0], [3206.25, 2624.0], [3206.0, 7047.0], [3205.25, 6129.0], [3205.0, 20532.0], [3204.25, 6589.0], [3204.0, 22075.0], [3203.25, 3578.0], [3203.0, 20202.0], [3200.5, 5943.0], [3199.0, 19022.0]], "asks": [[3209.0, 6673.0], [3209.25, 5470.0], [3209.5, 12436.0], [3209.75, 3222.0], [3210.0, 2597.0], [3210.25, 2597.0], [3210.5, 2597.0], [3210.75, 8130.0], [3211.0, 20536.0], [3212.5, 2155.0], [3212.75, 7221.0], [3213.75, 6577.0], [3214.0, 22032.0], [3214.25, 500.0], [3214.75, 500.0], [3216.5, 5880.0], [3216.75, 19700.0], [3217.75, 39462.0], [3218.25, 40000.0], [3219.25, 500.0]]}}}
{"jsonrpc": "2.0", "method": "subscription", "params": {"channel": "book.ETH-23JAN26.none.20.100ms", "data": {"timestamp": 1768818876571, "change_id": 105356220336, "instrument_name": "ETH-23JAN26", "bids": [[3208.75, 2625.0], [3208.5, 3916.0], [3208.25, 7270.0], [3208.0, 6257.0], [3207.75, 9765.0], [3207.5, 2000.0], [3207.25, 597.0], [3207.0, 2000.0], [3206.75, 597.0], [3206.5, 2000.0], [3206.25, 2624.0], [3206.0, 7047.0], [3205.25, 6129.0], [3205.0, 20532.0], [3204.25, 6589.0], [3204.0, 22075.0], [3203.25, 3578.0], [3203.0, 20202.0], [3200.5, 5943.0], [3199.0, 19022.0]], "asks": [[3209.0, 6673.0], [3209.25, 2597.0], [3209.5, 2555.0], [3209.75, 3222.0], [3210.0, 2597.0], [3210.25, 2597.0], [3210.5, 2597.0], [3210.75, 8130.0], [3211.0, 20536.0], [3212.5, 2155.0], [3212.75, 7221.0], [3213.75, 6577.0], [3214.0, 22032.0], [3214.25, 500.0], [3214.75, 500.0], [3216.5, 5880.0], [3216.75, 19700.0], [3217.75, 39462.0], [3218.25, 40000.0], [3219.25, 500.0]]}}}
{"jsonrpc": "2.0", "method": "subscription", "params": {"channel": "book.ETH-23JAN26.none.20.100ms", "data": {"timestamp": 1768818876936, "change_id": 105356220664, "instrument_name": "ETH-23JAN26", "bids": [[3208.75, 2625.0], [3208.5, 3916.0], [3208.25, 7270.0], [3208.0, 6257.0], [3207.75, 9765.0], [3207.5, 2000.0], [3207.25, 597.0], [3207.0, 2000.0], [3206.75, 597.0], [3206.5, 2000.0], [3206.25, 2624.0], [3206.0, 7047.0], [3205.25, 6129.0], [3205.0, 20532.0], [3204.25, 6589.0], [3204.0, 22075.0], [3203.25, 3578.0], [3203.0, 20202.0], [3200.5, 5943.0], [3199.0, 19022.0]], "asks": [[3209.0, 6673.0], [3209.25, 5822.0], [3209.5, 13627.0], [3209.75, 3222.0], [3210.0, 2597.0], [3210.25, 2597.0], [3210.5, 2597.0], [3210.75, 8130.0], [3211.0, 20536.0], [3212.5, 2155.0], [3212.75, 7221.0], [3213.75, 6577.0], [3214.0, 22032.0], [3214.25, 500.0], [3214.75, 500.0], [3216.5, 5880.0], [3216.75, 19700.0], [3217.75, 39462.0], [3218.25, 40000.0], [3219.25, 500.0]]}}}
{"jsonrpc": "2.0", "method": "subscription", "params": {"channel": "book.ETH-23JAN26.none.20.100ms", "data": {"timestamp": 1768818877623, "change_id": 105356221214, "instrument_name": "ETH-23JAN26", "bids": [[3208.75, 2625.0], [3208.5, 3916.0], [3208.25, 7270.0], [3208.0, 6257.0], [3207.75, 9765.0], [3207.5, 2000.0], [3207.25, 597.0], [3207.0, 2000.0], [3206.75, 597.0], [3206.5, 2000.0], [3206.25, 2624.0], [3206.0, 7047.0], [3205.25, 6129.0], [3205.0, 20532.0], [3204.25, 6589.0], [3204.0, 22075.0], [3203.25, 3578.0], [3203.0, 20202.0], [3200.5, 5943.0], [3199.0, 19022.0]], "asks": [[3209.0, 6673.0], [3209.25, 2597.0], [3209.5, 2555.0], [3209.75, 3222.0], [3210.0, 2597.0], [3210.25, 2597.0], [3210.5, 2597.0], [3210.75, 8130.0], [3211.0, 20536.0], [3212.5, 2155.0], [3212.75, 7221.0], [3213.75, 6577.0], [3214.0, 22032.0], [3214.25, 500.0], [3214.75, 500.0], [3216.5, 5880.0], [3216.75, 19700.0], [3217.75, 39462.0], [3218.25, 40000.0], [3219.25, 500.0]]}}}
{"jsonrpc": "2.0", "method": "subscription", "params": {"channel": "book.ETH-23JAN26.none.20.100ms", "data": {"timestamp": 1768818878008, "change_id": 105356221543, "instrument_name": "ETH-23JAN26", "bids": [[3208.75, 2625.0], [3208.5, 3916.0], [3208.25, 7270.0], [3208.0, 6257.0], [3207.75, 9765.0], [3207.5, 2000.0], [3207.25, 597.0], [3207.0, 2000.0], [3206.75, 597.0], [3206.5, 2000.0], [3206.25, 2624.0], [3206.0, 7047.0], [3205.25, 6129.0], [3205.0, 20532.0], [3204.25, 6589.0], [3204.0, 22075.0], [3203.25, 3578.0], [3203.0, 20202.0], [3200.5, 5943.0], [3199.0, 19022.0]], "asks": [[3209.0, 4673.0], [3209.25, 5826.0], [3209.5, 13627.0], [3209.75, 3222.0], [3210.0, 2597.0], [3210.25, 2597.0], [3210.5, 2597.0], [3210.75, 8130.0], [3211.0, 20536.0], [3213.25, 2154.0], [3213.5, 7216.0], [3213.75, 6577.0], [3214.0, 22032.0], [3214.25, 500.0], [3214.75, 500.0], [3216.5, 5880.0], [3216.75, 19700.0], [3217.75, 39462.0], [3218.25, 40000.0], [3219.25, 500.0]]}}}
{"jsonrpc": "2.0", "method": "subscription", "params": {"channel": "book.ETH-23JAN26.none.20.100ms", "data": {"timestamp": 1768818879483, "change_id": 105356222624, "instrument_name": "ETH-23JAN26", "bids": [[3208.75, 2625.0], [3208.5, 3916.0], [3208.25, 7270.0], [3208.0, 6257.0], [3207.75, 9765.0], [3207.5, 2000.0], [3207.25, 597.0], [3207.0, 2000.0], [3206.75, 597.0], [3206.5, 2000.0], [3206.25, 2624.0], [3206.0, 7047.0], [3205.25, 6129.0], [3205.0, 20532.0], [3204.25, 6589.0], [3204.0, 22075.0], [3203.25, 3578.0], [3203.0, 20202.0], [3200.5, 5943.0], [3199.0, 19022.0]], "asks": [[3209.0, 6673.0], [3209.25, 5826.0], [3209.5, 13627.0], [3209.75, 3222.0], [3210.0, 2597.0], [3210.25, 2597.0], [3210.5, 2597.0], [3210.75, 8130.0], [3211.0, 20536.0], [3213.25, 2154.0], [3213.5, 7216.0], [3213.75, 6577.0], [3214.0, 22032.0], [3214.25, 500.0], [3214.75, 500.0], [3216.5, 5880.0], [3216.75, 19700.0], [3217.75, 39462.0], [3218.25, 40000.0], [3219.25, 500.0]]}}}
{"jsonrpc": "2.0", "method": "subscription", "params": {"channel": "book.ETH-23JAN26.none.20.100ms", "data": {"timestamp": 1768818879816, "change_id": 105356222890, "instrument_name": "ETH-23JAN26", "bids": [[3208.75, 2625.0], [3208.5, 3916.0], [3208.25, 7270.0], [3208.0, 6257.0], [3207.75, 9765.0], [3207.5, 2000.0], [3207.25, 597.0], [3207.0, 2000.0], [3206.75, 597.0], [3206.5, 2000.0], [3206.25, 2624.0], [3206.0, 7047.0], [3204.75, 6129.0], [3204.5, 20532.0], [3204.25, 6589.0], [3204.0, 22075.0], [3203.25, 3578.0], [3203.0, 20202.0], [3200.5, 5943.0], [3199.0, 19022.0]], "asks": [[3209.0, 6673.0], [3209.25, 5826.0], [3209.5, 13627.0], [3209.75, 3222.0], [3210.0, 2597.0], [3210.25, 2597.0], [3210.5, 2597.0], [3210.75, 8130.0], [3211.0, 20536.0], [3213.25, 2154.0], [3213.5, 7216.0], [3213.75, 6577.0], [3214.0, 22032.0], [3214.25, 500.0], [3214.75, 500.0], [3216.5, 5880.0], [3216.75, 19700.0], [3217.75, 39462.0], [3218.25, 40000.0], [3219.25, 500.0]]}}}
{"jsonrpc": "2.0", "method": "subscription", "params": {"channel": "book.ETH-23JAN26.none.20.100ms", "data": {"timestamp": 1768818880285, "change_id": 105356223246, "instrument_name": "ETH-23JAN26", "bids": [[3208.75, 625.0], [3208.5, 3916.0], [3208.25, 7270.0], [3208.0, 6257.0], [3207.75, 9765.0], [3207.5, 2000.0], [3207.25, 597.0], [3207.0, 2000.0], [3206.75, 597.0], [3206.5, 2000.0], [3206.25, 2624.0], [3206.0, 7047.0], [3204.75, 6129.0], [3204.5, 20532.0], [3204.25, 6589.0], [3204.0, 22075.0], [3203.25, 3578.0], [3203.0, 20202.0], [3200.5, 5943.0], [3199.0, 19022.0]], "asks": [[3209.0, 6673.0], [3209.25, 5826.0], [3209.5, 13627.0], [3209.75, 3222.0], [3210.0, 2597.0], [3210.25, 2597.0], [3210.5, 2597.0], [3210.75, 8130.0], [3211.0, 20536.0], [3213.25, 2154.0], [3213.5, 7216.0], [3213.75, 6577.0], [3214.0, 22032.0], [3214.25, 500.0], [3214.75, 500.0], [3216.5, 5880.0], [3216.75, 19700.0], [3217.75, 39462.0], [3218.25, 40000.0], [3219.25, 500.0]]}}}
{"jsonrpc": "2.0", "method": "subscription", "params": {"channel": "book.ETH-23JAN26.none.20.100ms", "data": {"timestamp": 1768818881191, "change_id": 105356224134, "instrument_name": "ETH-23JAN26", "bids": [[3208.75, 625.0], [3208.5, 3916.0], [3208.25, 7270.0], [3208.0, 6257.0], [3207.75, 9765.0], [3207.5, 2000.0], [3207.25, 597.0], [3207.0, 2000.0], [3206.75, 597.0], [3206.5, 2000.0], [3206.25, 2624.0], [3206.0, 7047.0], [3204.75, 6129.0], [3204.5, 20532.0], [3204.25, 6589.0], [3204.0, 22075.0], [3203.25, 3578.0], [3203.0, 20202.0], [3200.5, 5943.0], [3199.0, 19022.0]], "asks": [[3209.0, 6673.0], [3209.25, 2597.0], [3209.5, 2555.0], [3209.75, 3222.0], [3210.0, 2597.0], [3210.25, 2597.0], [3210.5, 2597.0], [3210.75, 8130.0], [3211.0, 20536.0], [3213.25, 2154.0], [3213.5, 7216.0], [3213.75, 6577.0], [3214.0, 22032.0], [3214.25, 500.0], [3214.75, 500.0], [3216.5, 5880.0], [3216.75, 19700.0], [3217.75, 39462.0], [3218.25, 40000.0], [3219.25, 500.0]]}}}
{"jsonrpc": "2.0", "method": "subscription", "params": {"channel": "book.ETH-23JAN26.none.20.100ms", "data": {"timestamp": 1768818881554, "change_id": 105356224311, "instrument_name": "ETH-23JAN26", "bids": [[3208.75, 2625.0], [3208.5, 3916.0], [3208.25, 7270.0], [3208.0, 6257.0], [3207.75, 9765.0], [3207.5, 2000.0], [3207.25, 597.0], [3207.0, 2000.0], [3206.75, 597.0], [3206.5, 2000.0], [3206.25, 2624.0], [3206.0, 7047.0], [3204.75, 6129.0], [3204.5, 20532.0], [3204.25, 6589.0], [3204.0, 22075.0], [3203.25, 3578.0], [3203.0, 20202.0], [3200.5, 5943.0], [3199.0, 19022.0]], "asks": [[3209.0, 6673.0], [3209.25, 5826.0], [3209.5, 13627.0], [3209.75, 3222.0], [3210.0, 2597.0], [3210.25, 2597.0], [3210.5, 2597.0], [3210.75, 8130.0], [3211.0, 20536.0], [3213.25, 2154.0], [3213.5, 7216.0], [3213.75, 6577.0], [3214.0, 22032.0], [3214.25, 500.0], [3214.75, 500.0], [3216.5, 5880.0], [3216.75, 19700.0], [3217.75, 39462.0], [3218.25, 40000.0], [3219.25, 500.0]]}}}
{"jsonrpc": "2.0", "method": "subscription", "params": {"channel": "book.ETH-23JAN26.none.20.100ms", "data": {"timestamp": 1768818881823, "change_id": 105356224615, "instrument_name": "ETH-23JAN26", "bids": [[3208.75, 2625.0], [3208.5, 3916.0], [3208.25, 7270.0], [3208.0, 6257.0], [3207.75, 9765.0], [3207.5, 2000.0], [3207.25, 597.0], [3207.0, 2000.0], [3206.75, 597.0], [3206.5, 2000.0], [3206.25, 2624.0], [3206.0, 7047.0], [3204.75, 6129.0], [3204.5, 20532.0], [3204.25, 6589.0], [3204.0, 22075.0], [3203.25, 3578.0], [3203.0, 20202.0], [3200.5, 5943.0], [3199.0, 19022.0]], "asks": [[3209.0, 6673.0], [3209.25, 2597.0], [3209.5, 2555.0], [3209.75, 3222.0], [3210.0, 2597.0], [3210.25, 2597.0], [3210.5, 2597.0], [3210.75, 8130.0], [3211.0, 20536.0], [3213.25, 2154.0], [3213.5, 7216.0], [3213.75, 6577.0], [3214.0, 22032.0], [3214.25, 500.0], [3214.75, 500.0], [3216.5, 5880.0], [3216.75, 19700.0], [3217.75, 39462.0], [3218.25, 40000.0], [3219.25, 500.0]]}}}
{"jsonrpc": "2.0", "method": "subscription", "params": {"channel": "book.ETH-23JAN26.none.20.100ms", "data": {"timestamp": 1768818882184, "change_id": 105356224958, "instrument_name": "ETH-23JAN26", "bids": [[3208.75, 2625.0], [3208.5, 3916.0], [3208.25, 7270.0], [3208.0, 6257.0], [3207.75, 9765.0], [3207.5, 2000.0], [3207.25, 597.0], [3207.0, 2000.0], [3206.75, 597.0], [3206.5, 2000.0], [3206.25, 2624.0], [3206.0, 7047.0], [3204.75, 6129.0], [3204.5, 20532.0], [3204.25, 6589.0], [3204.0, 22075.0], [3203.25, 3578.0], [3203.0, 20202.0], [3200.5, 5943.0], [3199.0, 19022.0]], "asks": [[3209.0, 6673.0], [3209.25, 5826.0], [3209.5, 13627.0], [3209.75, 3222.0], [3210.0, 2597.0], [3210.25, 2597.0], [3210.5, 2597.0], [3210.75, 8130.0], [3211.0, 20536.0], [3213.25, 2154.0], [3213.5, 7216.0], [3213.75, 6577.0], [3214.0, 22032.0], [3214.25, 500.0], [3214.75, 500.0], [3216.5, 5880.0], [3216.75, 19700.0], [3217.75, 39462.0], [3218.25, 40000.0], [3219.25, 500.0]]}}}
{"jsonrpc": "2.0", "method": "subscription", "params": {"channel": "book.ETH-23JAN26.none.20.100ms", "data": {"timestamp": 1768818882818, "change_id": 105356225385, "instrument_name": "ETH-23JAN26", "bids": [[3208.75, 2625.0], [3208.5, 3916.0], [3208.25, 7270.0], [3208.0, 6257.0], [3207.75, 9765.0], [3207.5, 2000.0], [3207.25, 597.0], [3207.0, 2000.0], [3206.75, 597.0], [3206.5, 2000.0], [3206.25, 2624.0], [3206.0, 7047.0], [3205.25, 6129.0], [3205.0, 20532.0], [3204.25, 6589.0], [3204.0, 22075.0], [3203.25, 3578.0], [3203.0, 20202.0], [3200.5, 5943.0], [3199.0, 19022.0]], "asks": [[3209.0, 6673.0], [3209.25, 5826.0], [3209.5, 13627.0], [3209.75, 3222.0], [3210.0, 2597.0], [3210.25, 2597.0], [3210.5, 2597.0], [3210.75, 8130.0], [3211.0, 20536.0], [3213.25, 2154.0], [3213.5, 7216.0], [3213.75, 6577.0], [3214.0, 22032.0], [3214.25, 500.0], [3214.75, 500.0], [3216.5, 5880.0], [3216.75, 19700.0], [3217.75, 39462.0], [3218.25, 40000.0], [3219.25, 500.0]]}}}
{"jsonrpc": "2.0", "method": "subscription", "params": {"channel": "book.ETH-23JAN26.none.20.100ms", "data": {"timestamp": 1768818884178, "change_id": 105356226740, "instrument_name": "ETH-23JAN26", "bids": [[3208.75, 2625.0], [3208.5, 3916.0], [3208.25, 7270.0], [3208.0, 6257.0], [3207.75, 9765.0], [3207.5, 2000.0], [3207.25, 597.0], [3207.0, 2000.0], [3206.75, 597.0], [3206.5, 2000.0], [3206.25, 2624.0], [3206.0, 7047.0], [3205.25, 6129.0], [3205.0, 20532.0], [3204.25, 6589.0], [3204.0, 22075.0], [3203.25, 3578.0], [3203.0, 20202.0], [3200.5, 5943.0], [3199.0, 19022.0]], "asks": [[3209.0, 6673.0], [3209.25, 2597.0], [3209.5, 2555.0], [3209.75, 3222.0], [3210.0, 2597.0], [3210.25, 2597.0], [3210.5, 2597.0], [3210.75, 8130.0], [3211.0, 20536.0], [3213.25, 2154.0], [3213.5, 7216.0], [3213.75, 6577.0], [3214.0, 22032.0], [3214.25, 500.0], [3214.75, 500.0], [3216.5, 5880.0], [3216.75, 19700.0], [3217.75, 39462.0], [3218.25, 40000.0], [3219.25, 500.0]]}}}
{"jsonrpc": "2.0", "method": "subscription", "params": {"channel": "book.ETH-23JAN26.none.20.100ms", "data": {"timestamp": 1768818884540, "change_id": 105356226897, "instrument_name": "ETH-23JAN26", "bids": [[3208.75, 2625.0], [3208.5, 3916.0], [3208.25, 7270.0], [3208.0, 6257.0], [3207.75, 9765.0], [3207.5, 2000.0], [3207.25, 597.0], [3207.0, 2000.0], [3206.75, 597.0], [3206.5, 2000.0], [3206.25, 2624.0], [3206.0, 7047.0], [3205.25, 6129.0], [3205.0, 20532.0], [3204.25, 6589.0], [3204.0, 22075.0], [3203.25, 3578.0], [3203.0, 20202.0], [3200.5, 5943.0], [3199.0, 19022.0]], "asks": [[3209.0, 6673.0], [3209.25, 5826.0], [3209.5, 13627.0], [3209.75, 3222.0], [3210.0, 2597.0], [3210.25, 2597.0], [3210.5, 2597.0], [3210.75, 8130.0], [3211.0, 20536.0], [3213.25, 2154.0], [3213.5, 7216.0], [3213.75, 6577.0], [3214.0, 22032.0], [3214.25, 500.0], [3214.75, 500.0], [3216.5, 5880.0], [3216.75, 19700.0], [3217.75, 39462.0], [3218.25, 40000.0], [3219.25, 500.0]]}}}
{"jsonrpc": "2.0", "method": "subscription", "params": {"channel": "book.ETH-23JAN26.none.20.100ms", "data": {"timestamp": 1768818884907, "change_id": 105356227240, "instrument_name": "ETH-23JAN26", "bids": [[3208.75, 2625.0], [3208.5, 3916.0], [3208.25, 7270.0], [3208.0, 6257.0], [3207.75, 9765.0], [3207.5, 2000.0], [3207.25, 597.0], [3207.0, 2000.0], [3206.75, 597.0], [3206.5, 2000.0], [3206.25, 2624.0], [3206.0, 7047.0], [3205.25, 6129.0], [3205.0, 20532.0], [3204.25, 6589.0], [3204.0, 22075.0], [3203.25, 3578.0], [3203.0, 20202.0], [3200.5, 5943.0], [3199.0, 19022.0]], "asks": [[3209.0, 4673.0], [3209.25, 5826.0], [3209.5, 13627.0], [3209.75, 3222.0], [3210.0, 2597.0], [3210.25, 2597.0], [3210.5, 2597.0], [3210.75, 8130.0], [3211.0, 20536.0], [3213.25, 2154.0], [3213.5, 7216.0], [3213.75, 6577.0], [3214.0, 22032.0], [3214.25, 500.0], [3214.75, 500.0], [3216.5, 5880.0], [3216.75, 19700.0], [3217.75, 39462.0], [3218.25, 40000.0], [3219.25, 500.0]]}}}
{"jsonrpc": "2.0", "method": "subscription", "params": {"channel": "book.ETH-23JAN26.none.20.100ms", "data": {"timestamp": 1768818885228, "change_id": 105356227561, "instrument_name": "ETH-23JAN26", "bids": [[3208.75, 2625.0], [3208.5, 3916.0], [3208.25, 7270.0], [3208.0, 6257.0], [3207.75, 9765.0], [3207.5, 2000.0], [3207.25, 597.0], [3207.0, 2000.0], [3206.75, 597.0], [3206.5, 2000.0], [3206.25, 2624.0], [3206.0, 7047.0], [3205.25, 6129.0], [3205.0, 20532.0], [3204.25, 6589.0], [3204.0, 22075.0], [3203.25, 3578.0], [3203.0, 20202.0], [3200.5, 5943.0], [3199.0, 19022.0]], "asks": [[3209.0, 4673.0], [3209.25, 2597.0], [3209.5, 2555.0], [3209.75, 3222.0], [3210.0, 2597.0], [3210.25, 2597.0], [3210.5, 2597.0], [3210.75, 8130.0], [3211.0, 20536.0], [3213.25, 2154.0], [3213.5, 7216.0], [3213.75, 6577.0], [3214.0, 22032.0], [3214.25, 500.0], [3214.75, 500.0], [3216.5, 5880.0], [3216.75, 19700.0], [3217.75, 39462.0], [3218.25, 40000.0], [3219.25, 500.0]]}}}
{"jsonrpc": "2.0", "method": "subscription", "params": {"channel": "book.ETH-23JAN26.none.20.100ms", "data": {"timestamp": 1768818885591, "change_id": 105356227829, "instrument_name": "ETH-23JAN26", "bids": [[3208.75, 2625.0], [3208.5, 3916.0], [3208.25, 7270.0], [3208.0, 6257.0], [3207.75, 9765.0], [3207.5, 2000.0], [3207.25, 597.0], [3207.0, 2000.0], [3206.75, 597.0], [3206.5, 2000.0], [3206.25, 2624.0], [3206.0, 7047.0], [3205.25, 6129.0], [3205.0, 20532.0], [3204.25, 6589.0], [3204.0, 22075.0], [3203.25, 3578.0], [3203.0, 20202.0], [3200.5, 5943.0], [3199.0, 19022.0]], "asks": [[3209.0, 6673.0], [3209.25, 5826.0], [3209.5, 13627.0], [3209.75, 3222.0], [3210.0, 2597.0], [3210.25, 2597.0], [3210.5, 2597.0], [3210.75, 8130.0], [3211.0, 20536.0], [3213.25, 2154.0], [3213.5, 7216.0], [3213.75, 6577.0], [3214.0, 22032.0], [3214.25, 500.0], [3214.75, 500.0], [3216.5, 5880.0], [3216.75, 19700.0], [3217.75, 39462.0], [3218.25, 40000.0], [3219.25, 500.0]]}}}
{"jsonrpc": "2.0", "method": "subscription", "params": {"channel": "book.ETH-23JAN26.none.20.100ms", "data": {"timestamp": 1768818885819, "change_id": 105356227935, "instrument_name": "ETH-23JAN26", "bids": [[3208.75, 2625.0], [3208.5, 3916.0], [3208.25, 7270.0], [3208.0, 6257.0], [3207.75, 9765.0], [3207.5, 2000.0], [3207.25, 597.0], [3207.0, 2000.0], [3206.75, 597.0], [3206.5, 2000.0], [3206.25, 2624.0], [3206.0, 7047.0], [3204.75, 6129.0], [3204.5, 20532.0], [3204.25, 6589.0], [3204.0, 22075.0], [3203.25, 3578.0], [3203.0, 20202.0], [3200.5, 5943.0], [3199.0, 19022.0]], "asks": [[3209.0, 6673.0], [3209.25, 5826.0], [3209.5, 13627.0], [3209.75, 3222.0], [3210.0, 2597.0], [3210.25, 2597.0], [3210.5, 2597.0], [3210.75, 8130.0], [3211.0, 20536.0], [3213.25, 2154.0], [3213.5, 7216.0], [3213.75, 6577.0], [3214.0, 22032.0], [3214.25, 500.0], [3214.75, 500.0], [3216.5, 5880.0], [3216.75, 19700.0], [3217.75, 39462.0], [3218.25, 40000.0], [3219.25, 500.0]]}}}
{"jsonrpc": "2.0", "method": "subscription", "params": {"channel": "book.ETH-23JAN26.none.20.100ms", "data": {"timestamp": 1768818886241, "change_id": 105356228428, "instrument_name": "ETH-23JAN26", "bids": [[3208.75, 2625.0], [3208.5, 3916.0], [3208.25, 7270.0], [3208.0, 6257.0], [3207.75, 9765.0], [3207.5, 2000.0], [3207.25, 597.0], [3207.0, 2000.0], [3206.75, 597.0], [3206.5, 2000.0], [3206.25, 2624.0], [3206.0, 7047.0], [3204.75, 6129.0], [3204.5, 20532.0], [3204.25, 6589.0], [3204.0, 22075.0], [3203.25, 3578.0], [3203.0, 20202.0], [3200.5, 5943.0], [3199.0, 19022.0]], "asks": [[3209.0, 4673.0], [3209.25, 2597.0], [3209.5, 2555.0], [3209.75, 3222.0], [3210.0, 2597.0], [3210.25, 2597.0], [3210.5, 2597.0], [3210.75, 8130.0], [3211.0, 20536.0], [3213.25, 2154.0], [3213.5, 7216.0], [3213.75, 6577.0], [3214.0, 22032.0], [3214.25, 500.0], [3214.75, 500.0], [3216.5, 5880.0], [3216.75, 19700.0], [3217.75, 39462.0], [3218.25, 40000.0], [3219.25, 500.0]]}}}
{"jsonrpc": "2.0", "method": "subscription", "params": {"channel": "book.ETH-23JAN26.none.20.100ms", "data": {"timestamp": 1768818886431, "change_id": 105356228607, "instrument_name": "ETH-23JAN26", "bids": [[3208.75, 2625.0], [3208.5, 3916.0], [3208.25, 7270.0], [3208.0, 6257.0], [3207.75, 9765.0], [3207.5, 2000.0], [3207.25, 597.0], [3207.0, 2000.0], [3206.75, 597.0], [3206.5, 2000.0], [3206.25, 2624.0], [3206.0, 7047.0], [3204.75, 6129.0], [3204.5, 20532.0], [3204.25, 6589.0], [3204.0, 22075.0], [3203.25, 3578.0], [3203.0, 20202.0], [3200.5, 5943.0], [3199.0, 19022.0]], "asks": [[3209.0, 4673.0], [3209.25, 9276.0], [3209.5, 2555.0], [3209.75, 3222.0], [3210.0, 2597.0], [3210.25, 2597.0], [3210.5, 2597.0], [3210.75, 8130.0], [3211.0, 20536.0], [3213.25, 2154.0], [3213.5, 7216.0], [3213.75, 6577.0], [3214.0, 22032.0], [3214.25, 500.0], [3214.75, 500.0], [3216.5, 5880.0], [3216.75, 19700.0], [3217.75, 39462.0], [3218.25, 40000.0], [3219.25, 500.0]]}}}
{"jsonrpc": "2.0", "method": "subscription", "params": {"channel": "book.ETH-23JAN26.none.20.100ms", "data": {"timestamp": 1768818886838, "change_id": 105356229003, "instrument_name": "ETH-23JAN26", "bids": [[3208.75, 2625.0], [3208.5, 3915.0], [3208.25, 7269.0], [3208.0, 6257.0], [3207.75, 9765.0], [3207.5, 2000.0], [3207.25, 597.0], [3207.0, 2000.0], [3206.75, 597.0], [3206.5, 2000.0], [3206.25, 2624.0], [3206.0, 7047.0], [3204.75, 6129.0], [3204.5, 20532.0], [3204.25, 6589.0], [3204.0, 22075.0], [3203.25, 3578.0], [3203.0, 20202.0], [3200.5, 5943.0], [3199.0, 19022.0]], "asks": [[3209.0, 4672.0], [3209.25, 2597.0], [3209.5, 2555.0], [3209.75, 3222.0], [3210.0, 2597.0], [3210.25, 2597.0], [3210.5, 2597.0], [3210.75, 8130.0], [3211.0, 20536.0], [3213.25, 2154.0], [3213.5, 7216.0], [3213.75, 6577.0], [3214.0, 22032.0], [3214.25, 500.0], [3214.75, 500.0], [3216.5, 5880.0], [3216.75, 19700.0], [3217.75, 39462.0], [3218.25, 40000.0], [3219.25, 500.0]]}}}
{"jsonrpc": "2.0", "method": "subscription", "params": {"channel": "book.ETH-23JAN26.none.20.100ms", "data": {"timestamp": 1768818887064, "change_id": 105356229167, "instrument_name": "ETH-23JAN26", "bids": [[3208.75, 2625.0], [3208.5, 3915.0], [3208.25, 7269.0], [3208.0, 6257.0], [3207.75, 9765.0], [3207.5, 2000.0], [3207.25, 597.0], [3207.0, 2000.0], [3206.75, 597.0], [3206.5, 2000.0], [3206.25, 2624.0], [3206.0, 7047.0], [3204.75, 6129.0], [3204.5, 20532.0], [3204.25, 6589.0], [3204.0, 22075.0], [3203.25, 3578.0], [3203.0, 20202.0], [3200.5, 5943.0], [3199.0, 19022.0]], "asks": [[3209.0, 4672.0], [3209.25, 7163.0], [3209.5, 2555.0], [3209.75, 3222.0], [3210.0, 2597.0], [3210.25, 2597.0], [3210.5, 2597.0], [3210.75, 8130.0], [3211.0, 20536.0], [3213.25, 2154.0], [3213.5, 7216.0], [3213.75, 6577.0], [3214.0, 22032.0], [3214.25, 500.0], [3214.75, 500.0], [3216.5, 5880.0], [3216.75, 19700.0], [3217.75, 39462.0], [3218.25, 40000.0], [3219.25, 500.0]]}}}
{"jsonrpc": "2.0", "method": "subscription", "params": {"channel": "book.ETH-23JAN26.none.20.100ms", "data": {"timestamp": 1768818887394, "change_id": 105356229483, "instrument_name": "ETH-23JAN26", "bids": [[3208.75, 2625.0], [3208.5, 3915.0], [3208.25, 7269.0], [3208.0, 6257.0], [3207.75, 9765.0], [3207.5, 2000.0], [3207.25, 597.0], [3207.0, 2000.0], [3206.75, 597.0], [3206.5, 2000.0], [3206.25, 2624.0], [3206.0, 7047.0], [3204.75, 6129.0], [3204.5, 20532.0], [3204.25, 6589.0], [3204.0, 22075.0], [3203.25, 3578.0], [3203.0, 20202.0], [3200.5, 5943.0], [3199.0, 19022.0]], "asks": [[3209.0, 6672.0], [3209.25, 2597.0], [3209.5, 2555.0], [3209.75, 3222.0], [3210.0, 2597.0], [3210.25, 2597.0], [3210.5, 2597.0], [3210.75, 8130.0], [3211.0, 20536.0], [3213.25, 2154.0], [3213.5, 7216.0], [3213.75, 6577.0], [3214.0, 22032.0], [3214.25, 500.0], [3214.75, 500.0], [3216.5, 5880.0], [3216.75, 19700.0], [3217.75, 39462.0], [3218.25, 40000.0], [3219.25, 500.0]]}}}
{"jsonrpc": "2.0", "method": "subscription", "params": {"channel": "book.ETH-23JAN26.none.20.100ms", "data": {"timestamp": 1768818887696, "change_id": 105356229651, "instrument_name": "ETH-23JAN26", "bids": [[3208.75, 2625.0], [3208.5, 3915.0], [3208.25, 7269.0], [3208.0, 6257.0], [3207.75, 9765.0], [3207.5, 2000.0], [3207.25, 597.0], [3207.0, 2000.0], [3206.75, 597.0], [3206.5, 2000.0], [3206.25, 2624.0], [3206.0, 7047.0], [3204.75, 6129.0], [3204.5, 20532.0], [3204.25, 6589.0], [3204.0, 22075.0], [3203.25, 3578.0], [3203.0, 20202.0], [3200.5, 5943.0], [3199.0, 19022.0]], "asks": [[3209.0, 6672.0], [3209.25, 7768.0], [3209.5, 2555.0], [3209.75, 3222.0], [3210.0, 2597.0], [3210.25, 2597.0], [3210.5, 2597.0], [3210.75, 8130.0], [3211.0, 20536.0], [3213.25, 2154.0], [3213.5, 7216.0], [3213.75, 6577.0], [3214.0, 22032.0], [3214.25, 500.0], [3214.75, 500.0], [3216.5, 5880.0], [3216.75, 19700.0], [3217.75, 39462.0], [3218.25, 40000.0], [3219.25, 500.0]]}}}
{"jsonrpc": "2.0", "method": "subscription", "params": {"channel": "book.ETH-23JAN26.none.20.100ms", "data": {"timestamp": 1768818887962, "change_id": 105356229833, "instrument_name": "ETH-23JAN26", "bids": [[3208.75, 2625.0], [3208.5, 3915.0], [3208.25, 7269.0], [3208.0, 6257.0], [3207.75, 9765.0], [3207.5, 2000.0], [3207.25, 597.0], [3207.0, 2000.0], [3206.75, 597.0], [3206.5, 2000.0], [3206.25, 2624.0], [3206.0, 7047.0], [3204.75, 6129.0], [3204.5, 20532.0], [3204.25, 6589.0], [3204.0, 22075.0], [3203.25, 3578.0], [3203.0, 20202.0], [3200.5, 5943.0], [3199.0, 19022.0]], "asks": [[3209.0, 6672.0], [3209.25, 2597.0], [3209.5, 2555.0], [3209.75, 3222.0], [3210.0, 2597.0], [3210.25, 2597.0], [3210.5, 2597.0], [3210.75, 8130.0], [3211.0, 20536.0], [3213.25, 2154.0], [3213.5, 7216.0], [3213.75, 6577.0], [3214.0, 22032.0], [3214.25, 500.0], [3214.75, 500.0], [3216.5, 5880.0], [3216.75, 19700.0], [3217.75, 39462.0], [3218.25, 40000.0], [3219.25, 500.0]]}}}
{"jsonrpc": "2.0", "method": "subscription", "params": {"channel": "book.ETH-23JAN26.none.20.100ms", "data": {"timestamp": 1768818888603, "change_id": 105356230410, "instrument_name": "ETH-23JAN26", "bids": [[3208.75, 2625.0], [3208.5, 3915.0], [3208.25, 7269.0], [3208.0, 6257.0], [3207.75, 9765.0], [3207.5, 2000.0], [3207.25, 597.0], [3207.0, 2000.0], [3206.75, 597.0], [3206.5, 2000.0], [3206.25, 2624.0], [3206.0, 7047.0], [3204.75, 6129.0], [3204.5, 20532.0], [3204.25, 6589.0], [3204.0, 22075.0], [3203.25, 3578.0], [3203.0, 20202.0], [3200.5, 5943.0], [3199.0, 19022.0]], "asks": [[3209.0, 6672.0], [3209.25, 2597.0], [3209.5, 2555.0], [3209.75, 3222.0], [3210.0, 2597.0], [3210.25, 2597.0], [3210.5, 2597.0], [3210.75, 8130.0], [3211.0, 20536.0], [3213.25, 2154.0], [3213.5, 7216.0], [3213.75, 6577.0], [3214.0, 22032.0], [3214.25, 500.0], [3214.75, 500.0], [3216.5, 5880.0], [3216.75, 19700.0], [3217.75, 39462.0], [3218.25, 40000.0], [3219.25, 500.0]]}}}
{"jsonrpc": "2.0", "method": "subscription", "params": {"channel": "book.ETH-23JAN26.none.20.100ms", "data": {"timestamp": 1768818888821, "change_id": 105356230492, "instrument_name": "ETH-23JAN26", "bids": [[3208.75, 2625.0], [3208.5, 3915.0], [3208.25, 7269.0], [3208.0, 6257.0], [3207.75, 9765.0], [3207.5, 2000.0], [3207.25, 597.0], [3207.0, 2000.0], [3206.75, 597.0], [3206.5, 2000.0], [3206.25, 2624.0], [3206.0, 7047.0], [3205.25, 6129.0], [3205.0, 20532.0], [3204.25, 6589.0], [3204.0, 22075.0], [3203.25, 3578.0], [3203.0, 20202.0], [3200.5, 5943.0], [3199.0, 19022.0]], "asks": [[3209.0, 6672.0], [3209.25, 2597.0], [3209.5, 2555.0], [3209.75, 3222.0], [3210.0, 2597.0], [3210.25, 2597.0], [3210.5, 2597.0], [3210.75, 8130.0], [3211.0, 20536.0], [3213.25, 2154.0], [3213.5, 7216.0], [3213.75, 6577.0], [3214.0, 22032.0], [3214.25, 500.0], [3214.75, 500.0], [3216.5, 5880.0], [3216.75, 19700.0], [3217.75, 39462.0], [3218.25, 40000.0], [3219.25, 500.0]]}}}
{"jsonrpc": "2.0", "method": "subscription", "params": {"channel": "book.ETH-23JAN26.none.20.100ms", "data": {"timestamp": 1768818888969, "change_id": 105356230639, "instrument_name": "ETH-23JAN26", "bids": [[3208.75, 2625.0], [3208.5, 3915.0], [3208.25, 7269.0], [3208.0, 6257.0], [3207.75, 9765.0], [3207.5, 2000.0], [3207.25, 597.0], [3207.0, 2000.0], [3206.75, 597.0], [3206.5, 2000.0], [3206.25, 2624.0], [3206.0, 7047.0], [3205.25, 6129.0], [3205.0, 20532.0], [3204.25, 6589.0], [3204.0, 22075.0], [3203.25, 3578.0], [3203.0, 20202.0], [3200.5, 5943.0], [3199.0, 19022.0]], "asks": [[3209.0, 6672.0], [3209.25, 5749.0], [3209.5, 13627.0], [3209.75, 3222.0], [3210.0, 2597.0], [3210.25, 2597.0], [3210.5, 2597.0], [3210.75, 8130.0], [3211.0, 20536.0], [3213.25, 2154.0], [3213.5, 7216.0], [3213.75, 6577.0], [3214.0, 22032.0], [3214.25, 500.0], [3214.75, 500.0], [3216.5, 5880.0], [3216.75, 19700.0], [3217.75, 39462.0], [3218.25, 40000.0], [3219.25, 500.0]]}}}
{"jsonrpc": "2.0", "method": "subscription", "params": {"channel": "book.ETH-23JAN26.none.20.100ms", "data": {"timestamp": 1768818889461, "change_id": 105356231073, "instrument_name": "ETH-23JAN26", "bids": [[3208.75, 2625.0], [3208.5, 3915.0], [3208.25, 7269.0], [3208.0, 6257.0], [3207.75, 9765.0], [3207.5, 2000.0], [3207.25, 597.0], [3207.0, 2000.0], [3206.75, 597.0], [3206.5, 2000.0], [3206.25, 2624.0], [3206.0, 7047.0], [3205.25, 6129.0], [3205.0, 20532.0], [3204.25, 6589.0], [3204.0, 22075.0], [3203.25, 3578.0], [3203.0, 20202.0], [3200.5, 5943.0], [3199.0, 19022.0]], "asks": [[3209.0, 6672.0], [3209.25, 2597.0], [3209.5, 2555.0], [3209.75, 3222.0], [3210.0, 2597.0], [3210.25, 2597.0], [3210.5, 2597.0], [3210.75, 8130.0], [3211.0, 20536.0], [3213.25, 2154.0], [3213.5, 7216.0], [3213.75, 6577.0], [3214.0, 22032.0], [3214.25, 500.0], [3214.75, 500.0], [3216.5, 5880.0], [3216.75, 19700.0], [3217.75, 39462.0], [3218.25, 40000.0], [3219.25, 500.0]]}}}
{"jsonrpc": "2.0", "method": "subscription", "params": {"channel": "book.ETH-23JAN26.none.20.100ms", "data": {"timestamp": 1768818889810, "change_id": 105356231289, "instrument_name": "ETH-23JAN26", "bids": [[3208.75, 2625.0], [3208.5, 3915.0], [3208.25, 7269.0], [3208.0, 6257.0], [3207.75, 9765.0], [3207.5, 2000.0], [3207.25, 597.0], [3207.0, 2000.0], [3206.75, 597.0], [3206.5, 2000.0], [3206.25, 2624.0], [3206.0, 7047.0], [3205.25, 6129.0], [3205.0, 20532.0], [3204.25, 6589.0], [3204.0, 22075.0], [3203.25, 3578.0], [3203.0, 20202.0], [3200.5, 5943.0], [3199.0, 19022.0]], "asks": [[3209.0, 6672.0], [3209.25, 10615.0], [3209.5, 2555.0], [3209.75, 3222.0], [3210.0, 2597.0], [3210.25, 2597.0], [3210.5, 2597.0], [3210.75, 8130.0], [3211.0, 20536.0], [3213.25, 2154.0], [3213.5, 7216.0], [3213.75, 6577.0], [3214.0, 22032.0], [3214.25, 500.0], [3214.75, 500.0], [3216.5, 5880.0], [3216.75, 19700.0], [3217.75, 39462.0], [3218.25, 40000.0], [3219.25, 500.0]]}}}
{"jsonrpc": "2.0", "method": "subscription", "params": {"channel": "book.ETH-23JAN26.none.20.100ms", "data": {"timestamp": 1768818890082, "change_id": 105356231537, "instrument_name": "ETH-23JAN26", "bids": [[3208.75, 2625.0], [3208.5, 3915.0], [3208.25, 7269.0], [3208.0, 6257.0], [3207.75, 9765.0], [3207.5, 2000.0], [3207.25, 597.0], [3207.0, 2000.0], [3206.75, 597.0], [3206.5, 2000.0], [3206.25, 2624.0], [3206.0, 7047.0], [3205.25, 6129.0], [3205.0, 20532.0], [3204.25, 6589.0], [3204.0, 22075.0], [3203.25, 3578.0], [3203.0, 20202.0], [3200.5, 5943.0], [3199.0, 19022.0]], "asks": [[3209.0, 6672.0], [3209.25, 2597.0], [3209.5, 2555.0], [3209.75, 3222.0], [3210.0, 2597.0], [3210.25, 2597.0], [3210.5, 2597.0], [3210.75, 8130.0], [3211.0, 20536.0], [3213.25, 2154.0], [3213.5, 7216.0], [3213.75, 6577.0], [3214.0, 22032.0], [3214.25, 500.0], [3214.75, 500.0], [3216.5, 5880.0], [3216.75, 19700.0], [3217.75, 39462.0], [3218.25, 40000.0], [3219.25, 500.0]]}}}
{"jsonrpc": "2.0", "method": "subscription", "params": {"channel": "book.ETH-23JAN26.none.20.100ms", "data": {"timestamp": 1768818890438, "change_id": 105356231859, "instrument_name": "ETH-23JAN26", "bids": [[3208.75, 625.0], [3208.5, 3915.0], [3208.25, 7269.0], [3208.0, 6257.0], [3207.75, 9765.0], [3207.5, 2000.0], [3207.25, 597.0], [3207.0, 2000.0], [3206.75, 597.0], [3206.5, 2000.0], [3206.25, 2624.0], [3206.0, 7047.0], [3205.25, 6129.0], [3205.0, 20532.0], [3204.25, 6589.0], [3204.0, 22075.0], [3203.25, 3578.0], [3203.0, 20202.0], [3200.5, 5943.0], [3199.0, 19022.0]], "asks": [[3209.0, 6672.0], [3209.25, 13668.0], [3209.5, 2555.0], [3209.75, 3222.0], [3210.0, 2597.0], [3210.25, 2597.0], [3210.5, 2597.0], [3210.75, 8130.0], [3211.0, 20536.0], [3213.25, 2154.0], [3213.5, 7216.0], [3213.75, 6577.0], [3214.0, 22032.0], [3214.25, 500.0], [3214.75, 500.0], [3216.5, 5880.0], [3216.75, 19700.0], [3217.75, 39462.0], [3218.25, 40000.0], [3219.25, 500.0]]}}}
{"jsonrpc": "2.0", "method": "subscription", "params": {"channel": "book.ETH-23JAN26.none.20.100ms", "data": {"timestamp": 1768818890712, "change_id": 105356232029, "instrument_name": "ETH-23JAN26", "bids": [[3208.75, 625.0], [3208.5, 3915.0], [3208.25, 7269.0], [3208.0, 6257.0], [3207.75, 9765.0], [3207.5, 2000.0], [3207.25, 597.0], [3207.0, 2000.0], [3206.75, 597.0], [3206.5, 2000.0], [3206.25, 2624.0], [3206.0, 7047.0], [3205.25, 6129.0], [3205.0, 20532.0], [3204.25, 6589.0], [3204.0, 22075.0], [3203.25, 3578.0], [3203.0, 20202.0], [3200.5, 5943.0], [3199.0, 19022.0]], "asks": [[3209.0, 6672.0], [3209.25, 2597.0], [3209.5, 2555.0], [3209.75, 3222.0], [3210.0, 2597.0], [3210.25, 2597.0], [3210.5, 2597.0], [3210.75, 8130.0], [3211.0, 20536.0], [3213.25, 2154.0], [3213.5, 7216.0], [3213.75, 6577.0], [3214.0, 22032.0], [3214.25, 500.0], [3214.75, 500.0], [3216.5, 5880.0], [3216.75, 19700.0], [3217.75, 39462.0], [3218.25, 40000.0], [3219.25, 500.0]]}}}
{"jsonrpc": "2.0", "method": "subscription", "params": {"channel": "book.ETH-23JAN26.none.20.100ms", "data": {"timestamp": 1768818891071, "change_id": 105356232324, "instrument_name": "ETH-23JAN26", "bids": [[3208.75, 625.0], [3208.5, 3915.0], [3208.25, 7269.0], [3208.0, 6257.0], [3207.75, 9765.0], [3207.5, 2000.0], [3207.25, 597.0], [3207.0, 2000.0], [3206.75, 597.0], [3206.5, 2000.0], [3206.25, 2624.0], [3206.0, 7047.0], [3205.25, 6129.0], [3205.0, 20532.0], [3204.25, 6589.0], [3204.0, 22075.0], [3203.25, 3578.0], [3203.0, 20202.0], [3200.5, 5943.0], [3199.0, 19022.0]], "asks": [[3209.0, 6672.0], [3209.25, 5825.0], [3209.5, 13626.0], [3209.75, 3222.0], [3210.0, 2597.0], [3210.25, 2597.0], [3210.5, 2597.0], [3210.75, 8130.0], [3211.0, 20536.0], [3213.25, 2154.0], [3213.5, 7216.0], [3213.75, 6577.0], [3214.0, 22032.0], [3214.25, 500.0], [3214.75, 500.0], [3216.5, 5880.0], [3216.75, 19700.0], [3217.75, 39462.0], [3218.25, 40000.0], [3219.25, 500.0]]}}}
{"jsonrpc": "2.0", "method": "subscription", "params": {"channel": "book.ETH-23JAN26.none.20.100ms", "data": {"timestamp": 1768818891854, "change_id": 105356233267, "instrument_name": "ETH-23JAN26", "bids": [[3208.25, 3222.0], [3208.0, 6257.0], [3207.75, 14437.0], [3207.5, 2000.0], [3207.25, 597.0], [3207.0, 2000.0], [3206.75, 597.0], [3206.5, 2000.0], [3205.0, 2071.0], [3204.75, 6939.0], [3204.5, 20532.0], [3204.25, 6589.0], [3204.0, 22075.0], [3203.25, 3578.0], [3203.0, 20202.0], [3200.5, 5943.0], [3199.0, 19022.0], [3198.75, 40834.0], [3198.5, 40000.0], [3195.5, 76090.0]], "asks": [[3208.5, 4672.0], [3208.75, 2597.0], [3209.0, 2597.0], [3209.25, 5825.0], [3209.5, 14251.0], [3209.75, 2597.0], [3210.0, 2597.0], [3210.25, 2597.0], [3210.5, 2597.0], [3210.75, 8130.0], [3211.0, 20536.0], [3213.25, 2154.0], [3213.5, 7216.0], [3213.75, 6577.0], [3214.0, 22032.0], [3214.25, 500.0], [3214.75, 500.0], [3216.5, 5880.0], [3216.75, 19700.0], [3217.75, 39462.0]]}}}
{"jsonrpc": "2.0", "method": "subscription", "params": {"channel": "book.ETH-23JAN26.none.20.100ms", "data": {"timestamp": 1768818892206, "change_id": 105356233675, "instrument_name": "ETH-23JAN26", "bids": [[3208.25, 4839.0], [3208.0, 10929.0], [3207.75, 9765.0], [3207.5, 2000.0], [3207.25, 597.0], [3207.0, 2000.0], [3206.75, 2591.0], [3206.5, 8937.0], [3204.5, 20532.0], [3204.25, 6589.0], [3204.0, 22075.0], [3203.25, 5573.0], [3203.0, 20202.0], [3200.5, 5943.0], [3199.0, 19022.0], [3198.75, 40834.0], [3198.5, 40000.0], [3195.5, 76090.0], [3195.25, 39754.0], [3195.0, 59924.0]], "asks": [[3208.75, 7269.0], [3209.0, 2597.0], [3209.25, 2597.0], [3209.5, 3180.0], [3209.75, 2597.0], [3210.0, 2597.0], [3210.25, 2597.0], [3210.5, 2597.0], [3210.75, 8130.0], [3211.0, 20536.0], [3213.25, 2154.0], [3213.5, 7216.0], [3213.75, 6577.0], [3214.0, 22032.0], [3214.25, 500.0], [3214.75, 500.0], [3216.5, 5880.0], [3216.75, 19700.0], [3217.75, 39462.0], [3218.25, 40000.0]]}}}
{"jsonrpc": "2.0", "method": "subscription", "params": {"channel": "book.ETH-23JAN26.none.20.100ms", "data": {"timestamp": 1768818892546, "change_id": 105356233929, "instrument_name": "ETH-23JAN26", "bids": [[3208.25, 4839.0], [3208.0, 10929.0], [3207.75, 9765.0], [3207.5, 2000.0], [3207.25, 597.0], [3207.0, 2000.0], [3206.75, 2591.0], [3206.5, 6937.0], [3204.5, 20532.0], [3204.25, 6589.0], [3204.0, 22075.0], [3203.25, 5573.0], [3203.0, 20202.0], [3200.5, 5943.0], [3199.0, 19022.0], [3198.75, 40834.0], [3198.5, 40000.0], [3195.5, 76090.0], [3195.25, 39754.0], [3195.0, 59924.0]], "asks": [[3208.75, 7269.0], [3209.0, 5658.0], [3209.25, 13668.0], [3209.5, 3180.0], [3209.75, 2597.0], [3210.0, 2597.0], [3210.25, 2597.0], [3210.5, 2597.0], [3210.75, 8130.0], [3211.0, 20536.0], [3213.25, 2154.0], [3213.5, 7216.0], [3213.75, 6577.0], [3214.0, 22032.0], [3214.25, 500.0], [3214.75, 500.0], [3216.5, 5880.0], [3216.75, 19700.0], [3217.75, 39462.0], [3218.25, 40000.0]]}}}
{"jsonrpc": "2.0", "method": "subscription", "params": {"channel": "book.ETH-23JAN26.none.20.100ms", "data": {"timestamp": 1768818892862, "change_id": 105356234358, "instrument_name": "ETH-23JAN26", "bids": [[3208.5, 2625.0], [3208.25, 7269.0], [3208.0, 6257.0], [3207.75, 9765.0], [3207.5, 2000.0], [3207.25, 597.0], [3207.0, 2000.0], [3206.75, 2591.0], [3206.5, 6937.0], [3204.5, 20532.0], [3204.25, 6589.0], [3204.0, 22075.0], [3203.25, 5573.0], [3203.0, 20202.0], [3200.5, 5943.0], [3199.0, 19022.0], [3198.75, 40834.0], [3198.5, 40000.0], [3195.5, 76090.0], [3195.25, 39754.0]], "asks": [[3208.75, 5269.0], [3209.0, 5658.0], [3209.25, 13668.0], [3209.5, 3180.0], [3209.75, 2597.0], [3210.0, 2597.0], [3210.25, 2597.0], [3210.5, 2597.0], [3210.75, 8130.0], [3211.0, 20536.0], [3213.25, 2154.0], [3213.5, 7216.0], [3213.75, 6577.0], [3214.0, 22032.0], [3214.25, 500.0], [3214.75, 500.0], [3216.5, 5880.0], [3216.75, 19700.0], [3217.75, 39462.0], [3218.25, 40000.0]]}}}
{"jsonrpc": "2.0", "method": "subscription", "params": {"channel": "book.ETH-23JAN26.none.20.100ms", "data": {"timestamp": 1768818894824, "change_id": 105356235927, "instrument_name": "ETH-23JAN26", "bids": [[3208.5, 2625.0], [3208.25, 7269.0], [3208.0, 6257.0], [3207.75, 9765.0], [3207.5, 2000.0], [3207.25, 597.0], [3207.0, 2000.0], [3206.75, 2591.0], [3206.5, 6937.0], [3205.0, 6129.0], [3204.75, 20532.0], [3204.25, 6589.0], [3204.0, 22075.0], [3203.25, 5573.0], [3203.0, 20202.0], [3200.5, 5943.0], [3199.0, 19022.0], [3198.75, 40834.0], [3198.5, 40000.0], [3195.5, 76090.0]], "asks": [[3208.75, 5269.0], [3209.0, 5658.0], [3209.25, 13668.0], [3209.5, 3180.0], [3209.75, 2597.0], [3210.0, 2597.0], [3210.25, 2597.0], [3210.5, 2597.0], [3210.75, 8130.0], [3211.0, 20536.0], [3213.25, 2154.0], [3213.5, 7216.0], [3213.75, 6577.0], [3214.0, 22032.0], [3214.25, 500.0], [3214.75, 500.0], [3216.5, 5880.0], [3216.75, 19700.0], [3217.75, 39462.0], [3218.25, 40000.0]]}}}
{"jsonrpc": "2.0", "method": "subscription", "params": {"channel": "book.ETH-23JAN26.none.20.100ms", "data": {"timestamp": 1768818895084, "change_id": 105356236187, "instrument_name": "ETH-23JAN26", "bids": [[3208.5, 2625.0], [3208.25, 4214.0], [3208.0, 10929.0], [3207.75, 9765.0], [3207.5, 2000.0], [3207.25, 597.0], [3207.0, 2000.0], [3206.75, 2591.0], [3206.5, 6937.0], [3205.0, 6129.0], [3204.75, 20532.0], [3204.25, 6589.0], [3204.0, 22075.0], [3203.25, 5573.0], [3203.0, 20202.0], [3200.5, 5943.0], [3199.0, 19022.0], [3198.75, 40834.0], [3198.5, 40000.0], [3195.5, 76090.0]], "asks": [[3208.75, 5269.0], [3209.0, 5658.0], [3209.25, 13668.0], [3209.5, 3180.0], [3209.75, 2597.0], [3210.0, 2597.0], [3210.25, 2597.0], [3210.5, 2597.0], [3210.75, 8130.0], [3211.0, 20536.0], [3213.25, 2154.0], [3213.5, 7216.0], [3213.75, 6577.0], [3214.0, 22032.0], [3214.25, 500.0], [3214.75, 500.0], [3216.5, 5880.0], [3216.75, 19700.0], [3217.75, 39462.0], [3218.25, 40000.0]]}}}
{"jsonrpc": "2.0", "method": "subscription", "params": {"channel": "book.ETH-23JAN26.none.20.100ms", "data": {"timestamp": 1768818897826, "change_id": 105356238341, "instrument_name": "ETH-23JAN26", "bids": [[3208.5, 2625.0], [3208.25, 4214.0], [3208.0, 10929.0], [3207.75, 9765.0], [3207.5, 2000.0], [3207.25, 597.0], [3207.0, 2000.0], [3206.75, 2591.0], [3206.5, 6937.0], [3204.75, 6129.0], [3204.5, 20532.0], [3204.25, 6589.0], [3204.0, 22075.0], [3203.25, 5573.0], [3203.0, 20202.0], [3200.5, 5943.0], [3199.0, 19022.0], [3198.75, 40834.0], [3198.5, 40000.0], [3195.5, 76090.0]], "asks": [[3208.75, 5269.0], [3209.0, 5658.0], [3209.25, 13668.0], [3209.5, 3180.0], [3209.75, 2597.0], [3210.0, 2597.0], [3210.25, 2597.0], [3210.5, 2597.0], [3210.75, 8130.0], [3211.0, 20536.0], [3213.25, 2154.0], [3213.5, 7216.0], [3213.75, 6577.0], [3214.0, 22032.0], [3214.25, 500.0], [3214.75, 500.0], [3216.5, 5880.0], [3216.75, 19700.0], [3217.75, 39462.0], [3218.25, 40000.0]]}}}
{"jsonrpc": "2.0", "method": "subscription", "params": {"channel": "book.ETH-23JAN26.none.20.100ms", "data": {"timestamp": 1768818898623, "change_id": 105356239048, "instrument_name": "ETH-23JAN26", "bids": [[3208.5, 2625.0], [3208.25, 4214.0], [3208.0, 10929.0], [3207.75, 9765.0], [3207.5, 2000.0], [3207.25, 597.0], [3207.0, 2000.0], [3206.75, 2591.0], [3206.5, 6937.0], [3204.75, 6129.0], [3204.5, 20532.0], [3204.25, 6589.0], [3204.0, 22075.0], [3203.25, 5573.0], [3203.0, 20202.0], [3200.5, 5943.0], [3199.0, 19022.0], [3198.75, 40834.0], [3198.5, 40000.0], [3195.5, 76090.0]], "asks": [[3208.75, 5269.0], [3209.0, 5658.0], [3209.25, 13668.0], [3209.5, 2555.0], [3209.75, 3222.0], [3210.0, 2597.0], [3210.25, 2597.0], [3210.5, 2597.0], [3210.75, 8130.0], [3211.0, 20536.0], [3213.25, 2154.0], [3213.5, 7216.0], [3213.75, 6577.0], [3214.0, 22032.0], [3214.25, 500.0], [3214.75, 500.0], [3216.5, 5880.0], [3216.75, 19700.0], [3217.75, 39462.0], [3218.25, 40000.0]]}}}
{"jsonrpc": "2.0", "method": "subscription", "params": {"channel": "book.ETH-23JAN26.none.20.100ms", "data": {"timestamp": 1768818899731, "change_id": 105356239884, "instrument_name": "ETH-23JAN26", "bids": [[3208.5, 3222.0], [3208.25, 4214.0], [3208.0, 10929.0], [3207.75, 9765.0], [3207.5, 2000.0], [3207.25, 597.0], [3207.0, 2000.0], [3206.75, 2591.0], [3206.5, 6937.0], [3204.75, 6129.0], [3204.5, 20532.0], [3204.25, 6589.0], [3204.0, 22075.0], [3203.25, 5573.0], [3203.0, 20202.0], [3200.5, 5943.0], [3199.0, 19022.0], [3198.75, 40834.0], [3198.5, 40000.0], [3195.5, 76090.0]], "asks": [[3209.0, 10330.0], [3209.25, 13668.0], [3209.5, 2555.0], [3209.75, 3222.0], [3210.0, 2597.0], [3210.25, 2597.0], [3210.5, 2597.0], [3210.75, 8130.0], [3211.0, 20536.0], [3213.25, 2154.0], [3213.5, 7216.0], [3213.75, 6577.0], [3214.0, 22032.0], [3214.25, 500.0], [3214.75, 500.0], [3216.5, 5880.0], [3216.75, 19700.0], [3217.75, 39462.0], [3218.25, 40000.0], [3219.25, 500.0]]}}}
{"jsonrpc": "2.0", "method": "subscription", "params": {"channel": "book.ETH-23JAN26.none.20.100ms", "data": {"timestamp": 1768818900042, "change_id": 105356240192, "instrument_name": "ETH-23JAN26", "bids": [[3208.5, 2625.0], [3208.25, 4214.0], [3208.0, 10929.0], [3207.75, 9765.0], [3207.5, 2000.0], [3207.25, 597.0], [3207.0, 2000.0], [3206.75, 2591.0], [3206.5, 6937.0], [3204.75, 6129.0], [3204.5, 20532.0], [3204.25, 6589.0], [3204.0, 22075.0], [3203.25, 5573.0], [3203.0, 20202.0], [3200.5, 5943.0], [3199.0, 19022.0], [3198.75, 40834.0], [3198.5, 40000.0], [3195.5, 76090.0]], "asks": [[3208.75, 4672.0], [3209.0, 5658.0], [3209.25, 13668.0], [3209.5, 2555.0], [3209.75, 3222.0], [3210.0, 2597.0], [3210.25, 2597.0], [3210.5, 2597.0], [3210.75, 8130.0], [3211.0, 20536.0], [3213.25, 2154.0], [3213.5, 7216.0], [3213.75, 6577.0], [3214.0, 22032.0], [3214.25, 500.0], [3214.75, 500.0], [3216.5, 5880.0], [3216.75, 19700.0], [3217.75, 39462.0], [3218.25, 40000.0]]}}}
{"jsonrpc": "2.0", "method": "subscription", "params": {"channel": "book.ETH-23JAN26.none.20.100ms", "data": {"timestamp": 1768818900225, "change_id": 105356240379, "instrument_name": "ETH-23JAN26", "bids": [[3208.5, 2625.0], [3208.25, 4214.0], [3208.0, 10929.0], [3207.75, 9765.0], [3207.5, 2000.0], [3207.25, 597.0], [3207.0, 2000.0], [3206.75, 2591.0], [3206.5, 6937.0], [3204.75, 6129.0], [3204.5, 20532.0], [3204.25, 6589.0], [3204.0, 22075.0], [3203.25, 5573.0], [3203.0, 20202.0], [3200.5, 5943.0], [3199.0, 19022.0], [3198.75, 40834.0], [3198.5, 40000.0], [3195.5, 76090.0]], "asks": [[3208.75, 4672.0], [3209.0, 5658.0], [3209.25, 13668.0], [3209.5, 3180.0], [3209.75, 2597.0], [3210.0, 2597.0], [3210.25, 2597.0], [3210.5, 2597.0], [3210.75, 8130.0], [3211.0, 20536.0], [3213.25, 2154.0], [3213.5, 7216.0], [3213.75, 6577.0], [3214.0, 22032.0], [3214.25, 500.0], [3214.75, 500.0], [3216.5, 5880.0], [3216.75, 19700.0], [3217.75, 39462.0], [3218.25, 40000.0]]}}}
{"jsonrpc": "2.0", "method": "subscription", "params": {"channel": "book.ETH-23JAN26.none.20.100ms", "data": {"timestamp": 1768818900829, "change_id": 105356240745, "instrument_name": "ETH-23JAN26", "bids": [[3208.5, 2625.0], [3208.25, 4214.0], [3208.0, 10929.0], [3207.75, 9765.0], [3207.5, 2000.0], [3207.25, 597.0], [3207.0, 2000.0], [3206.75, 2591.0], [3206.5, 6937.0], [3205.0, 6129.0], [3204.75, 20532.0], [3204.25, 6589.0], [3204.0, 22075.0], [3203.25, 5573.0], [3203.0, 20202.0], [3200.5, 5943.0], [3199.0, 19022.0], [3198.75, 40834.0], [3198.5, 40000.0], [3195.5, 76090.0]], "asks": [[3208.75, 4672.0], [3209.0, 5658.0], [3209.25, 13668.0], [3209.5, 3180.0], [3209.75, 2597.0], [3210.0, 2597.0], [3210.25, 2597.0], [3210.5, 2597.0], [3210.75, 8130.0], [3211.0, 20536.0], [3213.25, 2154.0], [3213.5, 7216.0], [3213.75, 6577.0], [3214.0, 22032.0], [3214.25, 500.0], [3214.75, 500.0], [3216.5, 5880.0], [3216.75, 19700.0], [3217.75, 39462.0], [3218.25, 40000.0]]}}}
{"jsonrpc": "2.0", "method": "subscription", "params": {"channel": "book.ETH-23JAN26.none.20.100ms", "data": {"timestamp": 1768818901236, "change_id": 105356241197, "instrument_name": "ETH-23JAN26", "bids": [[3208.5, 2625.0], [3208.25, 7269.0], [3208.0, 6257.0], [3207.75, 9765.0], [3207.5, 2000.0], [3207.25, 597.0], [3207.0, 2000.0], [3206.75, 2591.0], [3206.5, 6937.0], [3205.0, 6129.0], [3204.75, 20532.0], [3204.25, 6589.0], [3204.0, 22075.0], [3203.25, 5573.0], [3203.0, 20202.0], [3200.5, 5943.0], [3199.0, 19022.0], [3198.75, 40834.0], [3198.5, 40000.0], [3195.5, 76090.0]], "asks": [[3208.75, 4672.0], [3209.0, 5658.0], [3209.25, 13668.0], [3209.5, 3180.0], [3209.75, 2597.0], [3210.0, 2597.0], [3210.25, 2597.0], [3210.5, 2597.0], [3210.75, 8130.0], [3211.0, 20536.0], [3213.25, 2154.0], [3213.5, 7216.0], [3213.75, 6577.0], [3214.0, 22032.0], [3214.25, 500.0], [3214.75, 500.0], [3216.5, 5880.0], [3216.75, 19700.0], [3217.75, 39462.0], [3218.25, 40000.0]]}}}
{"jsonrpc": "2.0", "method": "subscription", "params": {"channel": "book.ETH-23JAN26.none.20.100ms", "data": {"timestamp": 1768818901757, "change_id": 105356241730, "instrument_name": "ETH-23JAN26", "bids": [[3208.25, 2597.0], [3208.0, 6882.0], [3207.75, 9765.0], [3207.5, 2000.0], [3207.25, 597.0], [3207.0, 2000.0], [3205.0, 6129.0], [3204.75, 20532.0], [3204.25, 6589.0], [3204.0, 22075.0], [3203.25, 5573.0], [3203.0, 20202.0], [3201.75, 7105.0], [3200.5, 5943.0], [3199.0, 19022.0], [3198.75, 40834.0], [3198.5, 40000.0], [3195.5, 76090.0], [3195.25, 39754.0], [3195.0, 59924.0]], "asks": [[3208.5, 6672.0], [3208.75, 597.0], [3209.0, 5658.0], [3209.25, 14293.0], [3209.5, 2555.0], [3209.75, 2597.0], [3210.0, 2597.0], [3210.25, 2597.0], [3210.5, 2597.0], [3210.75, 8130.0], [3211.0, 20536.0], [3213.25, 2154.0], [3213.5, 7216.0], [3213.75, 6577.0], [3214.0, 22032.0], [3214.25, 500.0], [3214.75, 500.0], [3216.5, 5880.0], [3216.75, 19700.0], [3217.75, 39462.0]]}}}
{"jsonrpc": "2.0", "method": "subscription", "params": {"channel": "book.ETH-23JAN26.none.20.100ms", "data": {"timestamp": 1768818902174, "change_id": 105356242277, "instrument_name": "ETH-23JAN26", "bids": [[3208.0, 5882.0], [3207.75, 14437.0], [3207.5, 2000.0], [3207.25, 597.0], [3207.0, 2000.0], [3206.75, 2070.0], [3206.5, 6936.0], [3205.0, 6129.0], [3204.75, 20532.0], [3204.25, 6589.0], [3204.0, 22075.0], [3203.25, 5573.0], [3203.0, 20202.0], [3200.5, 5943.0], [3199.0, 19022.0], [3198.75, 40834.0], [3198.5, 40000.0], [3195.5, 76090.0], [3195.25, 39754.0], [3195.0, 59924.0]], "asks": [[3208.5, 6672.0], [3208.75, 597.0], [3209.0, 5658.0], [3209.25, 14293.0], [3209.5, 2555.0], [3209.75, 2597.0], [3210.0, 2597.0], [3210.25, 2597.0], [3210.5, 2597.0], [3210.75, 8130.0], [3211.0, 20536.0], [3213.25, 2154.0], [3213.5, 7216.0], [3213.75, 6577.0], [3214.0, 22032.0], [3214.25, 500.0], [3214.75, 500.0], [3216.5, 5880.0], [3216.75, 19700.0], [3217.75, 39462.0]]}}}
{"jsonrpc": "2.0", "method": "subscription", "params": {"channel": "book.ETH-23JAN26.none.20.100ms", "data": {"timestamp": 1768818902489, "change_id": 105356242815, "instrument_name": "ETH-23JAN26", "bids": [[3208.0, 625.0], [3207.75, 11083.0], [3207.5, 6672.0], [3207.25, 597.0], [3207.0, 3597.0], [3206.75, 2000.0], [3204.25, 6589.0], [3204.0, 22075.0], [3203.75, 6129.0], [3203.5, 20532.0], [3203.25, 5573.0], [3203.0, 22291.0], [3202.75, 6998.0], [3200.5, 5943.0], [3199.0, 19022.0], [3198.75, 40834.0], [3198.5, 40000.0], [3195.5, 76090.0], [3195.25, 39754.0], [3195.0, 59924.0]], "asks": [[3208.25, 4672.0], [3208.5, 2000.0], [3208.75, 597.0], [3209.0, 6283.0], [3209.25, 13668.0], [3209.5, 2555.0], [3209.75, 2597.0], [3210.0, 2597.0], [3210.25, 2597.0], [3210.5, 2597.0], [3210.75, 8130.0], [3211.0, 20536.0], [3211.5, 2101.0], [3211.75, 7037.0], [3213.0, 500.0], [3213.75, 6577.0], [3214.0, 41732.0], [3214.75, 500.0], [3217.75, 39462.0], [3218.0, 500.0]]}}}
{"jsonrpc": "2.0", "method": "subscription", "params": {"channel": "book.ETH-23JAN26.none.20.100ms", "data": {"timestamp": 1768818902836, "change_id": 105356243133, "instrument_name": "ETH-23JAN26", "bids": [[3208.0, 625.0], [3207.75, 9765.0], [3207.5, 2000.0], [3207.25, 597.0], [3207.0, 3597.0], [3206.75, 2000.0], [3204.75, 2095.0], [3204.5, 7020.0], [3204.25, 6589.0], [3204.0, 22075.0], [3203.75, 6129.0], [3203.5, 20532.0], [3203.25, 5573.0], [3203.0, 20202.0], [3200.5, 5943.0], [3199.0, 19022.0], [3198.75, 40834.0], [3198.5, 40000.0], [3195.5, 76090.0], [3195.25, 39754.0]], "asks": [[3208.25, 4672.0], [3208.5, 2000.0], [3208.75, 597.0], [3209.0, 3222.0], [3209.25, 2597.0], [3209.5, 2555.0], [3209.75, 2597.0], [3210.0, 2597.0], [3210.25, 2597.0], [3210.5, 2597.0], [3210.75, 8130.0], [3211.0, 20536.0], [3211.5, 2101.0], [3211.75, 7037.0], [3213.0, 500.0], [3213.75, 6577.0], [3214.0, 41732.0], [3214.75, 500.0], [3217.75, 39462.0], [3218.0, 500.0]]}}}
{"jsonrpc": "2.0", "method": "subscription", "params": {"channel": "book.ETH-23JAN26.none.20.100ms", "data": {"timestamp": 1768818903158, "change_id": 105356243587, "instrument_name": "ETH-23JAN26", "bids": [[3208.0, 625.0], [3207.75, 11083.0], [3207.5, 6672.0], [3207.25, 597.0], [3207.0, 3597.0], [3206.75, 2000.0], [3204.75, 2095.0], [3204.5, 7020.0], [3204.25, 6589.0], [3204.0, 28204.0], [3203.75, 20532.0], [3203.25, 5573.0], [3203.0, 20202.0], [3200.5, 5943.0], [3199.0, 19022.0], [3198.75, 40834.0], [3198.5, 40000.0], [3195.5, 76090.0], [3195.25, 39754.0], [3195.0, 59924.0]], "asks": [[3208.25, 4672.0], [3208.5, 2000.0], [3208.75, 597.0], [3209.0, 3222.0], [3209.25, 2597.0], [3209.5, 2555.0], [3209.75, 2597.0], [3210.0, 2597.0], [3210.25, 2597.0], [3210.5, 2597.0], [3210.75, 8130.0], [3211.0, 20536.0], [3211.5, 2101.0], [3211.75, 7037.0], [3213.0, 500.0], [3213.75, 6577.0], [3214.0, 41732.0], [3214.75, 500.0], [3217.75, 39462.0], [3218.0, 500.0]]}}}
{"jsonrpc": "2.0", "method": "subscription", "params": {"channel": "book.ETH-23JAN26.none.20.100ms", "data": {"timestamp": 1768818903218, "change_id": 105356243675, "instrument_name": "ETH-23JAN26", "bids": [[3208.0, 2625.0], [3207.75, 11083.0], [3207.5, 7269.0], [3207.25, 2597.0], [3207.0, 3000.0], [3204.75, 2095.0], [3204.5, 7020.0], [3204.25, 6589.0], [3204.0, 28204.0], [3203.75, 20532.0], [3203.25, 5573.0], [3203.0, 20202.0], [3200.5, 5943.0], [3199.0, 19022.0], [3198.75, 40834.0], [3198.5, 40000.0], [3195.5, 76090.0], [3195.25, 39754.0], [3195.0, 59924.0], [3194.25, 40000.0]], "asks": [[3208.25, 6672.0], [3208.5, 2000.0], [3208.75, 597.0], [3209.0, 3222.0], [3209.25, 2597.0], [3209.5, 2555.0], [3209.75, 2597.0], [3210.0, 2597.0], [3210.25, 2597.0], [3210.5, 2000.0], [3210.75, 6130.0], [3211.0, 20536.0], [3211.5, 2101.0], [3211.75, 7037.0], [3213.0, 500.0], [3213.75, 6577.0], [3214.0, 41732.0], [3214.75, 500.0], [3217.75, 39462.0], [3218.0, 500.0]]}}}
{"jsonrpc": "2.0", "method": "subscription", "params": {"channel": "book.ETH-23JAN26.none.20.100ms", "data": {"timestamp": 1768818903913, "change_id": 105356244288, "instrument_name": "ETH-23JAN26", "bids": [[3208.0, 2625.0], [3207.75, 11083.0], [3207.5, 7269.0], [3207.25, 2597.0], [3207.0, 3000.0], [3204.75, 2095.0], [3204.5, 7020.0], [3204.25, 6589.0], [3204.0, 28204.0], [3203.75, 20532.0], [3203.25, 5573.0], [3203.0, 20202.0], [3200.5, 5943.0], [3199.0, 19022.0], [3198.75, 40834.0], [3198.5, 40000.0], [3195.5, 76090.0], [3195.25, 39754.0], [3195.0, 59924.0], [3194.25, 40000.0]], "asks": [[3208.25, 6672.0], [3208.5, 2000.0], [3208.75, 597.0], [3209.0, 3222.0], [3209.25, 2597.0], [3209.5, 2555.0], [3209.75, 2597.0], [3210.0, 2000.0], [3210.25, 597.0], [3210.5, 2000.0], [3210.75, 6130.0], [3211.0, 20536.0], [3211.5, 2101.0], [3211.75, 7037.0], [3213.0, 500.0], [3213.75, 6577.0], [3214.0, 41732.0], [3214.75, 500.0], [3217.75, 39462.0], [3218.0, 500.0]]}}}
{"jsonrpc": "2.0", "method": "subscription", "params": {"channel": "book.ETH-23JAN26.none.20.100ms", "data": {"timestamp": 1768818904206, "change_id": 105356244621, "instrument_name": "ETH-23JAN26", "bids": [[3208.0, 2625.0], [3207.75, 11083.0], [3207.5, 7269.0], [3207.25, 2299.0], [3207.0, 1000.0], [3204.75, 2095.0], [3204.5, 7020.0], [3204.25, 6589.0], [3204.0, 28204.0], [3203.75, 20532.0], [3203.25, 5573.0], [3203.0, 20202.0], [3200.5, 5943.0], [3199.0, 19022.0], [3198.75, 40834.0], [3198.5, 40000.0], [3195.5, 76090.0], [3195.25, 39754.0], [3195.0, 59924.0], [3194.25, 40000.0]], "asks": [[3208.25, 6672.0], [3208.5, 2000.0], [3208.75, 597.0], [3209.0, 3222.0], [3209.25, 2597.0], [3209.5, 2224.0], [3209.75, 597.0], [3210.0, 2000.0], [3210.25, 597.0], [3210.5, 2000.0], [3210.75, 6130.0], [3211.0, 20536.0], [3211.5, 2101.0], [3211.75, 7037.0], [3213.0, 500.0], [3213.75, 6577.0], [3214.0, 41732.0], [3214.75, 500.0], [3217.75, 39462.0], [3218.0, 500.0]]}}}
{"jsonrpc": "2.0", "method": "subscription", "params": {"channel": "book.ETH-23JAN26.none.20.100ms", "data": {"timestamp": 1768818905193, "change_id": 105356245638, "instrument_name": "ETH-23JAN26", "bids": [[3208.0, 2625.0], [3207.75, 11083.0], [3207.5, 7269.0], [3207.25, 2299.0], [3207.0, 1000.0], [3204.75, 2095.0], [3204.5, 7020.0], [3204.25, 6589.0], [3204.0, 28204.0], [3203.75, 20532.0], [3203.25, 5573.0], [3203.0, 20202.0], [3200.5, 5943.0], [3199.0, 19022.0], [3198.75, 40834.0], [3198.5, 40000.0], [3195.5, 76090.0], [3195.25, 39754.0], [3195.0, 59924.0], [3194.25, 40000.0]], "asks": [[3208.25, 4672.0], [3208.5, 2000.0], [3208.75, 597.0], [3209.0, 3222.0], [3209.25, 2597.0], [3209.5, 2224.0], [3209.75, 597.0], [3210.0, 2000.0], [3210.25, 597.0], [3210.5, 2000.0], [3210.75, 6130.0], [3211.0, 20536.0], [3211.5, 2101.0], [3211.75, 7037.0], [3213.0, 500.0], [3213.75, 6577.0], [3214.0, 41732.0], [3214.75, 500.0], [3217.75, 39462.0], [3218.0, 500.0]]}}}
{"jsonrpc": "2.0", "method": "subscription", "params": {"channel": "book.ETH-23JAN26.none.20.100ms", "data": {"timestamp": 1768818906182, "change_id": 105356246564, "instrument_name": "ETH-23JAN26", "bids": [[3208.0, 2625.0], [3207.75, 13083.0], [3207.5, 7269.0], [3207.25, 2299.0], [3207.0, 1000.0], [3204.75, 2095.0], [3204.5, 7020.0], [3204.25, 6589.0], [3204.0, 28204.0], [3203.75, 20532.0], [3203.25, 5573.0], [3203.0, 20202.0], [3200.5, 5943.0], [3199.0, 19022.0], [3198.75, 40834.0], [3198.5, 40000.0], [3195.5, 76090.0], [3195.25, 39754.0], [3195.0, 59924.0], [3194.25, 40000.0]], "asks": [[3208.25, 6672.0], [3208.5, 2000.0], [3208.75, 597.0], [3209.0, 3222.0], [3209.25, 2597.0], [3209.5, 2224.0], [3209.75, 597.0], [3210.0, 2000.0], [3210.25, 597.0], [3210.5, 2000.0], [3210.75, 6130.0], [3211.0, 20536.0], [3211.5, 2101.0], [3211.75, 7037.0], [3213.0, 500.0], [3213.75, 6577.0], [3214.0, 41732.0], [3214.75, 500.0], [3217.75, 39462.0], [3218.0, 500.0]]}}}
{"jsonrpc": "2.0", "method": "subscription", "params": {"channel": "book.ETH-23JAN26.none.20.100ms", "data": {"timestamp": 1768818906844, "change_id": 105356247291, "instrument_name": "ETH-23JAN26", "bids": [[3208.0, 2625.0], [3207.75, 13083.0], [3207.5, 7269.0], [3207.25, 2299.0], [3207.0, 1000.0], [3204.75, 2095.0], [3204.5, 7020.0], [3204.25, 6589.0], [3204.0, 22075.0], [3203.75, 6129.0], [3203.5, 20532.0], [3203.25, 5573.0], [3203.0, 20202.0], [3200.5, 5943.0], [3199.0, 19022.0], [3198.75, 40834.0], [3198.5, 40000.0], [3195.5, 76090.0], [3195.25, 39754.0], [3195.0, 59924.0]], "asks": [[3208.25, 6672.0], [3208.5, 2000.0], [3208.75, 597.0], [3209.0, 3222.0], [3209.25, 2597.0], [3209.5, 2224.0], [3209.75, 597.0], [3210.0, 2000.0], [3210.25, 597.0], [3210.5, 2000.0], [3210.75, 6130.0], [3211.0, 20536.0], [3211.5, 2101.0], [3211.75, 7037.0], [3213.0, 500.0], [3213.75, 6577.0], [3214.0, 41732.0], [3214.75, 500.0], [3217.75, 39462.0], [3218.0, 500.0]]}}}
{"jsonrpc": "2.0", "method": "subscription", "params": {"channel": "book.ETH-23JAN26.none.20.100ms", "data": {"timestamp": 1768818907699, "change_id": 105356248037, "instrument_name": "ETH-23JAN26", "bids": [[3208.0, 2625.0], [3207.75, 13083.0], [3207.5, 7269.0], [3207.25, 2299.0], [3207.0, 1000.0], [3204.75, 2095.0], [3204.5, 7020.0], [3204.25, 6589.0], [3204.0, 22075.0], [3203.75, 6129.0], [3203.5, 20532.0], [3203.25, 5573.0], [3203.0, 20202.0], [3200.5, 5943.0], [3199.0, 19022.0], [3198.75, 40834.0], [3198.5, 40000.0], [3195.5, 76090.0], [3195.25, 39754.0], [3195.0, 59924.0]], "asks": [[3208.25, 4672.0], [3208.5, 2000.0], [3208.75, 597.0], [3209.0, 3222.0], [3209.25, 2597.0], [3209.5, 2224.0], [3209.75, 597.0], [3210.0, 2000.0], [3210.25, 597.0], [3210.5, 2000.0], [3210.75, 6130.0], [3211.0, 20536.0], [3211.5, 2101.0], [3211.75, 7037.0], [3213.0, 500.0], [3213.75, 6577.0], [3214.0, 41732.0], [3214.75, 500.0], [3217.75, 39462.0], [3218.0, 500.0]]}}}
{"jsonrpc": "2.0", "method": "subscription", "params": {"channel": "book.ETH-23JAN26.none.20.100ms", "data": {"timestamp": 1768818908227, "change_id": 105356248561, "instrument_name": "ETH-23JAN26", "bids": [[3208.0, 2625.0], [3207.75, 13083.0], [3207.5, 7269.0], [3207.25, 2299.0], [3207.0, 1000.0], [3204.75, 2095.0], [3204.5, 7020.0], [3204.25, 6589.0], [3204.0, 22075.0], [3203.75, 20532.0], [3203.25, 5573.0], [3203.0, 20202.0], [3200.5, 5943.0], [3199.0, 19022.0], [3198.75, 40834.0], [3198.5, 40000.0], [3195.5, 76090.0], [3195.25, 39754.0], [3195.0, 59924.0], [3194.25, 40000.0]], "asks": [[3208.25, 6672.0], [3208.5, 2000.0], [3208.75, 597.0], [3209.0, 3222.0], [3209.25, 2597.0], [3209.5, 2224.0], [3209.75, 597.0], [3210.0, 2000.0], [3210.25, 597.0], [3210.5, 2000.0], [3210.75, 6130.0], [3211.0, 20536.0], [3211.5, 2101.0], [3211.75, 7037.0], [3213.0, 500.0], [3213.75, 6577.0], [3214.0, 41732.0], [3214.75, 500.0], [3217.75, 39462.0], [3218.0, 500.0]]}}}
{"jsonrpc": "2.0", "method": "subscription", "params": {"channel": "book.ETH-23JAN26.none.20.100ms", "data": {"timestamp": 1768818908744, "change_id": 105356248948, "instrument_name": "ETH-23JAN26", "bids": [[3208.0, 2625.0], [3207.75, 13083.0], [3207.5, 7269.0], [3207.25, 2299.0], [3207.0, 1000.0], [3204.75, 2095.0], [3204.5, 7020.0], [3204.25, 6589.0], [3204.0, 22075.0], [3203.75, 6129.0], [3203.5, 20532.0], [3203.25, 5573.0], [3203.0, 20202.0], [3200.5, 5943.0], [3199.0, 19022.0], [3198.75, 40834.0], [3198.5, 40000.0], [3195.5, 76090.0], [3195.25, 39754.0], [3195.0, 59924.0]], "asks": [[3208.25, 6672.0], [3208.5, 2000.0], [3208.75, 597.0], [3209.0, 3222.0], [3209.25, 2597.0], [3209.5, 2224.0], [3209.75, 597.0], [3210.0, 2000.0], [3210.25, 597.0], [3210.5, 2000.0], [3210.75, 6130.0], [3211.0, 20536.0], [3211.5, 2101.0], [3211.75, 7037.0], [3213.0, 500.0], [3213.75, 6577.0], [3214.0, 41732.0], [3214.75, 500.0], [3217.75, 39462.0], [3218.0, 500.0]]}}}
{"jsonrpc": "2.0", "method": "subscription", "params": {"channel": "book.ETH-23JAN26.none.20.100ms", "data": {"timestamp": 1768818909048, "change_id": 105356249297, "instrument_name": "ETH-23JAN26", "bids": [[3208.0, 2625.0], [3207.75, 13083.0], [3207.5, 7269.0], [3207.25, 2299.0], [3207.0, 1000.0], [3204.75, 2095.0], [3204.5, 7020.0], [3204.25, 6589.0], [3204.0, 22075.0], [3203.75, 6129.0], [3203.5, 20532.0], [3203.25, 5573.0], [3203.0, 20202.0], [3200.5, 5943.0], [3199.0, 19022.0], [3198.75, 40834.0], [3198.5, 40000.0], [3195.5, 76090.0], [3195.25, 39754.0], [3195.0, 59924.0]], "asks": [[3208.25, 6672.0], [3208.5, 5304.0], [3208.75, 11667.0], [3209.0, 3222.0], [3209.25, 2597.0], [3209.5, 2224.0], [3209.75, 597.0], [3210.0, 2000.0], [3210.25, 597.0], [3210.5, 2000.0], [3210.75, 6130.0], [3211.0, 20536.0], [3211.5, 2101.0], [3211.75, 7037.0], [3213.0, 500.0], [3213.75, 6577.0], [3214.0, 41732.0], [3214.75, 500.0], [3217.75, 39462.0], [3218.0, 500.0]]}}}
{"jsonrpc": "2.0", "method": "subscription", "params": {"channel": "book.ETH-23JAN26.none.20.100ms", "data": {"timestamp": 1768818909229, "change_id": 105356249498, "instrument_name": "ETH-23JAN26", "bids": [[3208.0, 11793.0], [3207.75, 3915.0], [3207.5, 7269.0], [3207.25, 2299.0], [3207.0, 1000.0], [3204.75, 2095.0], [3204.5, 7020.0], [3204.25, 6589.0], [3204.0, 22075.0], [3203.75, 6129.0], [3203.5, 20532.0], [3203.25, 5573.0], [3203.0, 20202.0], [3200.5, 5943.0], [3199.0, 19022.0], [3198.75, 40834.0], [3198.5, 40000.0], [3195.5, 76090.0], [3195.25, 39754.0], [3195.0, 59924.0]], "asks": [[3208.25, 6672.0], [3208.5, 5304.0], [3208.75, 11667.0], [3209.0, 3222.0], [3209.25, 2597.0], [3209.5, 2224.0], [3209.75, 597.0], [3210.0, 2000.0], [3210.25, 597.0], [3210.5, 2000.0], [3210.75, 6130.0], [3211.0, 20536.0], [3211.5, 2101.0], [3211.75, 7037.0], [3213.0, 500.0], [3213.75, 6577.0], [3214.0, 41732.0], [3214.75, 500.0], [3217.75, 39462.0], [3218.0, 500.0]]}}}
{"jsonrpc": "2.0", "method": "subscription", "params": {"channel": "book.ETH-23JAN26.none.20.100ms", "data": {"timestamp": 1768818909759, "change_id": 105356249906, "instrument_name": "ETH-23JAN26", "bids": [[3208.0, 11793.0], [3207.75, 3915.0], [3207.5, 7269.0], [3207.25, 2299.0], [3207.0, 1000.0], [3204.75, 2095.0], [3204.5, 7020.0], [3204.25, 6589.0], [3204.0, 22075.0], [3203.75, 6129.0], [3203.5, 20532.0], [3203.25, 5573.0], [3203.0, 20202.0], [3200.5, 5943.0], [3199.0, 19022.0], [3198.75, 40834.0], [3198.5, 40000.0], [3195.5, 76090.0], [3195.25, 39754.0], [3195.0, 59924.0]], "asks": [[3208.25, 4672.0], [3208.5, 2000.0], [3208.75, 597.0], [3209.0, 3222.0], [3209.25, 2597.0], [3209.5, 2224.0], [3209.75, 597.0], [3210.0, 2000.0], [3210.25, 597.0], [3210.5, 2000.0], [3210.75, 6130.0], [3211.0, 20536.0], [3211.5, 2101.0], [3211.75, 7037.0], [3213.0, 500.0], [3213.75, 6577.0], [3214.0, 41732.0], [3214.75, 500.0], [3217.75, 39462.0], [3218.0, 500.0]]}}}
{"jsonrpc": "2.0", "method": "subscription", "params": {"channel": "book.ETH-23JAN26.none.20.100ms", "data": {"timestamp": 1768818909892, "change_id": 105356250012, "instrument_name": "ETH-23JAN26", "bids": [[3208.0, 11793.0], [3207.75, 3915.0], [3207.5, 7269.0], [3207.25, 2299.0], [3207.0, 1000.0], [3204.75, 2095.0], [3204.5, 7020.0], [3204.25, 6589.0], [3204.0, 22075.0], [3203.75, 6129.0], [3203.5, 20532.0], [3203.25, 5573.0], [3203.0, 20202.0], [3200.5, 5943.0], [3199.0, 19022.0], [3198.75, 40834.0], [3198.5, 40000.0], [3195.5, 76090.0], [3195.25, 39754.0], [3195.0, 59924.0]], "asks": [[3208.25, 4672.0], [3208.5, 5304.0], [3208.75, 11667.0], [3209.0, 3222.0], [3209.25, 2597.0], [3209.5, 2224.0], [3209.75, 597.0], [3210.0, 2000.0], [3210.25, 597.0], [3210.5, 2000.0], [3210.75, 6130.0], [3211.0, 20536.0], [3211.5, 2101.0], [3211.75, 7037.0], [3213.0, 500.0], [3213.75, 6577.0], [3214.0, 41732.0], [3214.75, 500.0], [3217.75, 39462.0], [3218.0, 500.0]]}}}
{"jsonrpc": "2.0", "method": "subscription", "params": {"channel": "book.ETH-23JAN26.none.20.100ms", "data": {"timestamp": 1768818910366, "change_id": 105356250497, "instrument_name": "ETH-23JAN26", "bids": [[3208.0, 11793.0], [3207.75, 3915.0], [3207.5, 7269.0], [3207.25, 2299.0], [3207.0, 1000.0], [3204.75, 2095.0], [3204.5, 7020.0], [3204.25, 6589.0], [3204.0, 28204.0], [3203.75, 20532.0], [3203.25, 5573.0], [3203.0, 20202.0], [3200.5, 5943.0], [3199.0, 19022.0], [3198.75, 40834.0], [3198.5, 40000.0], [3195.5, 76090.0], [3195.25, 39754.0], [3195.0, 59924.0], [3194.25, 40000.0]], "asks": [[3208.25, 4672.0], [3208.5, 2000.0], [3208.75, 597.0], [3209.0, 3222.0], [3209.25, 2597.0], [3209.5, 2224.0], [3209.75, 597.0], [3210.0, 2000.0], [3210.25, 597.0], [3210.5, 2000.0], [3210.75, 6130.0], [3211.0, 20536.0], [3211.5, 2101.0], [3211.75, 7037.0], [3213.0, 500.0], [3213.75, 6577.0], [3214.0, 41732.0], [3214.75, 500.0], [3217.75, 39462.0], [3218.0, 500.0]]}}}
{"jsonrpc": "2.0", "method": "subscription", "params": {"channel": "book.ETH-23JAN26.none.20.100ms", "data": {"timestamp": 1768818910651, "change_id": 105356250676, "instrument_name": "ETH-23JAN26", "bids": [[3208.0, 2625.0], [3207.75, 5394.0], [3207.5, 16437.0], [3207.25, 2299.0], [3207.0, 1000.0], [3204.75, 2095.0], [3204.5, 7020.0], [3204.25, 6589.0], [3204.0, 28204.0], [3203.75, 20532.0], [3203.25, 5573.0], [3203.0, 20202.0], [3200.5, 5943.0], [3199.0, 19022.0], [3198.75, 40834.0], [3198.5, 40000.0], [3195.5, 76090.0], [3195.25, 39754.0], [3195.0, 59924.0], [3194.25, 40000.0]], "asks": [[3208.25, 4672.0], [3208.5, 2000.0], [3208.75, 597.0], [3209.0, 3222.0], [3209.25, 2597.0], [3209.5, 2224.0], [3209.75, 597.0], [3210.0, 2000.0], [3210.25, 597.0], [3210.5, 2000.0], [3210.75, 6130.0], [3211.0, 20536.0], [3211.5, 2101.0], [3211.75, 7037.0], [3213.0, 500.0], [3213.75, 6577.0], [3214.0, 41732.0], [3214.75, 500.0], [3217.75, 39462.0], [3218.0, 500.0]]}}}
{"jsonrpc": "2.0", "method": "subscription", "params": {"channel": "book.ETH-23JAN26.none.20.100ms", "data": {"timestamp": 1768818910941, "change_id": 105356250989, "instrument_name": "ETH-23JAN26", "bids": [[3208.0, 2625.0], [3207.75, 5394.0], [3207.5, 16437.0], [3207.25, 2299.0], [3207.0, 1000.0], [3204.75, 2095.0], [3204.5, 7020.0], [3204.25, 6589.0], [3204.0, 22075.0], [3203.5, 20532.0], [3203.25, 5573.0], [3203.0, 20202.0], [3200.5, 5943.0], [3199.0, 19022.0], [3198.75, 40834.0], [3198.5, 40000.0], [3195.5, 76090.0], [3195.25, 39754.0], [3195.0, 59924.0], [3194.25, 40000.0]], "asks": [[3208.25, 4672.0], [3208.5, 5304.0], [3208.75, 11667.0], [3209.0, 3222.0], [3209.25, 2597.0], [3209.5, 2224.0], [3209.75, 597.0], [3210.0, 2000.0], [3210.25, 597.0], [3210.5, 2000.0], [3210.75, 6130.0], [3211.0, 20536.0], [3211.5, 2101.0], [3211.75, 7037.0], [3213.0, 500.0], [3213.75, 6577.0], [3214.0, 41732.0], [3214.75, 500.0], [3217.75, 39462.0], [3218.0, 500.0]]}}}
{"jsonrpc": "2.0", "method": "subscription", "params": {"channel": "book.ETH-23JAN26.none.20.100ms", "data": {"timestamp": 1768818911363, "change_id": 105356251492, "instrument_name": "ETH-23JAN26", "bids": [[3208.0, 2625.0], [3207.75, 3915.0], [3207.5, 7269.0], [3207.25, 4997.0], [3207.0, 10167.0], [3204.75, 2095.0], [3204.5, 7020.0], [3204.25, 6589.0], [3204.0, 22075.0], [3203.75, 20532.0], [3203.25, 5573.0], [3203.0, 20202.0], [3200.5, 5943.0], [3199.0, 19022.0], [3198.75, 40834.0], [3198.5, 40000.0], [3195.5, 76090.0], [3195.25, 39754.0], [3195.0, 59924.0], [3194.25, 40000.0]], "asks": [[3208.25, 4672.0], [3208.5, 5304.0], [3208.75, 11667.0], [3209.0, 3222.0], [3209.25, 2597.0], [3209.5, 2224.0], [3209.75, 597.0], [3210.0, 2000.0], [3210.25, 597.0], [3210.5, 2000.0], [3210.75, 6130.0], [3211.0, 20536.0], [3211.5, 2101.0], [3211.75, 7037.0], [3213.0, 500.0], [3213.75, 6577.0], [3214.0, 41732.0], [3214.75, 500.0], [3217.75, 39462.0], [3218.0, 500.0]]}}}
{"jsonrpc": "2.0", "method": "subscription", "params": {"channel": "book.ETH-23JAN26.none.20.100ms", "data": {"timestamp": 1768818912043, "change_id": 105356252091, "instrument_name": "ETH-23JAN26", "bids": [[3207.75, 2597.0], [3207.5, 4540.0], [3207.25, 9669.0], [3207.0, 10167.0], [3204.75, 2095.0], [3204.5, 7020.0], [3204.25, 6589.0], [3204.0, 28204.0], [3203.75, 20532.0], [3203.25, 5573.0], [3203.0, 20202.0], [3200.5, 5943.0], [3199.0, 19022.0], [3198.75, 40834.0], [3198.5, 40000.0], [3195.5, 76090.0], [3195.25, 39754.0], [3195.0, 59924.0], [3194.25, 40000.0], [3189.5, 40000.0]], "asks": [[3208.0, 4672.0], [3208.25, 597.0], [3208.5, 5304.0], [3208.75, 12292.0], [3209.0, 2597.0], [3209.25, 2597.0], [3209.5, 2224.0], [3209.75, 597.0], [3210.0, 2000.0], [3210.25, 597.0], [3210.5, 2000.0], [3210.75, 6130.0], [3211.0, 20536.0], [3211.5, 2101.0], [3211.75, 7037.0], [3213.0, 500.0], [3213.75, 6577.0], [3214.0, 41732.0], [3214.75, 500.0], [3217.75, 39462.0]]}}}
{"jsonrpc": "2.0", "method": "subscription", "params": {"channel": "book.ETH-23JAN26.none.20.100ms", "data": {"timestamp": 1768818912118, "change_id": 105356252121, "instrument_name": "ETH-23JAN26", "bids": [[3207.75, 3222.0], [3207.5, 3915.0], [3207.25, 9669.0], [3207.0, 10167.0], [3204.75, 2095.0], [3204.5, 7020.0], [3204.25, 6589.0], [3204.0, 28204.0], [3203.75, 20532.0], [3203.25, 5573.0], [3203.0, 20202.0], [3200.5, 5943.0], [3199.0, 19022.0], [3198.75, 40834.0], [3198.5, 40000.0], [3195.5, 76090.0], [3195.25, 39754.0], [3195.0, 59924.0], [3194.25, 40000.0], [3189.5, 40000.0]], "asks": [[3208.0, 4672.0], [3208.25, 597.0], [3208.5, 5304.0], [3208.75, 12292.0], [3209.0, 2597.0], [3209.25, 2597.0], [3209.5, 2224.0], [3209.75, 597.0], [3210.0, 2000.0], [3210.75, 6130.0], [3211.0, 20536.0], [3211.5, 2101.0], [3211.75, 7037.0], [3213.0, 500.0], [3213.75, 6577.0], [3214.0, 41732.0], [3214.75, 500.0], [3217.75, 39462.0], [3218.0, 500.0], [3218.25, 40000.0]]}}}
{"jsonrpc": "2.0", "method": "subscription", "params": {"channel": "book.ETH-23JAN26.none.20.100ms", "data": {"timestamp": 1768818913105, "change_id": 105356253013, "instrument_name": "ETH-23JAN26", "bids": [[3207.75, 3222.0], [3207.5, 3915.0], [3207.25, 9669.0], [3207.0, 10167.0], [3204.75, 2095.0], [3204.5, 7020.0], [3204.25, 6589.0], [3204.0, 28204.0], [3203.75, 20532.0], [3203.25, 5573.0], [3203.0, 20202.0], [3200.5, 5943.0], [3199.0, 19022.0], [3198.75, 40834.0], [3198.5, 40000.0], [3195.5, 76090.0], [3195.25, 39754.0], [3195.0, 59924.0], [3194.25, 40000.0], [3189.5, 40000.0]], "asks": [[3208.0, 4672.0], [3208.25, 597.0], [3208.5, 5304.0], [3208.75, 14292.0], [3209.0, 2597.0], [3209.25, 2597.0], [3209.5, 2224.0], [3210.75, 6130.0], [3211.0, 20536.0], [3211.5, 2101.0], [3211.75, 7037.0], [3213.0, 500.0], [3213.75, 6577.0], [3214.0, 41732.0], [3214.75, 500.0], [3217.75, 39462.0], [3218.0, 500.0], [3218.25, 40000.0], [3219.75, 500.0], [3221.0, 40308.0]]}}}
{"jsonrpc": "2.0", "method": "subscription", "params": {"channel": "book.ETH-23JAN26.none.20.100ms", "data": {"timestamp": 1768818913732, "change_id": 105356253543, "instrument_name": "ETH-23JAN26", "bids": [[3207.75, 3222.0], [3207.5, 3915.0], [3207.25, 9669.0], [3207.0, 10167.0], [3204.75, 2095.0], [3204.5, 7020.0], [3204.25, 6589.0], [3204.0, 28204.0], [3203.75, 20532.0], [3203.25, 5573.0], [3203.0, 20202.0], [3200.5, 5943.0], [3199.0, 19022.0], [3198.75, 40834.0], [3198.5, 40000.0], [3195.5, 76090.0], [3195.25, 39754.0], [3195.0, 59924.0], [3194.25, 40000.0], [3189.5, 40000.0]], "asks": [[3208.0, 4672.0], [3208.25, 597.0], [3208.5, 2784.0], [3208.75, 3222.0], [3209.0, 2597.0], [3209.25, 2597.0], [3209.5, 2224.0], [3210.75, 6130.0], [3211.0, 20536.0], [3211.5, 2101.0], [3211.75, 7037.0], [3213.0, 500.0], [3213.75, 6577.0], [3214.0, 41732.0], [3214.75, 500.0], [3217.75, 39462.0], [3218.0, 500.0], [3218.25, 40000.0], [3219.75, 500.0], [3221.0, 40308.0]]}}}
{"jsonrpc": "2.0", "method": "subscription", "params": {"channel": "book.ETH-23JAN26.none.20.100ms", "data": {"timestamp": 1768818914094, "change_id": 105356253894, "instrument_name": "ETH-23JAN26", "bids": [[3207.75, 3222.0], [3207.5, 3915.0], [3207.25, 9669.0], [3207.0, 10167.0], [3204.75, 2095.0], [3204.5, 7020.0], [3204.25, 6589.0], [3204.0, 28204.0], [3203.75, 20532.0], [3203.25, 5573.0], [3203.0, 20202.0], [3200.5, 5943.0], [3199.0, 19022.0], [3198.75, 40834.0], [3198.5, 40000.0], [3195.5, 76090.0], [3195.25, 39754.0], [3195.0, 59924.0], [3194.25, 40000.0], [3189.5, 40000.0]], "asks": [[3208.0, 4672.0], [3208.25, 597.0], [3208.5, 2784.0], [3208.75, 3222.0], [3209.0, 2597.0], [3209.25, 2000.0], [3210.75, 6130.0], [3211.0, 20536.0], [3211.5, 2101.0], [3211.75, 7037.0], [3213.0, 500.0], [3213.75, 6577.0], [3214.0, 41732.0], [3214.75, 500.0], [3217.75, 39462.0], [3218.0, 500.0], [3218.25, 40000.0], [3219.75, 500.0], [3221.0, 40308.0], [3222.75, 58488.0]]}}}
{"jsonrpc": "2.0", "method": "subscription", "params": {"channel": "book.ETH-23JAN26.none.20.100ms", "data": {"timestamp": 1768818915083, "change_id": 105356254788, "instrument_name": "ETH-23JAN26", "bids": [[3207.75, 3222.0], [3207.5, 3915.0], [3207.25, 9669.0], [3207.0, 10167.0], [3204.75, 2095.0], [3204.5, 7020.0], [3204.25, 6589.0], [3204.0, 28204.0], [3203.75, 20532.0], [3203.25, 5573.0], [3203.0, 20202.0], [3200.5, 5943.0], [3199.0, 19022.0], [3198.75, 40834.0], [3198.5, 40000.0], [3195.5, 76090.0], [3195.25, 39754.0], [3195.0, 59924.0], [3194.25, 40000.0], [3189.5, 40000.0]], "asks": [[3208.0, 4672.0], [3208.25, 597.0], [3208.5, 2784.0], [3208.75, 2625.0], [3210.75, 6130.0], [3211.0, 20536.0], [3211.5, 2101.0], [3211.75, 7037.0], [3213.0, 500.0], [3213.75, 6577.0], [3214.0, 41732.0], [3214.75, 500.0], [3217.75, 39462.0], [3218.0, 500.0], [3218.25, 40000.0], [3219.75, 500.0], [3221.0, 40308.0], [3222.75, 58488.0], [3224.5, 40000.0], [3230.0, 58310.0]]}}}
{"jsonrpc": "2.0", "method": "subscription", "params": {"channel": "book.ETH-23JAN26.none.20.100ms", "data": {"timestamp": 1768818915207, "change_id": 105356255036, "instrument_name": "ETH-23JAN26", "bids": [[3207.75, 3222.0], [3207.5, 3915.0], [3207.25, 9669.0], [3207.0, 10167.0], [3204.75, 2095.0], [3204.5, 7020.0], [3204.25, 6589.0], [3204.0, 28204.0], [3203.75, 20532.0], [3203.25, 5573.0], [3203.0, 20202.0], [3200.5, 5943.0], [3199.0, 19022.0], [3198.75, 40834.0], [3198.5, 40000.0], [3195.5, 76090.0], [3195.25, 39754.0], [3195.0, 59924.0], [3194.25, 40000.0], [3189.5, 40000.0]], "asks": [[3208.0, 4672.0], [3208.25, 597.0], [3208.5, 2784.0], [3208.75, 2625.0], [3210.75, 6130.0], [3211.0, 20536.0], [3211.5, 2101.0], [3211.75, 7037.0], [3213.75, 6577.0], [3214.0, 41732.0], [3214.75, 500.0], [3217.75, 39462.0], [3218.25, 40000.0], [3219.75, 500.0], [3221.0, 40308.0], [3222.75, 58488.0], [3224.5, 40000.0], [3230.0, 58310.0], [3232.25, 40000.0], [3233.75, 39300.0]]}}}
{"jsonrpc": "2.0", "method": "subscription", "params": {"channel": "book.ETH-23JAN26.none.20.100ms", "data": {"timestamp": 1768818916009, "change_id": 105356255679, "instrument_name": "ETH-23JAN26", "bids": [[3207.75, 3222.0], [3207.5, 3915.0], [3207.25, 9669.0], [3207.0, 10167.0], [3204.75, 2095.0], [3204.5, 7020.0], [3204.25, 6589.0], [3204.0, 22075.0], [3203.75, 6129.0], [3203.5, 20532.0], [3203.25, 5573.0], [3203.0, 20202.0], [3200.5, 5943.0], [3199.0, 19022.0], [3198.75, 40834.0], [3198.5, 40000.0], [3195.5, 76090.0], [3195.25, 39754.0], [3195.0, 59924.0], [3194.25, 40000.0]], "asks": [[3208.0, 4672.0], [3208.25, 597.0], [3208.5, 2000.0], [3208.75, 625.0], [3210.75, 6130.0], [3211.0, 20536.0], [3211.5, 2101.0], [3211.75, 7037.0], [3213.75, 6577.0], [3214.0, 41732.0], [3214.75, 500.0], [3217.75, 39462.0], [3218.25, 40000.0], [3219.75, 500.0], [3221.0, 40308.0], [3222.75, 58488.0], [3224.5, 40000.0], [3230.0, 58310.0], [3232.25, 40000.0], [3233.75, 39300.0]]}}}
{"jsonrpc": "2.0", "method": "subscription", "params": {"channel": "book.ETH-23JAN26.none.20.100ms", "data": {"timestamp": 1768818917104, "change_id": 105356256629, "instrument_name": "ETH-23JAN26", "bids": [[3207.75, 3222.0], [3207.5, 7269.0], [3207.25, 4997.0], [3207.0, 10167.0], [3204.75, 2095.0], [3204.5, 7020.0], [3204.25, 6589.0], [3204.0, 22075.0], [3203.75, 6129.0], [3203.5, 20532.0], [3203.25, 5573.0], [3203.0, 20202.0], [3200.5, 5943.0], [3199.0, 19022.0], [3198.75, 40834.0], [3198.5, 40000.0], [3195.5, 76090.0], [3195.25, 39754.0], [3195.0, 59924.0], [3194.25, 40000.0]], "asks": [[3208.0, 4672.0], [3208.25, 597.0], [3208.5, 2000.0], [3208.75, 625.0], [3210.75, 6130.0], [3211.0, 20536.0], [3211.5, 2101.0], [3211.75, 7037.0], [3213.75, 6577.0], [3214.0, 41732.0], [3214.75, 500.0], [3217.75, 39462.0], [3218.25, 40000.0], [3219.75, 500.0], [3221.0, 40308.0], [3222.75, 58488.0], [3224.5, 40000.0], [3230.0, 58310.0], [3232.25, 40000.0], [3233.75, 39300.0]]}}}
{"jsonrpc": "2.0", "method": "subscription", "params": {"channel": "book.ETH-23JAN26.none.20.100ms", "data": {"timestamp": 1768818918050, "change_id": 105356257505, "instrument_name": "ETH-23JAN26", "bids": [[3207.75, 4540.0], [3207.5, 7269.0], [3207.25, 4997.0], [3207.0, 10167.0], [3204.75, 2095.0], [3204.5, 7020.0], [3204.25, 6589.0], [3204.0, 22075.0], [3203.75, 6129.0], [3203.5, 20532.0], [3203.25, 5573.0], [3203.0, 20202.0], [3200.5, 5943.0], [3199.0, 19022.0], [3198.75, 40834.0], [3198.5, 40000.0], [3195.5, 76090.0], [3195.25, 39754.0], [3195.0, 59924.0], [3194.25, 40000.0]], "asks": [[3208.25, 5269.0], [3208.5, 2000.0], [3208.75, 625.0], [3210.25, 597.0], [3210.5, 2000.0], [3210.75, 6130.0], [3211.0, 20536.0], [3211.5, 2101.0], [3211.75, 7037.0], [3213.75, 11616.0], [3214.0, 41732.0], [3214.75, 500.0], [3217.75, 39462.0], [3218.25, 40000.0], [3219.75, 500.0], [3221.0, 40308.0], [3222.75, 58488.0], [3224.5, 40000.0], [3230.0, 58310.0], [3232.25, 40000.0]]}}}
{"jsonrpc": "2.0", "method": "subscription", "params": {"channel": "book.ETH-23JAN26.none.20.100ms", "data": {"timestamp": 1768818918459, "change_id": 105356257850, "instrument_name": "ETH-23JAN26", "bids": [[3207.75, 4540.0], [3207.5, 7269.0], [3207.25, 4997.0], [3207.0, 10167.0], [3204.75, 2095.0], [3204.5, 7020.0], [3204.25, 6589.0], [3204.0, 22075.0], [3203.75, 6129.0], [3203.5, 20532.0], [3203.25, 5573.0], [3203.0, 20202.0], [3200.5, 5943.0], [3199.0, 19022.0], [3198.75, 40834.0], [3198.5, 40000.0], [3195.5, 76090.0], [3195.25, 39754.0], [3195.0, 59924.0], [3194.25, 40000.0]], "asks": [[3208.25, 5269.0], [3208.5, 2000.0], [3208.75, 625.0], [3210.25, 597.0], [3210.5, 2000.0], [3210.75, 6130.0], [3211.0, 20536.0], [3211.5, 2101.0], [3211.75, 7037.0], [3213.0, 500.0], [3213.75, 11616.0], [3214.0, 41732.0], [3214.75, 500.0], [3217.75, 39462.0], [3218.0, 500.0], [3218.25, 40000.0], [3219.75, 500.0], [3221.0, 40308.0], [3222.75, 58488.0], [3224.5, 40000.0]]}}}
{"jsonrpc": "2.0", "method": "subscription", "params": {"channel": "book.ETH-23JAN26.none.20.100ms", "data": {"timestamp": 1768818919044, "change_id": 105356258788, "instrument_name": "ETH-23JAN26", "bids": [[3207.5, 2625.0], [3207.25, 9669.0], [3207.0, 10167.0], [3204.75, 2095.0], [3204.5, 7020.0], [3204.25, 6589.0], [3204.0, 22075.0], [3203.25, 3578.0], [3203.0, 20202.0], [3200.5, 5943.0], [3199.0, 19022.0], [3198.75, 40834.0], [3198.5, 40000.0], [3195.5, 76090.0], [3195.25, 39754.0], [3195.0, 59924.0], [3194.25, 40000.0], [3186.25, 59012.0], [3185.0, 40000.0], [3180.0, 100.0]], "asks": [[3207.75, 4672.0], [3208.0, 2000.0], [3208.25, 597.0], [3208.5, 2625.0], [3210.0, 2000.0], [3210.25, 597.0], [3210.5, 2000.0], [3210.75, 6130.0], [3211.0, 20536.0], [3211.5, 2101.0], [3211.75, 7037.0], [3213.0, 500.0], [3213.75, 11616.0], [3214.0, 41732.0], [3214.75, 500.0], [3217.75, 39462.0], [3218.0, 500.0], [3218.25, 40000.0], [3219.75, 500.0], [3221.0, 40308.0]]}}}
{"jsonrpc": "2.0", "method": "subscription", "params": {"channel": "book.ETH-23JAN26.none.20.100ms", "data": {"timestamp": 1768818919623, "change_id": 105356259357, "instrument_name": "ETH-23JAN26", "bids": [[3207.5, 2625.0], [3207.25, 9669.0], [3207.0, 10167.0], [3204.75, 2095.0], [3204.5, 7020.0], [3204.25, 6589.0], [3204.0, 22075.0], [3203.25, 3578.0], [3203.0, 20202.0], [3200.5, 5943.0], [3199.0, 19022.0], [3198.75, 40834.0], [3198.5, 40000.0], [3195.5, 76090.0], [3195.25, 39754.0], [3195.0, 59924.0], [3194.25, 40000.0], [3186.25, 59012.0], [3185.0, 40000.0], [3180.0, 100.0]], "asks": [[3207.75, 4672.0], [3208.0, 2000.0], [3208.25, 597.0], [3208.5, 2625.0], [3209.75, 597.0], [3210.0, 2000.0], [3210.25, 597.0], [3210.5, 2000.0], [3210.75, 6130.0], [3211.0, 20536.0], [3211.5, 2101.0], [3211.75, 7037.0], [3213.0, 500.0], [3213.75, 11616.0], [3214.0, 41732.0], [3214.75, 500.0], [3217.75, 39462.0], [3218.0, 500.0], [3218.25, 40000.0], [3219.75, 500.0]]}}}
{"jsonrpc": "2.0", "method": "subscription", "params": {"channel": "book.ETH-23JAN26.none.20.100ms", "data": {"timestamp": 1768818920027, "change_id": 105356259733, "instrument_name": "ETH-23JAN26", "bids": [[3207.5, 2625.0], [3207.25, 9669.0], [3207.0, 10167.0], [3204.75, 2095.0], [3204.5, 7020.0], [3204.25, 6589.0], [3204.0, 22075.0], [3203.25, 3578.0], [3203.0, 20202.0], [3200.5, 5943.0], [3199.0, 19022.0], [3198.75, 40834.0], [3198.5, 40000.0], [3195.5, 76090.0], [3195.25, 39754.0], [3195.0, 59924.0], [3194.25, 40000.0], [3186.25, 59012.0], [3185.0, 40000.0], [3180.0, 100.0]], "asks": [[3207.75, 4672.0], [3208.0, 2000.0], [3208.5, 625.0], [3209.5, 2000.0], [3209.75, 597.0], [3210.0, 2000.0], [3210.25, 597.0], [3210.5, 2000.0], [3210.75, 6130.0], [3211.0, 20536.0], [3211.5, 2101.0], [3211.75, 7037.0], [3213.0, 500.0], [3213.75, 11616.0], [3214.0, 41732.0], [3214.75, 500.0], [3217.75, 39462.0], [3218.0, 500.0], [3218.25, 40000.0], [3219.75, 500.0]]}}}
{"jsonrpc": "2.0", "method": "subscription", "params": {"channel": "book.ETH-23JAN26.none.20.100ms", "data": {"timestamp": 1768818920246, "change_id": 105356260539, "instrument_name": "ETH-23JAN26", "bids": [[3207.5, 625.0], [3207.25, 2299.0], [3207.0, 2395.0], [3206.75, 7408.0], [3206.5, 9167.0], [3204.75, 2095.0], [3204.5, 7020.0], [3201.5, 20202.0], [3200.5, 5943.0], [3200.0, 22054.0], [3199.0, 19022.0], [3198.75, 40834.0], [3198.5, 40000.0], [3195.5, 76090.0], [3195.25, 39754.0], [3195.0, 59924.0], [3194.25, 40000.0], [3186.25, 59012.0], [3185.0, 40000.0], [3180.0, 100.0]], "asks": [[3207.75, 4672.0], [3208.0, 4445.0], [3208.25, 8191.0], [3208.5, 625.0], [3209.5, 2000.0], [3209.75, 597.0], [3210.0, 2000.0], [3210.25, 597.0], [3210.5, 2000.0], [3210.75, 6130.0], [3211.0, 20536.0], [3211.5, 2101.0], [3211.75, 7037.0], [3213.0, 500.0], [3213.75, 11616.0], [3214.0, 41732.0], [3214.75, 500.0], [3217.75, 39462.0], [3218.0, 500.0], [3218.25, 40000.0]]}}}
{"jsonrpc": "2.0", "method": "subscription", "params": {"channel": "book.ETH-23JAN26.none.20.100ms", "data": {"timestamp": 1768818920513, "change_id": 105356260811, "instrument_name": "ETH-23JAN26", "bids": [[3207.5, 625.0], [3207.25, 3655.0], [3207.0, 5672.0], [3206.75, 2736.0], [3206.5, 9167.0], [3204.75, 2095.0], [3204.5, 7020.0], [3201.5, 20202.0], [3200.5, 5943.0], [3200.0, 22054.0], [3199.0, 19022.0], [3198.75, 40834.0], [3198.5, 40000.0], [3195.5, 76090.0], [3195.25, 39754.0], [3195.0, 59924.0], [3194.25, 40000.0], [3186.25, 59012.0], [3185.0, 40000.0], [3180.0, 100.0]], "asks": [[3207.75, 4672.0], [3208.0, 4445.0], [3208.25, 8191.0], [3208.5, 625.0], [3209.5, 2000.0], [3209.75, 597.0], [3210.0, 2000.0], [3210.25, 597.0], [3210.5, 2000.0], [3210.75, 6130.0], [3211.0, 20536.0], [3211.5, 2101.0], [3211.75, 7037.0], [3213.0, 500.0], [3213.75, 11616.0], [3214.0, 41732.0], [3214.75, 500.0], [3217.75, 39462.0], [3218.0, 500.0], [3218.25, 40000.0]]}}}
{"jsonrpc": "2.0", "method": "subscription", "params": {"channel": "book.ETH-23JAN26.none.20.100ms", "data": {"timestamp": 1768818921017, "change_id": 105356261392, "instrument_name": "ETH-23JAN26", "bids": [[3207.5, 2625.0], [3207.25, 3655.0], [3207.0, 7672.0], [3206.75, 2736.0], [3206.5, 9167.0], [3204.75, 2095.0], [3204.5, 7020.0], [3201.75, 6030.0], [3201.5, 20202.0], [3200.5, 5943.0], [3200.25, 6583.0], [3200.0, 22054.0], [3199.0, 19022.0], [3198.75, 40834.0], [3198.5, 40000.0], [3195.5, 76090.0], [3195.25, 39754.0], [3195.0, 59924.0], [3194.25, 40000.0], [3186.25, 59012.0]], "asks": [[3207.75, 6672.0], [3208.0, 4445.0], [3208.25, 8191.0], [3208.5, 625.0], [3209.25, 597.0], [3209.5, 2000.0], [3209.75, 597.0], [3210.0, 2000.0], [3210.25, 597.0], [3210.5, 2000.0], [3210.75, 6130.0], [3211.0, 20536.0], [3211.5, 2101.0], [3211.75, 7037.0], [3213.0, 500.0], [3213.75, 11616.0], [3214.0, 41732.0], [3214.75, 500.0], [3217.75, 39462.0], [3218.0, 500.0]]}}}
{"jsonrpc": "2.0", "method": "subscription", "params": {"channel": "book.ETH-23JAN26.none.20.100ms", "data": {"timestamp": 1768818921403, "change_id": 105356261831, "instrument_name": "ETH-23JAN26", "bids": [[3207.5, 625.0], [3207.25, 3655.0], [3207.0, 7672.0], [3206.75, 2736.0], [3206.5, 9167.0], [3204.75, 2095.0], [3204.5, 7020.0], [3201.75, 6030.0], [3201.5, 20202.0], [3200.5, 5943.0], [3200.25, 6583.0], [3200.0, 22054.0], [3199.0, 19022.0], [3198.75, 40834.0], [3198.5, 40000.0], [3195.5, 76090.0], [3195.25, 39754.0], [3195.0, 59924.0], [3194.25, 40000.0], [3186.25, 59012.0]], "asks": [[3207.75, 6672.0], [3208.0, 4445.0], [3208.25, 8191.0], [3208.5, 625.0], [3209.25, 597.0], [3209.5, 2000.0], [3209.75, 597.0], [3210.0, 2000.0], [3210.25, 597.0], [3210.5, 2000.0], [3210.75, 6130.0], [3211.0, 20536.0], [3211.5, 2101.0], [3211.75, 7037.0], [3213.0, 500.0], [3213.75, 11616.0], [3214.0, 41732.0], [3214.75, 500.0], [3217.75, 39462.0], [3218.0, 500.0]]}}}
{"jsonrpc": "2.0", "method": "subscription", "params": {"channel": "book.ETH-23JAN26.none.20.100ms", "data": {"timestamp": 1768818922006, "change_id": 105356262290, "instrument_name": "ETH-23JAN26", "bids": [[3207.5, 2625.0], [3207.25, 3655.0], [3207.0, 8269.0], [3206.75, 4736.0], [3206.5, 9167.0], [3204.75, 2095.0], [3204.5, 7020.0], [3201.75, 6030.0], [3201.5, 20202.0], [3200.5, 5943.0], [3200.25, 6583.0], [3200.0, 22054.0], [3199.0, 19022.0], [3198.75, 40834.0], [3198.5, 40000.0], [3195.5, 76090.0], [3195.25, 39754.0], [3195.0, 59924.0], [3194.25, 40000.0], [3186.25, 59012.0]], "asks": [[3207.75, 6672.0], [3208.0, 4445.0], [3208.25, 8191.0], [3208.5, 625.0], [3209.0, 2000.0], [3209.25, 597.0], [3209.5, 2000.0], [3209.75, 597.0], [3210.0, 2000.0], [3210.25, 597.0], [3210.5, 2000.0], [3210.75, 6130.0], [3211.0, 20536.0], [3211.5, 2101.0], [3211.75, 7037.0], [3213.0, 500.0], [3213.75, 11616.0], [3214.0, 41732.0], [3214.75, 500.0], [3217.75, 39462.0]]}}}
{"jsonrpc": "2.0", "method": "subscription", "params": {"channel": "book.ETH-23JAN26.none.20.100ms", "data": {"timestamp": 1768818922515, "change_id": 105356262810, "instrument_name": "ETH-23JAN26", "bids": [[3207.5, 2625.0], [3207.25, 3655.0], [3207.0, 8269.0], [3206.75, 4736.0], [3206.5, 9167.0], [3204.75, 2095.0], [3204.5, 7020.0], [3201.75, 6030.0], [3201.5, 20202.0], [3200.75, 1774.0], [3200.5, 5943.0], [3200.25, 6583.0], [3200.0, 22054.0], [3199.0, 19022.0], [3198.75, 40834.0], [3198.5, 40000.0], [3195.5, 76090.0], [3195.25, 39754.0], [3195.0, 59924.0], [3194.25, 40000.0]], "asks": [[3207.75, 4672.0], [3208.0, 4445.0], [3208.25, 8191.0], [3208.5, 625.0], [3208.75, 597.0], [3209.0, 2000.0], [3209.25, 597.0], [3209.5, 2000.0], [3209.75, 597.0], [3210.0, 2000.0], [3210.25, 597.0], [3210.5, 2000.0], [3210.75, 6130.0], [3211.0, 20536.0], [3211.5, 2101.0], [3211.75, 7037.0], [3213.0, 500.0], [3213.75, 11616.0], [3214.0, 41732.0], [3214.75, 500.0]]}}}
{"jsonrpc": "2.0", "method": "subscription", "params": {"channel": "book.ETH-23JAN26.none.20.100ms", "data": {"timestamp": 1768818923005, "change_id": 105356263252, "instrument_name": "ETH-23JAN26", "bids": [[3207.5, 2625.0], [3207.25, 7529.0], [3207.0, 3597.0], [3206.75, 4736.0], [3206.5, 9167.0], [3204.75, 2095.0], [3204.5, 7020.0], [3201.75, 6030.0], [3201.5, 20202.0], [3200.75, 1774.0], [3200.5, 5943.0], [3200.25, 6583.0], [3200.0, 22054.0], [3199.0, 19022.0], [3198.75, 40834.0], [3198.5, 40000.0], [3195.5, 76090.0], [3195.25, 39754.0], [3195.0, 59924.0], [3194.25, 40000.0]], "asks": [[3207.75, 4672.0], [3208.0, 4445.0], [3208.25, 8191.0], [3208.5, 625.0], [3208.75, 597.0], [3209.0, 2000.0], [3209.25, 597.0], [3209.5, 2000.0], [3209.75, 597.0], [3210.0, 2000.0], [3210.75, 6130.0], [3211.0, 20536.0], [3211.5, 2101.0], [3211.75, 7037.0], [3213.0, 500.0], [3213.75, 11616.0], [3214.0, 41732.0], [3214.75, 500.0], [3217.75, 39462.0], [3218.0, 500.0]]}}}
{"jsonrpc": "2.0", "method": "subscription", "params": {"channel": "book.ETH-23JAN26.none.20.100ms", "data": {"timestamp": 1768818923984, "change_id": 105356264238, "instrument_name": "ETH-23JAN26", "bids": [[3207.5, 2625.0], [3207.25, 7529.0], [3207.0, 3597.0], [3206.75, 4736.0], [3206.5, 9167.0], [3204.75, 2095.0], [3204.5, 7020.0], [3201.75, 6030.0], [3201.5, 20202.0], [3200.75, 1774.0], [3200.5, 5943.0], [3200.25, 6583.0], [3200.0, 22054.0], [3199.0, 19022.0], [3198.75, 40834.0], [3198.5, 40000.0], [3195.5, 76090.0], [3195.25, 39754.0], [3195.0, 59924.0], [3194.25, 40000.0]], "asks": [[3207.75, 4672.0], [3208.0, 4445.0], [3208.25, 8975.0], [3208.5, 2625.0], [3208.75, 597.0], [3209.0, 2000.0], [3209.25, 597.0], [3209.5, 2000.0], [3210.75, 6130.0], [3211.0, 20536.0], [3211.5, 2101.0], [3211.75, 7037.0], [3213.0, 500.0], [3213.75, 11616.0], [3214.0, 41732.0], [3214.75, 500.0], [3217.75, 39462.0], [3218.0, 500.0], [3218.25, 40000.0], [3219.75, 500.0]]}}}
{"jsonrpc": "2.0", "method": "subscription", "params": {"channel": "book.ETH-23JAN26.none.20.100ms", "data": {"timestamp": 1768818924062, "change_id": 105356264360, "instrument_name": "ETH-23JAN26", "bids": [[3207.5, 2625.0], [3207.25, 7529.0], [3207.0, 3597.0], [3206.75, 4736.0], [3206.5, 9167.0], [3204.75, 2095.0], [3204.5, 7020.0], [3202.25, 6129.0], [3202.0, 20532.0], [3201.75, 6030.0], [3201.5, 20202.0], [3200.75, 1774.0], [3200.5, 5943.0], [3200.25, 6583.0], [3200.0, 22054.0], [3199.0, 19022.0], [3198.75, 40834.0], [3198.5, 40000.0], [3195.5, 76090.0], [3195.25, 39754.0]], "asks": [[3207.75, 4672.0], [3208.0, 4445.0], [3208.25, 8975.0], [3208.5, 2625.0], [3208.75, 597.0], [3209.0, 2000.0], [3209.25, 597.0], [3209.5, 2000.0], [3210.75, 6130.0], [3211.0, 20536.0], [3211.5, 2101.0], [3211.75, 7037.0], [3213.0, 500.0], [3213.75, 11616.0], [3214.0, 41732.0], [3214.75, 500.0], [3217.75, 39462.0], [3218.0, 500.0], [3218.25, 40000.0], [3219.75, 500.0]]}}}
{"jsonrpc": "2.0", "method": "subscription", "params": {"channel": "book.ETH-23JAN26.none.20.100ms", "data": {"timestamp": 1768818924971, "change_id": 105356265101, "instrument_name": "ETH-23JAN26", "bids": [[3207.5, 2625.0], [3207.25, 7529.0], [3207.0, 3597.0], [3206.75, 4736.0], [3206.5, 9167.0], [3204.75, 2095.0], [3204.5, 7020.0], [3202.25, 6129.0], [3202.0, 20532.0], [3201.75, 6030.0], [3201.5, 20202.0], [3200.75, 1774.0], [3200.5, 5943.0], [3200.25, 6583.0], [3200.0, 22054.0], [3199.0, 19022.0], [3198.75, 40834.0], [3198.5, 40000.0], [3195.5, 76090.0], [3195.25, 39754.0]], "asks": [[3207.75, 4672.0], [3208.0, 4445.0], [3208.25, 8975.0], [3208.5, 2625.0], [3208.75, 597.0], [3209.0, 2000.0], [3210.75, 6130.0], [3211.0, 20536.0], [3211.5, 2101.0], [3211.75, 7037.0], [3213.0, 500.0], [3213.75, 11616.0], [3214.0, 41732.0], [3214.75, 500.0], [3217.75, 39462.0], [3218.0, 500.0], [3218.25, 40000.0], [3219.75, 500.0], [3221.0, 40308.0], [3222.75, 58488.0]]}}}
{"jsonrpc": "2.0", "method": "subscription", "params": {"channel": "book.ETH-23JAN26.none.20.100ms", "data": {"timestamp": 1768818925605, "change_id": 105356265630, "instrument_name": "ETH-23JAN26", "bids": [[3207.5, 2625.0], [3207.25, 4181.0], [3207.0, 8269.0], [3206.75, 4736.0], [3206.5, 9167.0], [3204.75, 2095.0], [3204.5, 7020.0], [3202.25, 6129.0], [3202.0, 20532.0], [3201.75, 6030.0], [3201.5, 20202.0], [3200.75, 1774.0], [3200.5, 5943.0], [3200.25, 6583.0], [3200.0, 22054.0], [3199.0, 19022.0], [3198.75, 40834.0], [3198.5, 40000.0], [3195.5, 76090.0], [3195.25, 39754.0]], "asks": [[3207.75, 4672.0], [3208.0, 4445.0], [3208.25, 8975.0], [3208.5, 2625.0], [3208.75, 597.0], [3209.0, 2000.0], [3210.75, 6130.0], [3211.0, 20536.0], [3211.5, 2101.0], [3211.75, 7037.0], [3213.0, 500.0], [3213.75, 11616.0], [3214.0, 41732.0], [3214.75, 500.0], [3217.75, 39462.0], [3218.0, 500.0], [3218.25, 40000.0], [3219.75, 500.0], [3221.0, 40308.0], [3222.75, 58488.0]]}}}
{"jsonrpc": "2.0", "method": "subscription", "params": {"channel": "book.ETH-23JAN26.none.20.100ms", "data": {"timestamp": 1768818925995, "change_id": 105356266292, "instrument_name": "ETH-23JAN26", "bids": [[3207.25, 2625.0], [3207.0, 8269.0], [3206.75, 4736.0], [3206.5, 9167.0], [3201.75, 6030.0], [3201.5, 20202.0], [3200.75, 3581.0], [3200.5, 12757.0], [3200.25, 6583.0], [3200.0, 22054.0], [3199.0, 19022.0], [3198.75, 40834.0], [3198.5, 40000.0], [3195.5, 76090.0], [3195.25, 39754.0], [3195.0, 59924.0], [3194.25, 40000.0], [3186.25, 59012.0], [3185.0, 40000.0], [3180.0, 100.0]], "asks": [[3207.5, 4672.0], [3207.75, 597.0], [3208.0, 4445.0], [3208.25, 10975.0], [3208.5, 2625.0], [3210.75, 6130.0], [3211.0, 20536.0], [3211.5, 2101.0], [3211.75, 7037.0], [3213.0, 500.0], [3213.75, 11616.0], [3214.0, 41732.0], [3214.75, 500.0], [3217.75, 39462.0], [3218.0, 500.0], [3218.25, 40000.0], [3219.75, 500.0], [3221.0, 40308.0], [3222.75, 58488.0], [3224.5, 40000.0]]}}}
{"jsonrpc": "2.0", "method": "subscription", "params": {"channel": "book.ETH-23JAN26.none.20.100ms", "data": {"timestamp": 1768818926247, "change_id": 105356266741, "instrument_name": "ETH-23JAN26", "bids": [[3207.5, 2625.0], [3207.25, 7568.0], [3207.0, 3597.0], [3206.75, 4736.0], [3206.5, 9167.0], [3205.5, 2048.0], [3205.25, 6861.0], [3201.75, 6030.0], [3201.5, 20202.0], [3200.75, 1774.0], [3200.5, 5943.0], [3200.25, 6583.0], [3200.0, 22054.0], [3199.0, 19022.0], [3198.75, 40834.0], [3198.5, 40000.0], [3195.5, 76090.0], [3195.25, 39754.0], [3195.0, 59924.0], [3194.25, 40000.0]], "asks": [[3207.75, 5269.0], [3208.0, 4445.0], [3208.25, 10975.0], [3208.5, 2625.0], [3210.75, 6130.0], [3211.0, 20536.0], [3211.5, 2101.0], [3211.75, 7037.0], [3213.0, 500.0], [3213.75, 11616.0], [3214.0, 41732.0], [3214.75, 500.0], [3217.75, 39462.0], [3218.0, 500.0], [3218.25, 40000.0], [3219.75, 500.0], [3221.0, 40308.0], [3222.75, 58488.0], [3224.5, 40000.0], [3230.0, 58310.0]]}}}
