{"jsonrpc": "2.0", "method": "subscription", "params": {"channel": "book.ETH-24OCT25.none.20.100ms", "data": {"timestamp": 1760319100689, "change_id": 91034653085, "instrument_name": "ETH-24OCT25", "bids": [[4165.75, 23259.0], [4165.5, 2232.0], [4165.25, 2961.0], [4165.0, 4594.0], [4164.75, 3182.0], [4164.5, 10719.0], [4161.0, 582.0], [4159.25, 6310.0], [4158.0, 589.0], [4157.75, 4185.0], [4157.5, 14020.0], [4157.25, 583.0], [4157.0, 5.0], [4156.25, 585.0], [4156.0, 4.0], [4155.25, 5146.0], [4155.0, 20.0], [4152.75, 1728.0], [4152.5, 40400.0], [4151.75, 584.0]], "asks": [[4166.0, 370.0], [4166.25, 4239.0], [4166.5, 23719.0], [4166.75, 1976.0], [4167.0, 3268.0], [4167.25, 10411.0], [4170.75, 582.0], [4171.5, 586.0], [4173.0, 4903.0], [4173.25, 14477.0], [4173.5, 593.0], [4173.75, 5.0], [4177.75, 40400.0], [4178.0, 6361.0], [4180.0, 575.0], [4180.25, 4.0], [4180.5, 590.0], [4181.75, 590.0], [4182.0, 82.0], [4183.25, 577.0]]}}}
{"jsonrpc": "2.0", "method": "subscription", "params": {"channel": "book.ETH-17OCT25.none.20.100ms", "data": {"timestamp": 1760319100647, "change_id": 91034653058, "instrument_name": "ETH-17OCT25", "bids": [[4161.25, 790.0], [4161.0, 10226.0], [4160.75, 27697.0], [4160.5, 4886.0], [4160.25, 8401.0], [4158.5, 203.0], [4158.25, 679.0], [4158.0, 597.0], [4157.75, 2204.0], [4157.5, 688.0], [4157.25, 203.0], [4157.0, 677.0], [4156.75, 210.0], [4156.5, 703.0], [4153.5, 1024.0], [4153.25, 17054.0], [4153.0, 39803.0], [4152.5, 679.0], [4152.0, 677.0], [4151.75, 600.0]], "asks": [[4161.75, 24929.0], [4162.0, 14153.0], [4162.25, 5587.0], [4162.5, 2538.0], [4163.5, 203.0], [4163.75, 1813.0], [4164.0, 4003.0], [4164.25, 679.0], [4165.0, 204.0], [4165.25, 682.0], [4168.0, 205.0], [4168.25, 688.0], [4168.5, 4526.0], [4168.75, 15164.0], [4169.25, 22076.0], [4171.25, 673.0], [4171.5, 24311.0], [4173.25, 684.0], [4173.75, 699.0], [4174.25, 1077.0]]}}}
{"jsonrpc": "2.0", "method": "subscription", "params": {"channel": "book.ETH-17OCT25.none.20.100ms", "data": {"timestamp": 1760319100947, "change_id": 91034654711, "instrument_name": "ETH-17OCT25", "bids": [[4161.25, 80.0], [4160.5, 6472.0], [4160.25, 24378.0], [4160.0, 160.0], [4158.25, 679.0], [4158.0, 536.0], [4157.75, 1999.0], [4157.5, 688.0], [4157.0, 677.0], [4156.5, 703.0], [4153.5, 677.0], [4153.25, 5718.0], [4153.0, 39803.0], [4152.5, 679.0], [4152.0, 677.0], [4151.75, 600.0], [4150.25, 672.0], [4149.75, 40677.0], [4149.25, 1073.0], [4148.75, 677.0]], "asks": [[4161.5, 3800.0], [4161.75, 27032.0], [4162.0, 14313.0], [4162.25, 4877.0], [4163.75, 1753.0], [4164.0, 3800.0], [4164.25, 679.0], [4165.25, 682.0], [4168.0, 205.0], [4168.25, 688.0], [4168.5, 4526.0], [4168.75, 15164.0], [4169.25, 22076.0], [4171.25, 673.0], [4171.5, 24311.0], [4173.25, 684.0], [4173.75, 699.0], [4174.25, 1077.0], [4174.75, 40000.0], [4175.75, 673.0]]}}}
{"jsonrpc": "2.0", "method": "subscription", "params": {"channel": "book.ETH-24OCT25.none.20.100ms", "data": {"timestamp": 1760319101059, "change_id": 91034654705, "instrument_name": "ETH-24OCT25", "bids": [[4165.25, 22000.0], [4165.0, 2205.0], [4164.75, 2232.0], [4164.5, 1719.0], [4164.0, 160.0], [4161.0, 582.0], [4159.25, 6310.0], [4158.0, 589.0], [4157.75, 4185.0], [4157.5, 14020.0], [4157.25, 583.0], [4157.0, 5.0], [4156.25, 585.0], [4156.0, 4.0], [4155.25, 5146.0], [4155.0, 20.0], [4152.75, 1728.0], [4152.5, 40400.0], [4151.75, 584.0], [4149.25, 657.0]], "asks": [[4165.5, 370.0], [4166.0, 26319.0], [4166.25, 4881.0], [4166.5, 1879.0], [4167.0, 3108.0], [4167.25, 10411.0], [4170.75, 582.0], [4171.5, 586.0], [4173.0, 4903.0], [4173.25, 14477.0], [4173.5, 593.0], [4173.75, 5.0], [4177.75, 40400.0], [4178.0, 6361.0], [4180.0, 575.0], [4180.25, 4.0], [4181.75, 590.0], [4182.0, 82.0], [4183.25, 577.0], [4183.75, 19453.0]]}}}
{"jsonrpc": "2.0", "method": "subscription", "params": {"channel": "book.ETH-24OCT25.none.20.100ms", "data": {"timestamp": 1760319101394, "change_id": 91034655257, "instrument_name": "ETH-24OCT25", "bids": [[4165.75, 2400.0], [4165.5, 6567.0], [4165.25, 22513.0], [4165.0, 2205.0], [4164.75, 2232.0], [4164.5, 2465.0], [4164.25, 2500.0], [4164.0, 160.0], [4161.0, 582.0], [4159.5, 1884.0], [4159.25, 6310.0], [4158.0, 589.0], [4157.75, 4185.0], [4157.5, 14020.0], [4157.25, 583.0], [4157.0, 5.0], [4156.25, 585.0], [4156.0, 4.0], [4155.25, 5146.0], [4155.0, 20.0]], "asks": [[4166.0, 24500.0], [4166.25, 2124.0], [4166.5, 2280.0], [4166.75, 1879.0], [4167.0, 3108.0], [4167.25, 10411.0], [4170.75, 582.0], [4171.5, 586.0], [4173.0, 4903.0], [4173.25, 14477.0], [4173.5, 593.0], [4173.75, 5.0], [4177.75, 40400.0], [4178.0, 6361.0], [4180.0, 575.0], [4180.25, 4.0], [4181.75, 590.0], [4182.0, 82.0], [4183.25, 577.0], [4183.75, 19453.0]]}}}
{"jsonrpc": "2.0", "method": "subscription", "params": {"channel": "book.ETH-17OCT25.none.20.100ms", "data": {"timestamp": 1760319101354, "change_id": 91034655194, "instrument_name": "ETH-17OCT25", "bids": [[4161.25, 790.0], [4161.0, 3088.0], [4160.75, 3088.0], [4160.5, 8850.0], [4160.25, 22000.0], [4160.0, 2660.0], [4158.25, 679.0], [4158.0, 536.0], [4157.75, 1999.0], [4157.5, 688.0], [4157.0, 677.0], [4156.5, 703.0], [4153.5, 677.0], [4153.25, 17599.0], [4153.0, 39803.0], [4152.5, 679.0], [4152.0, 677.0], [4151.75, 600.0], [4150.25, 672.0], [4149.75, 40677.0]], "asks": [[4161.75, 28772.0], [4162.0, 13498.0], [4162.25, 2537.0], [4163.75, 1753.0], [4164.0, 3800.0], [4164.25, 679.0], [4165.25, 682.0], [4168.0, 205.0], [4168.25, 688.0], [4168.5, 4526.0], [4168.75, 15164.0], [4169.25, 22076.0], [4171.25, 673.0], [4171.5, 24311.0], [4173.25, 684.0], [4173.75, 699.0], [4174.25, 1077.0], [4174.75, 40000.0], [4175.75, 673.0], [4176.0, 25202.0]]}}}
{"jsonrpc": "2.0", "method": "subscription", "params": {"channel": "book.ETH-17OCT25.none.20.100ms", "data": {"timestamp": 1760319101707, "change_id": 91034655874, "instrument_name": "ETH-17OCT25", "bids": [[4161.25, 790.0], [4161.0, 3088.0], [4160.75, 9612.0], [4160.5, 27784.0], [4158.25, 679.0], [4158.0, 536.0], [4157.75, 1999.0], [4157.0, 677.0], [4156.5, 703.0], [4153.5, 677.0], [4153.25, 17599.0], [4153.0, 39803.0], [4152.5, 679.0], [4152.0, 677.0], [4151.75, 600.0], [4150.25, 672.0], [4149.75, 40677.0], [4149.25, 1073.0], [4148.75, 677.0], [4147.75, 680.0]], "asks": [[4161.75, 26272.0], [4162.0, 15998.0], [4162.25, 3247.0], [4162.5, 2378.0], [4163.75, 1753.0], [4164.0, 3800.0], [4164.25, 679.0], [4165.25, 682.0], [4168.0, 205.0], [4168.25, 688.0], [4168.5, 4526.0], [4168.75, 15164.0], [4169.25, 22076.0], [4171.25, 673.0], [4171.5, 24311.0], [4173.25, 684.0], [4173.75, 699.0], [4174.25, 1077.0], [4174.75, 40000.0], [4175.75, 673.0]]}}}
{"jsonrpc": "2.0", "method": "subscription", "params": {"channel": "book.ETH-24OCT25.none.20.100ms", "data": {"timestamp": 1760319101609, "change_id": 91034655666, "instrument_name": "ETH-24OCT25", "bids": [[4165.75, 2400.0], [4165.5, 8286.0], [4165.25, 24232.0], [4165.0, 1934.0], [4164.5, 6484.0], [4164.25, 10629.0], [4161.0, 582.0], [4159.5, 1884.0], [4159.25, 6310.0], [4158.0, 589.0], [4157.75, 4185.0], [4157.5, 14020.0], [4157.25, 583.0], [4157.0, 5.0], [4156.25, 585.0], [4156.0, 4.0], [4155.25, 5146.0], [4155.0, 20.0], [4152.75, 1728.0], [4152.5, 40400.0]], "asks": [[4166.0, 2500.0], [4166.25, 2124.0], [4166.5, 24280.0], [4166.75, 2136.0], [4167.0, 3108.0], [4167.25, 10411.0], [4170.75, 582.0], [4171.5, 586.0], [4173.0, 4903.0], [4173.25, 14477.0], [4173.5, 593.0], [4173.75, 5.0], [4177.75, 40400.0], [4178.0, 6361.0], [4180.0, 575.0], [4180.25, 4.0], [4181.75, 590.0], [4182.0, 82.0], [4183.25, 577.0], [4183.75, 19453.0]]}}}
{"jsonrpc": "2.0", "method": "subscription", "params": {"channel": "book.ETH-17OCT25.none.20.100ms", "data": {"timestamp": 1760319101767, "change_id": 91034655933, "instrument_name": "ETH-17OCT25", "bids": [[4161.25, 4590.0], [4161.0, 3088.0], [4160.75, 9612.0], [4160.5, 27784.0], [4158.25, 679.0], [4158.0, 536.0], [4157.75, 1999.0], [4157.0, 677.0], [4156.5, 703.0], [4153.5, 677.0], [4153.25, 17599.0], [4153.0, 39803.0], [4152.5, 679.0], [4152.0, 677.0], [4151.75, 600.0], [4150.25, 672.0], [4149.75, 40677.0], [4149.25, 1073.0], [4148.75, 677.0], [4147.75, 680.0]], "asks": [[4161.75, 26272.0], [4162.0, 15998.0], [4162.25, 3247.0], [4162.5, 2378.0], [4163.75, 1753.0], [4164.0, 3800.0], [4164.25, 679.0], [4165.25, 682.0], [4168.0, 205.0], [4168.25, 688.0], [4168.5, 4526.0], [4168.75, 15164.0], [4169.25, 22076.0], [4171.25, 673.0], [4171.5, 24311.0], [4173.25, 684.0], [4173.75, 699.0], [4174.25, 1077.0], [4174.75, 40000.0], [4175.75, 673.0]]}}}
{"jsonrpc": "2.0", "method": "subscription", "params": {"channel": "book.ETH-24OCT25.none.20.100ms", "data": {"timestamp": 1760319101870, "change_id": 91034656250, "instrument_name": "ETH-24OCT25", "bids": [[4165.75, 2400.0], [4165.5, 8286.0], [4165.25, 24232.0], [4165.0, 2598.0], [4164.75, 2500.0], [4164.5, 3824.0], [4164.25, 10629.0], [4161.0, 582.0], [4159.5, 1884.0], [4159.25, 6310.0], [4158.0, 589.0], [4157.75, 4185.0], [4157.5, 14020.0], [4157.25, 583.0], [4157.0, 5.0], [4156.25, 585.0], [4156.0, 4.0], [4155.25, 5146.0], [4155.0, 20.0], [4152.75, 1728.0]], "asks": [[4166.0, 2500.0], [4166.25, 1739.0], [4166.5, 24280.0], [4166.75, 2136.0], [4167.0, 3108.0], [4167.25, 10411.0], [4170.75, 582.0], [4171.5, 586.0], [4173.0, 4903.0], [4173.25, 14477.0], [4173.5, 593.0], [4173.75, 5.0], [4177.75, 40400.0], [4178.0, 6361.0], [4180.0, 575.0], [4180.25, 4.0], [4181.75, 590.0], [4182.0, 82.0], [4183.25, 577.0], [4183.75, 19453.0]]}}}
{"jsonrpc": "2.0", "method": "subscription", "params": {"channel": "book.ETH-24OCT25.none.20.100ms", "data": {"timestamp": 1760319102368, "change_id": 91034657031, "instrument_name": "ETH-24OCT25", "bids": [[4165.25, 22513.0], [4165.0, 2887.0], [4164.75, 4733.0], [4164.5, 5544.0], [4164.25, 10789.0], [4161.0, 582.0], [4159.5, 1884.0], [4159.25, 6310.0], [4158.0, 589.0], [4157.75, 4185.0], [4157.5, 14020.0], [4157.25, 583.0], [4157.0, 5.0], [4156.25, 585.0], [4156.0, 4.0], [4155.25, 5146.0], [4155.0, 20.0], [4152.75, 1728.0], [4152.5, 40400.0], [4151.75, 584.0]], "asks": [[4165.75, 370.0], [4166.0, 4220.0], [4166.25, 5348.0], [4166.5, 24538.0], [4166.75, 160.0], [4167.0, 3108.0], [4167.25, 10411.0], [4170.75, 582.0], [4171.5, 586.0], [4173.0, 4903.0], [4173.25, 14477.0], [4173.5, 593.0], [4173.75, 5.0], [4177.75, 40400.0], [4178.0, 6361.0], [4180.0, 575.0], [4180.25, 4.0], [4181.75, 590.0], [4182.0, 82.0], [4183.25, 577.0]]}}}
{"jsonrpc": "2.0", "method": "subscription", "params": {"channel": "book.ETH-24OCT25.none.20.100ms", "data": {"timestamp": 1760319102699, "change_id": 91034658001, "instrument_name": "ETH-24OCT25", "bids": [[4165.75, 10315.0], [4165.5, 24233.0], [4165.25, 2233.0], [4165.0, 2438.0], [4164.75, 2660.0], [4164.5, 3824.0], [4164.25, 10629.0], [4161.0, 582.0], [4159.5, 1884.0], [4159.25, 6310.0], [4158.0, 589.0], [4157.75, 4185.0], [4157.5, 14020.0], [4157.25, 583.0], [4157.0, 5.0], [4156.25, 585.0], [4156.0, 4.0], [4155.25, 5146.0], [4155.0, 20.0], [4152.75, 1728.0]], "asks": [[4166.25, 20.0], [4166.5, 22000.0], [4166.75, 2470.0], [4167.0, 7586.0], [4167.25, 10411.0], [4170.75, 582.0], [4171.5, 586.0], [4173.0, 4903.0], [4173.25, 14477.0], [4173.5, 593.0], [4173.75, 5.0], [4177.75, 40400.0], [4178.0, 6361.0], [4180.0, 575.0], [4180.25, 4.0], [4181.75, 590.0], [4182.0, 82.0], [4183.25, 577.0], [4183.75, 19453.0], [4184.75, 38218.0]]}}}
{"jsonrpc": "2.0", "method": "subscription", "params": {"channel": "book.ETH-17OCT25.none.20.100ms", "data": {"timestamp": 1760319102693, "change_id": 91034657997, "instrument_name": "ETH-17OCT25", "bids": [[4161.25, 4590.0], [4161.0, 3088.0], [4160.75, 9612.0], [4160.5, 27784.0], [4158.5, 203.0], [4158.25, 679.0], [4158.0, 536.0], [4157.75, 1999.0], [4157.0, 677.0], [4156.75, 210.0], [4156.5, 703.0], [4153.5, 2384.0], [4153.25, 17599.0], [4153.0, 39803.0], [4152.5, 679.0], [4152.0, 677.0], [4151.75, 600.0], [4150.25, 672.0], [4149.75, 40677.0], [4149.25, 1073.0]], "asks": [[4161.75, 24654.0], [4162.0, 11121.0], [4162.25, 3087.0], [4162.5, 2378.0], [4163.0, 2660.0], [4163.5, 203.0], [4163.75, 1753.0], [4164.0, 3800.0], [4164.25, 679.0], [4165.0, 204.0], [4165.25, 682.0], [4168.0, 205.0], [4168.25, 688.0], [4168.5, 4526.0], [4168.75, 15164.0], [4169.25, 22076.0], [4171.25, 673.0], [4171.5, 24311.0], [4173.25, 684.0], [4173.75, 699.0]]}}}
{"jsonrpc": "2.0", "method": "subscription", "params": {"channel": "book.ETH-24OCT25.none.20.100ms", "data": {"timestamp": 1760319102897, "change_id": 91034658823, "instrument_name": "ETH-24OCT25", "bids": [[4166.0, 22000.0], [4165.75, 2080.0], [4165.5, 2080.0], [4165.25, 2569.0], [4165.0, 2500.0], [4164.5, 3670.0], [4164.25, 10629.0], [4161.0, 582.0], [4160.0, 14993.0], [4159.5, 1884.0], [4159.25, 6310.0], [4158.0, 589.0], [4157.25, 583.0], [4157.0, 5.0], [4156.25, 585.0], [4156.0, 4.0], [4155.25, 5146.0], [4155.0, 20.0], [4152.75, 1728.0], [4152.5, 40400.0]], "asks": [[4166.25, 20.0], [4166.75, 23720.0], [4167.0, 7586.0], [4167.25, 12131.0], [4167.5, 160.0], [4170.75, 582.0], [4171.5, 586.0], [4173.0, 4903.0], [4173.25, 14477.0], [4173.5, 593.0], [4173.75, 5.0], [4177.75, 40400.0], [4178.0, 6361.0], [4180.0, 575.0], [4180.25, 4.0], [4181.75, 590.0], [4182.0, 82.0], [4183.25, 577.0], [4183.75, 19453.0], [4184.75, 38218.0]]}}}
{"jsonrpc": "2.0", "method": "subscription", "params": {"channel": "book.ETH-17OCT25.none.20.100ms", "data": {"timestamp": 1760319102801, "change_id": 91034659149, "instrument_name": "ETH-17OCT25", "bids": [[4161.25, 11066.0], [4161.0, 28403.0], [4160.75, 3088.0], [4160.5, 8146.0], [4160.25, 19324.0], [4158.5, 203.0], [4158.25, 679.0], [4158.0, 536.0], [4157.75, 1999.0], [4157.0, 677.0], [4156.75, 210.0], [4156.5, 703.0], [4155.5, 14275.0], [4153.5, 2384.0], [4153.25, 5718.0], [4153.0, 25424.0], [4152.5, 679.0], [4152.0, 677.0], [4151.75, 600.0], [4150.25, 672.0]], "asks": [[4161.75, 22000.0], [4162.0, 10411.0], [4162.25, 710.0], [4162.5, 2378.0], [4163.0, 160.0], [4163.5, 203.0], [4163.75, 1753.0], [4164.0, 3800.0], [4164.25, 679.0], [4165.0, 204.0], [4165.25, 682.0], [4168.0, 205.0], [4168.25, 688.0], [4168.5, 4526.0], [4168.75, 15164.0], [4169.25, 22076.0], [4171.25, 673.0], [4171.5, 24311.0], [4173.25, 684.0], [4173.75, 699.0]]}}}
{"jsonrpc": "2.0", "method": "subscription", "params": {"channel": "book.ETH-17OCT25.none.20.100ms", "data": {"timestamp": 1760319103369, "change_id": 91034661706, "instrument_name": "ETH-17OCT25", "bids": [[4162.0, 3800.0], [4161.75, 10216.0], [4161.5, 25960.0], [4161.25, 2580.0], [4161.0, 2378.0], [4160.75, 2378.0], [4160.5, 8146.0], [4160.25, 19324.0], [4158.25, 679.0], [4158.0, 536.0], [4157.75, 1999.0], [4157.25, 202.0], [4157.0, 677.0], [4156.5, 703.0], [4155.5, 14977.0], [4154.0, 8089.0], [4153.5, 677.0], [4153.25, 5718.0], [4153.0, 677.0], [4152.5, 679.0]], "asks": [[4162.5, 3800.0], [4162.75, 22000.0], [4163.5, 10412.0], [4163.75, 160.0], [4165.0, 3800.0], [4165.25, 682.0], [4168.0, 205.0], [4168.25, 688.0], [4168.75, 15164.0], [4169.25, 22778.0], [4171.0, 201.0], [4171.25, 7930.0], [4171.5, 24311.0], [4173.25, 684.0], [4173.75, 699.0], [4174.25, 1077.0], [4174.75, 40000.0], [4175.75, 673.0], [4176.0, 25202.0], [4178.75, 682.0]]}}}
{"jsonrpc": "2.0", "method": "subscription", "params": {"channel": "book.ETH-24OCT25.none.20.100ms", "data": {"timestamp": 1760319103294, "change_id": 91034660864, "instrument_name": "ETH-24OCT25", "bids": [[4166.0, 22000.0], [4165.75, 3094.0], [4165.5, 4580.0], [4165.25, 1720.0], [4164.5, 592.0], [4161.0, 582.0], [4160.0, 14993.0], [4159.75, 6310.0], [4158.0, 589.0], [4157.25, 583.0], [4157.0, 5.0], [4156.25, 585.0], [4156.0, 4.0], [4155.25, 5146.0], [4155.0, 20.0], [4152.75, 1728.0], [4152.5, 40400.0], [4151.75, 584.0], [4149.25, 657.0], [4148.75, 578.0]], "asks": [[4166.25, 20.0], [4167.25, 22000.0], [4168.25, 3268.0], [4168.5, 10413.0], [4170.75, 582.0], [4171.5, 586.0], [4173.0, 4903.0], [4173.25, 14477.0], [4173.5, 593.0], [4173.75, 5.0], [4177.75, 40400.0], [4178.0, 6361.0], [4180.0, 575.0], [4180.25, 4.0], [4181.75, 590.0], [4182.0, 82.0], [4183.25, 577.0], [4183.75, 19453.0], [4184.75, 38218.0], [4185.75, 590.0]]}}}
{"jsonrpc": "2.0", "method": "subscription", "params": {"channel": "book.ETH-24OCT25.none.20.100ms", "data": {"timestamp": 1760319103545, "change_id": 91034662296, "instrument_name": "ETH-24OCT25", "bids": [[4166.0, 24500.0], [4165.75, 2240.0], [4165.5, 2080.0], [4165.25, 1720.0], [4164.5, 592.0], [4161.5, 1884.0], [4161.25, 6310.0], [4161.0, 582.0], [4160.0, 14993.0], [4157.25, 583.0], [4157.0, 5.0], [4156.25, 585.0], [4156.0, 4.0], [4155.25, 5146.0], [4155.0, 20.0], [4152.75, 1728.0], [4152.5, 40400.0], [4151.75, 584.0], [4149.25, 657.0], [4148.75, 578.0]], "asks": [[4166.25, 20.0], [4167.75, 24500.0], [4168.25, 3268.0], [4168.5, 10413.0], [4170.75, 582.0], [4171.5, 586.0], [4173.0, 4903.0], [4173.25, 14477.0], [4173.5, 593.0], [4173.75, 5.0], [4177.75, 40400.0], [4178.0, 6361.0], [4180.0, 575.0], [4180.25, 4.0], [4181.75, 590.0], [4182.0, 82.0], [4183.25, 577.0], [4183.75, 19453.0], [4184.75, 38218.0], [4185.75, 590.0]]}}}
{"jsonrpc": "2.0", "method": "subscription", "params": {"channel": "book.ETH-17OCT25.none.20.100ms", "data": {"timestamp": 1760319103710, "change_id": 91034662863, "instrument_name": "ETH-17OCT25", "bids": [[4162.25, 5728.0], [4162.0, 14161.0], [4161.75, 26934.0], [4161.5, 3800.0], [4161.25, 80.0], [4161.0, 2378.0], [4160.5, 5768.0], [4160.25, 19324.0], [4158.25, 679.0], [4157.75, 1999.0], [4157.0, 677.0], [4156.5, 703.0], [4155.5, 14977.0], [4154.25, 24747.0], [4154.0, 702.0], [4153.5, 677.0], [4153.25, 5718.0], [4153.0, 677.0], [4152.5, 679.0], [4152.0, 677.0]], "asks": [[4162.75, 22000.0], [4163.25, 3108.0], [4163.5, 11206.0], [4163.75, 2660.0], [4164.75, 1134.0], [4165.0, 4004.0], [4165.25, 682.0], [4168.25, 688.0], [4168.75, 15164.0], [4169.25, 22778.0], [4171.25, 673.0], [4171.5, 24311.0], [4173.25, 684.0], [4173.75, 699.0], [4174.25, 1077.0], [4174.75, 40000.0], [4175.75, 673.0], [4176.0, 25202.0], [4178.75, 682.0], [4179.25, 50007.0]]}}}
{"jsonrpc": "2.0", "method": "subscription", "params": {"channel": "book.ETH-24OCT25.none.20.100ms", "data": {"timestamp": 1760319103989, "change_id": 91034664214, "instrument_name": "ETH-24OCT25", "bids": [[4166.0, 24500.0], [4165.75, 2524.0], [4165.5, 2672.0], [4165.25, 1720.0], [4165.0, 1577.0], [4164.75, 3300.0], [4164.5, 592.0], [4161.0, 582.0], [4160.0, 14993.0], [4157.25, 583.0], [4157.0, 5.0], [4156.25, 585.0], [4156.0, 4.0], [4155.25, 5146.0], [4155.0, 20.0], [4152.75, 1728.0], [4152.5, 40400.0], [4151.75, 584.0], [4149.25, 657.0], [4148.75, 578.0]], "asks": [[4166.25, 20.0], [4168.25, 22160.0], [4168.5, 12913.0], [4170.75, 582.0], [4171.5, 586.0], [4173.0, 4903.0], [4173.25, 14477.0], [4173.5, 593.0], [4173.75, 5.0], [4177.75, 40400.0], [4178.0, 6361.0], [4180.0, 575.0], [4180.25, 4.0], [4181.75, 590.0], [4182.0, 82.0], [4183.25, 577.0], [4183.75, 19453.0], [4184.75, 38218.0], [4185.75, 590.0], [4187.5, 76793.0]]}}}
{"jsonrpc": "2.0", "method": "subscription", "params": {"channel": "book.ETH-17OCT25.none.20.100ms", "data": {"timestamp": 1760319103994, "change_id": 91034664256, "instrument_name": "ETH-17OCT25", "bids": [[4162.5, 1736.0], [4162.25, 15259.0], [4162.0, 30182.0], [4161.75, 7877.0], [4161.5, 6178.0], [4161.25, 80.0], [4158.5, 203.0], [4158.25, 679.0], [4158.0, 597.0], [4157.75, 1999.0], [4157.25, 202.0], [4157.0, 677.0], [4156.75, 210.0], [4156.5, 703.0], [4155.75, 4471.0], [4155.5, 14977.0], [4154.75, 7387.0], [4154.5, 24747.0], [4154.25, 210.0], [4154.0, 702.0]], "asks": [[4163.25, 22000.0], [4163.5, 13548.0], [4163.75, 3903.0], [4164.0, 4878.0], [4164.75, 1134.0], [4165.0, 4004.0], [4165.25, 682.0], [4168.0, 205.0], [4168.25, 688.0], [4168.5, 4526.0], [4168.75, 15164.0], [4169.0, 6799.0], [4169.25, 22778.0], [4171.0, 201.0], [4171.25, 7930.0], [4171.5, 24311.0], [4173.25, 684.0], [4173.75, 699.0], [4174.25, 1077.0], [4174.75, 40000.0]]}}}
{"jsonrpc": "2.0", "method": "subscription", "params": {"channel": "book.ETH-17OCT25.none.20.100ms", "data": {"timestamp": 1760319104172, "change_id": 91034665254, "instrument_name": "ETH-17OCT25", "bids": [[4162.75, 3800.0], [4162.25, 28300.0], [4162.0, 2538.0], [4161.5, 33501.0], [4161.25, 80.0], [4158.25, 679.0], [4157.75, 1999.0], [4156.5, 703.0], [4155.5, 14977.0], [4154.25, 24747.0], [4154.0, 702.0], [4153.5, 677.0], [4153.25, 1162.0], [4153.0, 677.0], [4152.5, 679.0], [4152.0, 677.0], [4151.75, 600.0], [4150.25, 672.0], [4149.75, 40677.0], [4149.25, 1073.0]], "asks": [[4163.25, 22000.0], [4163.5, 10412.0], [4163.75, 2378.0], [4164.0, 4878.0], [4164.5, 160.0], [4165.0, 3800.0], [4165.25, 682.0], [4168.25, 688.0], [4168.75, 15164.0], [4169.25, 22778.0], [4171.25, 673.0], [4171.5, 24311.0], [4173.25, 684.0], [4173.75, 699.0], [4174.25, 1077.0], [4174.75, 40000.0], [4175.75, 673.0], [4176.0, 25202.0], [4178.75, 682.0], [4179.25, 50007.0]]}}}
{"jsonrpc": "2.0", "method": "subscription", "params": {"channel": "book.ETH-24OCT25.none.20.100ms", "data": {"timestamp": 1760319104355, "change_id": 91034665357, "instrument_name": "ETH-24OCT25", "bids": [[4167.25, 6567.0], [4167.0, 22000.0], [4166.75, 160.0], [4166.25, 766.0], [4166.0, 12831.0], [4165.75, 35945.0], [4165.5, 2825.0], [4165.25, 1720.0], [4165.0, 592.0], [4164.5, 592.0], [4161.0, 582.0], [4160.25, 4475.0], [4160.0, 14993.0], [4157.25, 583.0], [4157.0, 5.0], [4156.25, 585.0], [4156.0, 4.0], [4155.5, 400.0], [4155.25, 590.0], [4155.0, 20.0]], "asks": [[4168.0, 370.0], [4168.25, 25420.0], [4168.5, 12913.0], [4170.75, 582.0], [4171.5, 586.0], [4173.0, 4903.0], [4173.25, 14477.0], [4173.5, 593.0], [4173.75, 5.0], [4177.5, 12651.0], [4177.75, 42299.0], [4178.0, 6361.0], [4180.0, 575.0], [4180.25, 4.0], [4181.75, 590.0], [4182.0, 82.0], [4183.25, 577.0], [4183.75, 19453.0], [4184.75, 38218.0], [4185.75, 590.0]]}}}
{"jsonrpc": "2.0", "method": "subscription", "params": {"channel": "book.ETH-24OCT25.none.20.100ms", "data": {"timestamp": 1760319104670, "change_id": 91034666009, "instrument_name": "ETH-24OCT25", "bids": [[4167.25, 6567.0], [4167.0, 24281.0], [4166.75, 1880.0], [4166.25, 766.0], [4166.0, 12831.0], [4165.75, 35255.0], [4165.5, 592.0], [4165.0, 592.0], [4164.5, 592.0], [4161.5, 1884.0], [4161.25, 6310.0], [4161.0, 582.0], [4160.25, 4475.0], [4160.0, 14993.0], [4157.25, 583.0], [4157.0, 5.0], [4156.25, 585.0], [4156.0, 4.0], [4155.5, 400.0], [4155.25, 590.0]], "asks": [[4167.75, 370.0], [4168.0, 1720.0], [4168.25, 27140.0], [4168.5, 13171.0], [4170.75, 582.0], [4171.5, 586.0], [4173.0, 4903.0], [4173.25, 14477.0], [4173.5, 593.0], [4173.75, 5.0], [4177.5, 12651.0], [4177.75, 42299.0], [4178.0, 6361.0], [4180.0, 575.0], [4180.25, 4.0], [4181.75, 590.0], [4182.0, 82.0], [4183.25, 577.0], [4183.75, 19453.0], [4184.75, 38218.0]]}}}
{"jsonrpc": "2.0", "method": "subscription", "params": {"channel": "book.ETH-17OCT25.none.20.100ms", "data": {"timestamp": 1760319104681, "change_id": 91034666043, "instrument_name": "ETH-17OCT25", "bids": [[4162.75, 5202.0], [4162.5, 12739.0], [4162.25, 28888.0], [4162.0, 2378.0], [4161.75, 10000.0], [4161.5, 33501.0], [4161.25, 80.0], [4158.5, 203.0], [4158.25, 679.0], [4158.0, 597.0], [4157.75, 1999.0], [4156.75, 210.0], [4156.5, 703.0], [4155.75, 4471.0], [4155.5, 14977.0], [4154.75, 210.0], [4154.5, 8089.0], [4154.25, 24957.0], [4154.0, 702.0], [4153.75, 202.0]], "asks": [[4163.25, 24949.0], [4163.5, 13500.0], [4163.75, 3834.0], [4164.0, 4878.0], [4164.5, 160.0], [4164.75, 1134.0], [4165.0, 4004.0], [4165.25, 682.0], [4168.0, 205.0], [4168.25, 688.0], [4168.5, 4526.0], [4168.75, 15164.0], [4169.0, 6799.0], [4169.25, 22778.0], [4171.0, 201.0], [4171.25, 7930.0], [4171.5, 24311.0], [4173.25, 684.0], [4173.75, 699.0], [4174.25, 1077.0]]}}}
{"jsonrpc": "2.0", "method": "subscription", "params": {"channel": "book.ETH-17OCT25.none.20.100ms", "data": {"timestamp": 1760319105030, "change_id": 91034666800, "instrument_name": "ETH-17OCT25", "bids": [[4162.75, 1402.0], [4162.5, 12739.0], [4162.25, 25088.0], [4162.0, 2378.0], [4161.75, 10000.0], [4161.5, 33501.0], [4161.25, 80.0], [4158.5, 203.0], [4158.25, 679.0], [4158.0, 597.0], [4157.75, 1999.0], [4156.75, 210.0], [4156.5, 703.0], [4155.75, 4471.0], [4155.5, 14977.0], [4154.75, 210.0], [4154.5, 8089.0], [4154.25, 24957.0], [4154.0, 702.0], [4153.75, 202.0]], "asks": [[4163.25, 24949.0], [4163.5, 13500.0], [4163.75, 3834.0], [4164.0, 4878.0], [4164.5, 160.0], [4164.75, 1134.0], [4165.0, 4004.0], [4165.25, 682.0], [4168.0, 205.0], [4168.25, 688.0], [4168.5, 4526.0], [4168.75, 15164.0], [4169.0, 6799.0], [4169.25, 22778.0], [4171.0, 201.0], [4171.25, 7930.0], [4171.5, 24311.0], [4173.25, 684.0], [4173.75, 699.0], [4174.25, 1077.0]]}}}
{"jsonrpc": "2.0", "method": "subscription", "params": {"channel": "book.ETH-24OCT25.none.20.100ms", "data": {"timestamp": 1760319104757, "change_id": 91034666086, "instrument_name": "ETH-24OCT25", "bids": [[4167.25, 6567.0], [4167.0, 24281.0], [4166.75, 3074.0], [4166.5, 4220.0], [4166.25, 20.0], [4166.0, 10331.0], [4165.75, 33535.0], [4165.5, 592.0], [4165.0, 592.0], [4164.5, 592.0], [4161.5, 1884.0], [4161.25, 6310.0], [4161.0, 582.0], [4160.25, 4475.0], [4160.0, 14993.0], [4157.25, 583.0], [4157.0, 5.0], [4156.25, 585.0], [4156.0, 4.0], [4155.5, 400.0]], "asks": [[4167.75, 370.0], [4168.0, 1720.0], [4168.25, 27140.0], [4168.5, 14891.0], [4170.75, 582.0], [4171.5, 586.0], [4173.0, 4903.0], [4173.25, 14477.0], [4173.5, 593.0], [4173.75, 5.0], [4177.5, 12651.0], [4177.75, 42299.0], [4178.0, 6361.0], [4180.0, 575.0], [4180.25, 4.0], [4181.75, 590.0], [4182.0, 82.0], [4183.25, 577.0], [4183.75, 19453.0], [4184.75, 38218.0]]}}}
{"jsonrpc": "2.0", "method": "subscription", "params": {"channel": "book.ETH-17OCT25.none.20.100ms", "data": {"timestamp": 1760319105039, "change_id": 91034667529, "instrument_name": "ETH-17OCT25", "bids": [[4162.75, 794.0], [4162.5, 3088.0], [4162.25, 9564.0], [4162.0, 27624.0], [4161.75, 10160.0], [4161.5, 33501.0], [4161.25, 80.0], [4158.5, 203.0], [4158.25, 679.0], [4158.0, 597.0], [4157.75, 1999.0], [4156.75, 210.0], [4156.5, 703.0], [4155.75, 4471.0], [4155.5, 14977.0], [4154.75, 5392.0], [4154.5, 25449.0], [4154.25, 210.0], [4154.0, 702.0], [4153.75, 202.0]], "asks": [[4163.25, 24949.0], [4163.5, 14211.0], [4163.75, 5636.0], [4164.0, 2538.0], [4164.75, 1073.0], [4165.0, 4004.0], [4165.25, 682.0], [4168.0, 205.0], [4168.25, 688.0], [4168.5, 4526.0], [4168.75, 15164.0], [4169.0, 6799.0], [4169.25, 22778.0], [4171.0, 201.0], [4171.25, 7930.0], [4171.5, 24311.0], [4173.25, 684.0], [4173.75, 699.0], [4174.25, 1077.0], [4174.75, 40000.0]]}}}
{"jsonrpc": "2.0", "method": "subscription", "params": {"channel": "book.ETH-24OCT25.none.20.100ms", "data": {"timestamp": 1760319105308, "change_id": 91034667652, "instrument_name": "ETH-24OCT25", "bids": [[4167.0, 22561.0], [4166.75, 2233.0], [4166.5, 2240.0], [4166.25, 2535.0], [4166.0, 12991.0], [4165.75, 33535.0], [4165.5, 592.0], [4165.0, 592.0], [4164.5, 592.0], [4161.75, 1884.0], [4161.5, 6310.0], [4161.0, 582.0], [4160.25, 4475.0], [4160.0, 14993.0], [4157.25, 583.0], [4157.0, 5.0], [4156.25, 585.0], [4156.0, 4.0], [4155.5, 400.0], [4155.25, 590.0]], "asks": [[4167.5, 370.0], [4168.0, 23720.0], [4168.25, 5398.0], [4168.5, 12913.0], [4170.75, 582.0], [4171.5, 586.0], [4173.0, 4903.0], [4173.25, 14477.0], [4173.5, 593.0], [4173.75, 5.0], [4177.5, 12651.0], [4177.75, 42299.0], [4178.0, 6361.0], [4180.0, 575.0], [4180.25, 4.0], [4181.75, 590.0], [4182.0, 82.0], [4183.25, 577.0], [4183.75, 19453.0], [4184.75, 38218.0]]}}}
{"jsonrpc": "2.0", "method": "subscription", "params": {"channel": "book.ETH-24OCT25.none.20.100ms", "data": {"timestamp": 1760319105682, "change_id": 91034668367, "instrument_name": "ETH-24OCT25", "bids": [[4167.25, 6567.0], [4167.0, 24282.0], [4166.75, 2233.0], [4166.5, 1880.0], [4166.25, 814.0], [4166.0, 12831.0], [4165.75, 33535.0], [4165.5, 592.0], [4165.0, 592.0], [4164.5, 592.0], [4161.75, 1884.0], [4161.5, 6310.0], [4161.0, 582.0], [4160.25, 4475.0], [4160.0, 14993.0], [4157.25, 583.0], [4157.0, 5.0], [4156.25, 585.0], [4156.0, 4.0], [4155.5, 400.0]], "asks": [[4168.0, 22000.0], [4168.25, 5140.0], [4168.5, 15148.0], [4168.75, 1979.0], [4170.75, 582.0], [4171.5, 586.0], [4173.0, 4903.0], [4173.25, 14477.0], [4173.5, 593.0], [4173.75, 5.0], [4177.5, 12651.0], [4177.75, 42299.0], [4178.0, 6361.0], [4180.0, 575.0], [4180.25, 4.0], [4181.75, 590.0], [4182.0, 82.0], [4183.25, 577.0], [4183.75, 19453.0], [4184.75, 38218.0]]}}}
{"jsonrpc": "2.0", "method": "subscription", "params": {"channel": "book.ETH-17OCT25.none.20.100ms", "data": {"timestamp": 1760319105411, "change_id": 91034667885, "instrument_name": "ETH-17OCT25", "bids": [[4162.75, 794.0], [4162.5, 3743.0], [4162.25, 12224.0], [4162.0, 25124.0], [4161.75, 10000.0], [4161.5, 33501.0], [4161.25, 80.0], [4158.5, 203.0], [4158.25, 679.0], [4158.0, 597.0], [4157.75, 1999.0], [4156.75, 210.0], [4156.5, 703.0], [4155.75, 4471.0], [4155.5, 14977.0], [4154.75, 5392.0], [4154.5, 25449.0], [4154.25, 210.0], [4154.0, 702.0], [4153.75, 202.0]], "asks": [[4163.25, 24949.0], [4163.5, 14211.0], [4163.75, 5636.0], [4164.0, 2538.0], [4164.75, 1073.0], [4165.0, 4004.0], [4165.25, 682.0], [4168.0, 205.0], [4168.25, 688.0], [4168.5, 4526.0], [4168.75, 15164.0], [4169.0, 6799.0], [4169.25, 22778.0], [4171.0, 201.0], [4171.25, 7930.0], [4171.5, 24311.0], [4173.25, 684.0], [4173.75, 699.0], [4174.25, 1077.0], [4174.75, 40000.0]]}}}
{"jsonrpc": "2.0", "method": "subscription", "params": {"channel": "book.ETH-17OCT25.none.20.100ms", "data": {"timestamp": 1760319105994, "change_id": 91034669256, "instrument_name": "ETH-17OCT25", "bids": [[4162.5, 3088.0], [4162.25, 2865.0], [4162.0, 2378.0], [4161.75, 6615.0], [4161.5, 22160.0], [4161.25, 80.0], [4158.5, 203.0], [4158.25, 679.0], [4158.0, 597.0], [4157.75, 1999.0], [4156.75, 210.0], [4156.5, 703.0], [4155.75, 4471.0], [4155.5, 14977.0], [4154.75, 7597.0], [4154.5, 25449.0], [4154.25, 210.0], [4154.0, 702.0], [4153.5, 677.0], [4153.25, 1162.0]], "asks": [[4163.0, 24800.0], [4163.25, 2949.0], [4163.5, 14211.0], [4163.75, 4878.0], [4164.0, 160.0], [4164.75, 1073.0], [4165.0, 4004.0], [4165.25, 682.0], [4168.0, 205.0], [4168.25, 688.0], [4168.5, 4526.0], [4168.75, 15164.0], [4169.0, 6799.0], [4169.25, 22778.0], [4171.0, 201.0], [4171.25, 7930.0], [4171.5, 24311.0], [4173.25, 684.0], [4173.75, 699.0], [4174.25, 1077.0]]}}}
{"jsonrpc": "2.0", "method": "subscription", "params": {"channel": "book.ETH-24OCT25.none.20.100ms", "data": {"timestamp": 1760319105989, "change_id": 91034669199, "instrument_name": "ETH-24OCT25", "bids": [[4167.25, 514.0], [4167.0, 2282.0], [4166.75, 2233.0], [4166.5, 8293.0], [4166.25, 22020.0], [4165.75, 160.0], [4165.5, 985.0], [4165.25, 3300.0], [4165.0, 592.0], [4164.5, 592.0], [4161.75, 1884.0], [4161.5, 6310.0], [4161.0, 582.0], [4160.25, 4475.0], [4160.0, 14993.0], [4157.25, 583.0], [4157.0, 5.0], [4156.25, 585.0], [4156.0, 4.0], [4155.5, 400.0]], "asks": [[4167.75, 22884.0], [4168.0, 2283.0], [4168.25, 5140.0], [4168.5, 14892.0], [4168.75, 258.0], [4170.75, 582.0], [4171.5, 586.0], [4173.0, 4903.0], [4173.25, 14477.0], [4173.5, 593.0], [4173.75, 5.0], [4177.5, 12651.0], [4177.75, 42299.0], [4178.0, 6361.0], [4180.0, 575.0], [4180.25, 4.0], [4181.75, 590.0], [4182.0, 82.0], [4183.25, 577.0], [4183.75, 19453.0]]}}}
{"jsonrpc": "2.0", "method": "subscription", "params": {"channel": "book.ETH-17OCT25.none.20.100ms", "data": {"timestamp": 1760319106220, "change_id": 91034670052, "instrument_name": "ETH-17OCT25", "bids": [[4162.25, 487.0], [4162.0, 9564.0], [4161.75, 37540.0], [4161.5, 36039.0], [4161.25, 80.0], [4158.5, 203.0], [4158.25, 679.0], [4158.0, 597.0], [4157.75, 1999.0], [4156.75, 210.0], [4156.5, 703.0], [4155.75, 4471.0], [4155.5, 14977.0], [4155.0, 1360.0], [4154.75, 12153.0], [4154.5, 25449.0], [4154.25, 210.0], [4154.0, 702.0], [4153.5, 677.0], [4153.25, 1162.0]], "asks": [[4162.75, 22000.0], [4163.0, 3089.0], [4163.25, 6614.0], [4163.5, 15450.0], [4164.75, 1073.0], [4165.0, 4004.0], [4165.25, 682.0], [4168.0, 205.0], [4168.25, 688.0], [4168.5, 4526.0], [4168.75, 15164.0], [4169.0, 6799.0], [4169.25, 22778.0], [4171.0, 201.0], [4171.25, 7930.0], [4171.5, 24311.0], [4173.25, 684.0], [4173.75, 699.0], [4174.25, 1077.0], [4174.75, 40000.0]]}}}
{"jsonrpc": "2.0", "method": "subscription", "params": {"channel": "book.ETH-24OCT25.none.20.100ms", "data": {"timestamp": 1760319106291, "change_id": 91034670059, "instrument_name": "ETH-24OCT25", "bids": [[4166.5, 22367.0], [4166.25, 2256.0], [4166.0, 2516.0], [4165.75, 2660.0], [4165.0, 592.0], [4164.5, 592.0], [4161.5, 1884.0], [4161.25, 6310.0], [4161.0, 582.0], [4160.25, 4475.0], [4160.0, 14993.0], [4157.25, 583.0], [4157.0, 5.0], [4156.25, 585.0], [4156.0, 4.0], [4155.5, 400.0], [4155.25, 590.0], [4155.0, 40020.0], [4154.75, 592.0], [4152.75, 6284.0]], "asks": [[4167.0, 370.0], [4167.75, 22674.0], [4168.0, 4222.0], [4168.25, 3260.0], [4168.5, 10671.0], [4170.75, 582.0], [4171.5, 586.0], [4173.0, 4903.0], [4173.25, 14477.0], [4173.5, 593.0], [4173.75, 5.0], [4177.5, 12651.0], [4177.75, 42299.0], [4178.0, 6361.0], [4180.0, 575.0], [4180.25, 4.0], [4181.75, 590.0], [4182.0, 82.0], [4183.25, 577.0], [4183.75, 19453.0]]}}}
{"jsonrpc": "2.0", "method": "subscription", "params": {"channel": "book.ETH-24OCT25.none.20.100ms", "data": {"timestamp": 1760319106493, "change_id": 91034670444, "instrument_name": "ETH-24OCT25", "bids": [[4166.5, 22367.0], [4166.25, 2416.0], [4166.0, 10657.0], [4165.75, 30273.0], [4165.0, 592.0], [4164.5, 592.0], [4161.5, 1884.0], [4161.25, 6310.0], [4161.0, 582.0], [4160.25, 4475.0], [4160.0, 14993.0], [4157.25, 583.0], [4157.0, 5.0], [4156.25, 585.0], [4156.0, 4.0], [4155.5, 400.0], [4155.25, 590.0], [4155.0, 40020.0], [4154.75, 592.0], [4152.75, 6284.0]], "asks": [[4167.0, 370.0], [4167.75, 22674.0], [4168.0, 4222.0], [4168.25, 3260.0], [4168.5, 10671.0], [4170.75, 582.0], [4171.5, 586.0], [4173.0, 4903.0], [4173.25, 14477.0], [4173.5, 593.0], [4173.75, 5.0], [4177.5, 12651.0], [4177.75, 42299.0], [4178.0, 6361.0], [4180.0, 575.0], [4180.25, 4.0], [4181.75, 590.0], [4182.0, 82.0], [4183.25, 577.0], [4183.75, 19453.0]]}}}
{"jsonrpc": "2.0", "method": "subscription", "params": {"channel": "book.ETH-17OCT25.none.20.100ms", "data": {"timestamp": 1760319106472, "change_id": 91034670431, "instrument_name": "ETH-17OCT25", "bids": [[4162.25, 1394.0], [4162.0, 12224.0], [4161.75, 35040.0], [4161.5, 35879.0], [4161.25, 80.0], [4158.5, 203.0], [4158.25, 679.0], [4158.0, 597.0], [4157.75, 1999.0], [4156.75, 210.0], [4156.5, 703.0], [4155.75, 4471.0], [4155.5, 14977.0], [4155.0, 1360.0], [4154.75, 12153.0], [4154.5, 25449.0], [4154.25, 210.0], [4154.0, 702.0], [4153.5, 677.0], [4153.25, 1162.0]], "asks": [[4162.75, 22000.0], [4163.0, 3089.0], [4163.25, 6614.0], [4163.5, 15450.0], [4164.75, 1073.0], [4165.0, 4004.0], [4165.25, 682.0], [4168.0, 205.0], [4168.25, 688.0], [4168.5, 4526.0], [4168.75, 15164.0], [4169.0, 6799.0], [4169.25, 22778.0], [4171.0, 201.0], [4171.25, 7930.0], [4171.5, 24311.0], [4173.25, 684.0], [4173.75, 699.0], [4174.25, 1077.0], [4174.75, 40000.0]]}}}
{"jsonrpc": "2.0", "method": "subscription", "params": {"channel": "book.ETH-17OCT25.none.20.100ms", "data": {"timestamp": 1760319106793, "change_id": 91034671347, "instrument_name": "ETH-17OCT25", "bids": [[4162.25, 6260.0], [4162.0, 15864.0], [4161.75, 35200.0], [4161.5, 35879.0], [4161.25, 80.0], [4158.5, 203.0], [4158.25, 679.0], [4158.0, 597.0], [4157.75, 1999.0], [4156.75, 210.0], [4156.5, 703.0], [4155.75, 4471.0], [4155.5, 14977.0], [4155.0, 1360.0], [4154.75, 12153.0], [4154.5, 25449.0], [4153.5, 677.0], [4153.25, 1162.0], [4153.0, 677.0], [4152.5, 679.0]], "asks": [[4162.75, 22000.0], [4163.0, 3089.0], [4163.25, 6614.0], [4163.5, 15450.0], [4164.75, 1073.0], [4165.0, 4004.0], [4165.25, 682.0], [4168.0, 205.0], [4168.25, 688.0], [4168.5, 4526.0], [4168.75, 15164.0], [4169.0, 6799.0], [4169.25, 22778.0], [4171.0, 201.0], [4171.25, 7930.0], [4171.5, 24311.0], [4173.25, 684.0], [4173.75, 699.0], [4174.25, 1077.0], [4174.75, 40000.0]]}}}
{"jsonrpc": "2.0", "method": "subscription", "params": {"channel": "book.ETH-24OCT25.none.20.100ms", "data": {"timestamp": 1760319106904, "change_id": 91034671453, "instrument_name": "ETH-24OCT25", "bids": [[4167.25, 2400.0], [4167.0, 2973.0], [4166.75, 10381.0], [4166.5, 24089.0], [4166.25, 2416.0], [4166.0, 10657.0], [4165.75, 30273.0], [4165.0, 592.0], [4164.5, 592.0], [4161.5, 1884.0], [4161.25, 6310.0], [4161.0, 582.0], [4160.25, 4475.0], [4160.0, 14993.0], [4157.25, 583.0], [4157.0, 5.0], [4156.25, 585.0], [4156.0, 4.0], [4155.5, 400.0], [4155.25, 590.0]], "asks": [[4167.5, 370.0], [4167.75, 22674.0], [4168.0, 4736.0], [4168.25, 4983.0], [4168.5, 12394.0], [4170.75, 582.0], [4171.5, 586.0], [4173.0, 4903.0], [4173.25, 14477.0], [4173.5, 593.0], [4173.75, 5.0], [4177.5, 12651.0], [4177.75, 42299.0], [4178.0, 6361.0], [4180.0, 575.0], [4180.25, 4.0], [4181.75, 590.0], [4182.0, 82.0], [4183.25, 577.0], [4183.75, 19453.0]]}}}
{"jsonrpc": "2.0", "method": "subscription", "params": {"channel": "book.ETH-24OCT25.none.20.100ms", "data": {"timestamp": 1760319107155, "change_id": 91034671806, "instrument_name": "ETH-24OCT25", "bids": [[4167.0, 1373.0], [4166.75, 12104.0], [4166.5, 24089.0], [4166.25, 1902.0], [4166.0, 8935.0], [4165.75, 30273.0], [4165.0, 592.0], [4164.5, 592.0], [4161.5, 1884.0], [4161.25, 6310.0], [4161.0, 582.0], [4160.25, 4475.0], [4160.0, 14993.0], [4157.25, 583.0], [4157.0, 5.0], [4156.25, 585.0], [4156.0, 4.0], [4155.5, 400.0], [4155.25, 590.0], [4155.0, 40020.0]], "asks": [[4167.5, 370.0], [4167.75, 24397.0], [4168.0, 4736.0], [4168.25, 5241.0], [4168.5, 10413.0], [4170.75, 582.0], [4171.5, 586.0], [4173.0, 4903.0], [4173.25, 14477.0], [4173.5, 593.0], [4173.75, 5.0], [4177.5, 12651.0], [4177.75, 42299.0], [4178.0, 6361.0], [4180.0, 575.0], [4180.25, 4.0], [4181.75, 590.0], [4182.0, 82.0], [4183.25, 577.0], [4183.75, 19453.0]]}}}
{"jsonrpc": "2.0", "method": "subscription", "params": {"channel": "book.ETH-17OCT25.none.20.100ms", "data": {"timestamp": 1760319107125, "change_id": 91034671791, "instrument_name": "ETH-17OCT25", "bids": [[4162.25, 8760.0], [4162.0, 13364.0], [4161.75, 35200.0], [4161.5, 35879.0], [4161.25, 80.0], [4158.5, 203.0], [4158.25, 679.0], [4158.0, 597.0], [4157.75, 1999.0], [4156.75, 210.0], [4156.5, 703.0], [4155.75, 4471.0], [4155.5, 14977.0], [4155.0, 1360.0], [4154.75, 12153.0], [4154.5, 25449.0], [4153.5, 1024.0], [4153.25, 1162.0], [4153.0, 677.0], [4152.5, 679.0]], "asks": [[4162.75, 22000.0], [4163.0, 3089.0], [4163.25, 6614.0], [4163.5, 15450.0], [4164.75, 1073.0], [4165.0, 4004.0], [4165.25, 682.0], [4168.0, 205.0], [4168.25, 688.0], [4168.5, 4526.0], [4168.75, 15164.0], [4169.0, 6799.0], [4169.25, 22778.0], [4171.0, 201.0], [4171.25, 7930.0], [4171.5, 24311.0], [4173.25, 684.0], [4173.75, 699.0], [4174.25, 1077.0], [4174.75, 40000.0]]}}}
{"jsonrpc": "2.0", "method": "subscription", "params": {"channel": "book.ETH-24OCT25.none.20.100ms", "data": {"timestamp": 1760319107666, "change_id": 91034672933, "instrument_name": "ETH-24OCT25", "bids": [[4167.0, 1800.0], [4166.75, 8290.0], [4166.5, 24090.0], [4166.25, 1902.0], [4166.0, 8935.0], [4165.75, 30273.0], [4165.0, 592.0], [4164.5, 592.0], [4161.5, 1884.0], [4161.25, 6310.0], [4161.0, 582.0], [4160.25, 4475.0], [4160.0, 14993.0], [4157.25, 583.0], [4157.0, 5.0], [4156.25, 585.0], [4156.0, 4.0], [4155.5, 400.0], [4155.25, 590.0], [4155.0, 40020.0]], "asks": [[4167.25, 370.0], [4167.75, 25048.0], [4168.0, 4995.0], [4168.25, 5241.0], [4168.5, 10413.0], [4170.75, 582.0], [4171.5, 586.0], [4173.0, 4903.0], [4173.25, 14477.0], [4173.5, 593.0], [4173.75, 5.0], [4177.5, 12651.0], [4177.75, 42299.0], [4178.0, 6361.0], [4180.0, 575.0], [4180.25, 4.0], [4181.75, 590.0], [4182.0, 82.0], [4183.25, 577.0], [4183.75, 19453.0]]}}}
{"jsonrpc": "2.0", "method": "subscription", "params": {"channel": "book.ETH-17OCT25.none.20.100ms", "data": {"timestamp": 1760319107621, "change_id": 91034672762, "instrument_name": "ETH-17OCT25", "bids": [[4162.25, 4287.0], [4162.0, 9564.0], [4161.75, 37700.0], [4161.5, 35879.0], [4161.25, 80.0], [4158.5, 203.0], [4158.25, 679.0], [4158.0, 597.0], [4157.75, 1999.0], [4156.75, 210.0], [4156.5, 703.0], [4155.75, 4471.0], [4155.5, 14977.0], [4155.0, 1360.0], [4154.75, 12153.0], [4154.5, 25449.0], [4153.5, 1024.0], [4153.25, 1162.0], [4153.0, 677.0], [4152.5, 679.0]], "asks": [[4162.75, 22710.0], [4163.0, 3090.0], [4163.25, 6614.0], [4163.5, 15450.0], [4164.5, 210.0], [4164.75, 1775.0], [4165.0, 4004.0], [4165.25, 682.0], [4168.0, 205.0], [4168.25, 688.0], [4168.5, 4526.0], [4168.75, 15164.0], [4169.0, 6799.0], [4169.25, 22778.0], [4171.0, 201.0], [4171.25, 7930.0], [4171.5, 24311.0], [4173.25, 684.0], [4173.75, 699.0], [4174.25, 1077.0]]}}}
{"jsonrpc": "2.0", "method": "subscription", "params": {"channel": "book.ETH-24OCT25.none.20.100ms", "data": {"timestamp": 1760319108011, "change_id": 91034673520, "instrument_name": "ETH-24OCT25", "bids": [[4166.5, 22367.0], [4166.25, 1902.0], [4166.0, 8935.0], [4165.75, 30273.0], [4165.0, 592.0], [4164.5, 592.0], [4161.5, 1884.0], [4161.25, 6310.0], [4161.0, 582.0], [4160.25, 4475.0], [4160.0, 14993.0], [4157.25, 583.0], [4157.0, 5.0], [4156.25, 585.0], [4156.0, 4.0], [4155.5, 400.0], [4155.25, 590.0], [4155.0, 40020.0], [4154.75, 592.0], [4152.75, 6284.0]], "asks": [[4167.0, 370.0], [4167.5, 2900.0], [4167.75, 25048.0], [4168.0, 4995.0], [4168.25, 4983.0], [4168.5, 10413.0], [4170.75, 582.0], [4171.5, 586.0], [4173.0, 4903.0], [4173.25, 14477.0], [4173.5, 593.0], [4173.75, 5.0], [4177.5, 12651.0], [4177.75, 42299.0], [4178.0, 6361.0], [4180.0, 575.0], [4180.25, 4.0], [4181.75, 590.0], [4182.0, 82.0], [4183.25, 577.0]]}}}
{"jsonrpc": "2.0", "method": "subscription", "params": {"channel": "book.ETH-17OCT25.none.20.100ms", "data": {"timestamp": 1760319107701, "change_id": 91034672946, "instrument_name": "ETH-17OCT25", "bids": [[4162.25, 5582.0], [4162.0, 13364.0], [4161.75, 37700.0], [4161.5, 35879.0], [4161.25, 80.0], [4158.5, 203.0], [4158.25, 679.0], [4158.0, 597.0], [4157.75, 1999.0], [4156.75, 210.0], [4156.5, 703.0], [4155.75, 4471.0], [4155.5, 14977.0], [4155.0, 1360.0], [4154.75, 12153.0], [4154.5, 25449.0], [4153.5, 1024.0], [4153.25, 1162.0], [4153.0, 677.0], [4152.5, 679.0]], "asks": [[4162.75, 22710.0], [4163.0, 3090.0], [4163.25, 6614.0], [4163.5, 15450.0], [4164.5, 210.0], [4164.75, 1775.0], [4165.0, 4004.0], [4165.25, 682.0], [4168.0, 205.0], [4168.25, 688.0], [4168.5, 4526.0], [4168.75, 15164.0], [4169.0, 6799.0], [4169.25, 22778.0], [4171.0, 201.0], [4171.25, 7930.0], [4171.5, 24311.0], [4173.25, 684.0], [4173.75, 699.0], [4174.25, 1077.0]]}}}
{"jsonrpc": "2.0", "method": "subscription", "params": {"channel": "book.ETH-24OCT25.none.20.100ms", "data": {"timestamp": 1760319108325, "change_id": 91034674826, "instrument_name": "ETH-24OCT25", "bids": [[4166.25, 2257.0], [4166.0, 8759.0], [4165.75, 23724.0], [4164.75, 224.0], [4164.5, 752.0], [4161.0, 582.0], [4160.75, 1884.0], [4160.5, 6902.0], [4160.25, 4475.0], [4160.0, 14993.0], [4157.25, 583.0], [4157.0, 5.0], [4156.25, 585.0], [4156.0, 4.0], [4155.25, 590.0], [4155.0, 40020.0], [4154.75, 592.0], [4152.75, 6684.0], [4151.75, 584.0], [4149.25, 657.0]], "asks": [[4166.75, 370.0], [4167.0, 23724.0], [4167.25, 2366.0], [4167.5, 2470.0], [4167.75, 2500.0], [4168.25, 3852.0], [4168.5, 10413.0], [4170.75, 582.0], [4171.5, 586.0], [4173.0, 4903.0], [4173.25, 14477.0], [4173.5, 593.0], [4173.75, 5.0], [4177.5, 12651.0], [4177.75, 42299.0], [4178.0, 6361.0], [4180.0, 575.0], [4180.25, 4.0], [4181.75, 590.0], [4182.0, 82.0]]}}}
{"jsonrpc": "2.0", "method": "subscription", "params": {"channel": "book.ETH-17OCT25.none.20.100ms", "data": {"timestamp": 1760319108298, "change_id": 91034674841, "instrument_name": "ETH-17OCT25", "bids": [[4161.5, 2379.0], [4161.25, 2461.0], [4160.75, 22000.0], [4160.25, 160.0], [4158.25, 679.0], [4157.75, 1999.0], [4156.5, 703.0], [4155.5, 14977.0], [4154.75, 4556.0], [4154.5, 702.0], [4153.5, 25424.0], [4153.25, 1162.0], [4153.0, 677.0], [4152.5, 679.0], [4152.0, 677.0], [4151.75, 600.0], [4150.25, 672.0], [4149.75, 40677.0], [4149.25, 1073.0], [4148.75, 677.0]], "asks": [[4162.0, 22000.0], [4163.0, 2540.0], [4163.25, 2379.0], [4163.5, 15290.0], [4164.75, 702.0], [4165.0, 3800.0], [4165.25, 682.0], [4168.25, 688.0], [4168.75, 15164.0], [4169.25, 22778.0], [4171.25, 673.0], [4171.5, 24311.0], [4173.25, 684.0], [4173.75, 699.0], [4174.25, 1077.0], [4174.75, 40000.0], [4175.75, 673.0], [4176.0, 25202.0], [4178.75, 682.0], [4179.25, 50007.0]]}}}
{"jsonrpc": "2.0", "method": "subscription", "params": {"channel": "book.ETH-24OCT25.none.20.100ms", "data": {"timestamp": 1760319108626, "change_id": 91034675479, "instrument_name": "ETH-24OCT25", "bids": [[4166.25, 535.0], [4166.0, 8759.0], [4165.75, 24239.0], [4165.5, 1724.0], [4165.0, 160.0], [4161.0, 582.0], [4160.75, 1884.0], [4160.5, 6902.0], [4160.25, 4475.0], [4160.0, 14993.0], [4157.25, 583.0], [4157.0, 5.0], [4156.25, 585.0], [4156.0, 4.0], [4155.25, 590.0], [4155.0, 40020.0], [4154.75, 592.0], [4152.75, 6684.0], [4151.75, 584.0], [4149.25, 657.0]], "asks": [[4166.75, 370.0], [4167.0, 26224.0], [4167.25, 2366.0], [4167.5, 1982.0], [4168.25, 3852.0], [4168.5, 10413.0], [4170.75, 582.0], [4171.5, 586.0], [4173.0, 4903.0], [4173.25, 14477.0], [4173.5, 593.0], [4173.75, 5.0], [4177.5, 12651.0], [4177.75, 42299.0], [4178.0, 6361.0], [4180.0, 575.0], [4180.25, 4.0], [4181.75, 590.0], [4182.0, 82.0], [4183.25, 577.0]]}}}
{"jsonrpc": "2.0", "method": "subscription", "params": {"channel": "book.ETH-17OCT25.none.20.100ms", "data": {"timestamp": 1760319108537, "change_id": 91034675386, "instrument_name": "ETH-17OCT25", "bids": [[4161.25, 2580.0], [4161.0, 24381.0], [4160.75, 2541.0], [4160.5, 2381.0], [4158.25, 679.0], [4157.75, 1999.0], [4156.5, 703.0], [4155.5, 14977.0], [4154.75, 4556.0], [4154.5, 702.0], [4153.5, 25424.0], [4153.25, 1162.0], [4153.0, 677.0], [4152.5, 679.0], [4152.0, 677.0], [4151.75, 600.0], [4150.25, 672.0], [4149.75, 40677.0], [4149.25, 1073.0], [4148.75, 677.0]], "asks": [[4162.0, 22000.0], [4162.25, 2381.0], [4162.5, 2381.0], [4162.75, 2381.0], [4163.0, 2660.0], [4163.5, 10412.0], [4164.75, 702.0], [4165.0, 3800.0], [4165.25, 682.0], [4168.25, 688.0], [4168.75, 15164.0], [4169.25, 22778.0], [4171.25, 673.0], [4171.5, 24311.0], [4173.25, 684.0], [4173.75, 699.0], [4174.25, 1077.0], [4174.75, 40000.0], [4175.75, 673.0], [4176.0, 25202.0]]}}}
{"jsonrpc": "2.0", "method": "subscription", "params": {"channel": "book.ETH-17OCT25.none.20.100ms", "data": {"timestamp": 1760319108942, "change_id": 91034677323, "instrument_name": "ETH-17OCT25", "bids": [[4161.25, 791.0], [4161.0, 3139.0], [4160.75, 3092.0], [4160.5, 2381.0], [4160.25, 22000.0], [4160.0, 160.0], [4158.5, 203.0], [4158.25, 679.0], [4158.0, 597.0], [4157.75, 1999.0], [4156.75, 210.0], [4156.5, 703.0], [4155.75, 4471.0], [4155.5, 14977.0], [4155.0, 1297.0], [4154.75, 4556.0], [4154.5, 702.0], [4153.5, 677.0], [4153.25, 8751.0], [4153.0, 25424.0]], "asks": [[4161.75, 25800.0], [4162.0, 711.0], [4162.25, 3092.0], [4162.5, 3998.0], [4162.75, 4881.0], [4163.0, 1134.0], [4163.25, 6908.0], [4163.5, 10412.0], [4164.5, 210.0], [4164.75, 1836.0], [4165.0, 4004.0], [4165.25, 682.0], [4168.0, 205.0], [4168.25, 688.0], [4168.5, 4526.0], [4168.75, 15164.0], [4169.25, 22778.0], [4171.25, 673.0], [4171.5, 24311.0], [4173.25, 684.0]]}}}
{"jsonrpc": "2.0", "method": "subscription", "params": {"channel": "book.ETH-24OCT25.none.20.100ms", "data": {"timestamp": 1760319108989, "change_id": 91034677642, "instrument_name": "ETH-24OCT25", "bids": [[4166.25, 20.0], [4166.0, 1724.0], [4165.75, 2239.0], [4165.5, 8291.0], [4165.25, 22000.0], [4164.25, 160.0], [4161.0, 582.0], [4160.5, 6902.0], [4160.25, 4475.0], [4160.0, 14993.0], [4157.25, 583.0], [4157.0, 5.0], [4156.25, 585.0], [4156.0, 4.0], [4155.25, 1729.0], [4155.0, 20.0], [4154.75, 592.0], [4152.75, 5545.0], [4152.5, 40000.0], [4151.75, 584.0]], "asks": [[4166.5, 370.0], [4166.75, 25521.0], [4167.0, 4786.0], [4167.25, 2431.0], [4167.5, 2574.0], [4168.25, 3852.0], [4168.5, 10413.0], [4170.75, 582.0], [4171.5, 586.0], [4173.0, 4903.0], [4173.25, 14477.0], [4173.5, 593.0], [4173.75, 5.0], [4177.5, 12651.0], [4177.75, 42299.0], [4178.0, 6361.0], [4180.0, 575.0], [4180.25, 4.0], [4181.75, 590.0], [4182.0, 82.0]]}}}
{"jsonrpc": "2.0", "method": "subscription", "params": {"channel": "book.ETH-17OCT25.none.20.100ms", "data": {"timestamp": 1760319109221, "change_id": 91034678662, "instrument_name": "ETH-17OCT25", "bids": [[4161.25, 80.0], [4160.75, 711.0], [4160.5, 2381.0], [4160.0, 160.0], [4158.5, 203.0], [4158.25, 679.0], [4158.0, 597.0], [4157.75, 1999.0], [4156.75, 210.0], [4156.5, 703.0], [4155.75, 4471.0], [4155.5, 14977.0], [4155.0, 1360.0], [4154.75, 4766.0], [4154.5, 702.0], [4153.75, 202.0], [4153.5, 1024.0], [4153.25, 1364.0], [4153.0, 8064.0], [4152.75, 24747.0]], "asks": [[4161.75, 26594.0], [4162.0, 3315.0], [4162.25, 3056.0], [4162.5, 3092.0], [4162.75, 2381.0], [4163.25, 3800.0], [4163.5, 10412.0], [4164.75, 1836.0], [4165.0, 4004.0], [4165.25, 682.0], [4168.0, 205.0], [4168.25, 688.0], [4168.75, 15164.0], [4169.25, 22778.0], [4171.25, 673.0], [4171.5, 24311.0], [4173.25, 684.0], [4173.75, 699.0], [4174.25, 1077.0], [4174.75, 40000.0]]}}}
{"jsonrpc": "2.0", "method": "subscription", "params": {"channel": "book.ETH-24OCT25.none.20.100ms", "data": {"timestamp": 1760319109282, "change_id": 91034678600, "instrument_name": "ETH-24OCT25", "bids": [[4166.25, 20.0], [4165.0, 6567.0], [4164.75, 22000.0], [4164.25, 160.0], [4161.0, 582.0], [4160.5, 592.0], [4160.25, 4475.0], [4160.0, 14993.0], [4157.75, 1884.0], [4157.5, 6310.0], [4157.25, 583.0], [4157.0, 5.0], [4156.25, 585.0], [4156.0, 4.0], [4155.25, 1729.0], [4155.0, 20.0], [4154.75, 592.0], [4152.75, 5545.0], [4152.5, 40000.0], [4151.75, 584.0]], "asks": [[4166.5, 2870.0], [4166.75, 24775.0], [4167.0, 2286.0], [4167.25, 2431.0], [4167.5, 2574.0], [4168.25, 3852.0], [4168.5, 10413.0], [4170.75, 582.0], [4171.5, 586.0], [4173.0, 4903.0], [4173.25, 14477.0], [4173.5, 593.0], [4173.75, 5.0], [4177.5, 12651.0], [4177.75, 42299.0], [4178.0, 6361.0], [4180.0, 575.0], [4180.25, 4.0], [4181.75, 590.0], [4182.0, 82.0]]}}}
{"jsonrpc": "2.0", "method": "subscription", "params": {"channel": "book.ETH-24OCT25.none.20.100ms", "data": {"timestamp": 1760319109622, "change_id": 91034679552, "instrument_name": "ETH-24OCT25", "bids": [[4166.25, 20.0], [4165.0, 6567.0], [4164.75, 22000.0], [4164.25, 2660.0], [4161.0, 582.0], [4160.5, 592.0], [4160.25, 4475.0], [4160.0, 14993.0], [4157.75, 1884.0], [4157.5, 6310.0], [4157.25, 583.0], [4157.0, 5.0], [4156.25, 585.0], [4156.0, 4.0], [4155.25, 1729.0], [4155.0, 20.0], [4154.75, 592.0], [4152.75, 5545.0], [4152.5, 40000.0], [4151.75, 584.0]], "asks": [[4166.5, 2870.0], [4166.75, 26499.0], [4167.0, 2286.0], [4167.25, 1982.0], [4167.5, 592.0], [4168.25, 3852.0], [4168.5, 10413.0], [4170.75, 582.0], [4171.5, 586.0], [4173.0, 4903.0], [4173.25, 14477.0], [4173.5, 593.0], [4173.75, 5.0], [4177.5, 12651.0], [4177.75, 42299.0], [4178.0, 6361.0], [4180.0, 575.0], [4180.25, 4.0], [4181.75, 590.0], [4182.0, 82.0]]}}}
{"jsonrpc": "2.0", "method": "subscription", "params": {"channel": "book.ETH-17OCT25.none.20.100ms", "data": {"timestamp": 1760319109515, "change_id": 91034679533, "instrument_name": "ETH-17OCT25", "bids": [[4161.25, 80.0], [4160.5, 711.0], [4160.25, 3175.0], [4160.0, 2660.0], [4158.5, 203.0], [4158.25, 679.0], [4158.0, 597.0], [4157.75, 1999.0], [4156.75, 210.0], [4156.5, 703.0], [4155.75, 4471.0], [4155.5, 14977.0], [4155.0, 1360.0], [4154.75, 4766.0], [4154.5, 702.0], [4153.75, 202.0], [4153.5, 1024.0], [4153.25, 1364.0], [4153.0, 8064.0], [4152.75, 24747.0]], "asks": [[4161.75, 29058.0], [4162.0, 3196.0], [4162.25, 3056.0], [4162.5, 2381.0], [4163.0, 1134.0], [4163.25, 6908.0], [4163.5, 10412.0], [4164.5, 210.0], [4164.75, 1836.0], [4165.0, 4004.0], [4165.25, 682.0], [4168.0, 205.0], [4168.25, 688.0], [4168.5, 4526.0], [4168.75, 15164.0], [4169.25, 22778.0], [4171.25, 673.0], [4171.5, 24311.0], [4173.25, 684.0], [4173.75, 699.0]]}}}
{"jsonrpc": "2.0", "method": "subscription", "params": {"channel": "book.ETH-17OCT25.none.20.100ms", "data": {"timestamp": 1760319109987, "change_id": 91034680567, "instrument_name": "ETH-17OCT25", "bids": [[4161.25, 80.0], [4161.0, 710.0], [4160.75, 4080.0], [4160.5, 9620.0], [4160.25, 15120.0], [4160.0, 160.0], [4158.5, 203.0], [4158.25, 679.0], [4158.0, 597.0], [4157.75, 1999.0], [4156.75, 210.0], [4156.5, 703.0], [4155.75, 4471.0], [4155.5, 14977.0], [4155.0, 1360.0], [4154.75, 4766.0], [4154.5, 702.0], [4153.75, 202.0], [4153.5, 1024.0], [4153.25, 1364.0]], "asks": [[4161.75, 27592.0], [4162.0, 3036.0], [4162.25, 2381.0], [4162.5, 4463.0], [4162.75, 15549.0], [4163.25, 3108.0], [4163.5, 10412.0], [4164.5, 210.0], [4164.75, 702.0], [4165.0, 204.0], [4165.25, 682.0], [4168.0, 205.0], [4168.25, 688.0], [4168.5, 4526.0], [4168.75, 15164.0], [4169.25, 22778.0], [4171.25, 673.0], [4171.5, 24311.0], [4173.25, 684.0], [4173.75, 699.0]]}}}
{"jsonrpc": "2.0", "method": "subscription", "params": {"channel": "book.ETH-24OCT25.none.20.100ms", "data": {"timestamp": 1760319109970, "change_id": 91034680528, "instrument_name": "ETH-24OCT25", "bids": [[4166.25, 20.0], [4165.5, 985.0], [4165.25, 10735.0], [4165.0, 25300.0], [4164.5, 794.0], [4164.25, 2660.0], [4161.0, 582.0], [4160.5, 592.0], [4160.25, 4475.0], [4160.0, 14993.0], [4157.75, 1884.0], [4157.5, 6310.0], [4157.25, 583.0], [4157.0, 5.0], [4156.25, 585.0], [4156.0, 4.0], [4155.25, 1729.0], [4155.0, 20.0], [4154.75, 592.0], [4152.75, 5545.0]], "asks": [[4166.5, 2870.0], [4166.75, 24399.0], [4167.0, 2286.0], [4167.25, 1982.0], [4167.5, 592.0], [4168.25, 3852.0], [4168.5, 10413.0], [4170.75, 582.0], [4171.5, 586.0], [4173.0, 4903.0], [4173.25, 14477.0], [4173.5, 593.0], [4173.75, 5.0], [4177.5, 12651.0], [4177.75, 42299.0], [4178.0, 6361.0], [4180.0, 575.0], [4180.25, 4.0], [4181.75, 590.0], [4182.0, 82.0]]}}}
{"jsonrpc": "2.0", "method": "subscription", "params": {"channel": "book.ETH-17OCT25.none.20.100ms", "data": {"timestamp": 1760319110178, "change_id": 91034681892, "instrument_name": "ETH-17OCT25", "bids": [[4161.25, 6647.0], [4161.0, 22870.0], [4160.75, 4080.0], [4160.5, 9620.0], [4160.25, 12739.0], [4158.5, 203.0], [4158.25, 679.0], [4158.0, 597.0], [4157.75, 1999.0], [4156.75, 210.0], [4156.5, 703.0], [4155.75, 4471.0], [4155.5, 14977.0], [4154.75, 210.0], [4154.5, 702.0], [4153.75, 7563.0], [4153.5, 25771.0], [4153.25, 1364.0], [4153.0, 677.0], [4152.0, 677.0]], "asks": [[4161.75, 22000.0], [4163.25, 3108.0], [4163.5, 10412.0], [4163.75, 160.0], [4164.5, 210.0], [4164.75, 702.0], [4165.0, 204.0], [4165.25, 682.0], [4168.0, 205.0], [4168.25, 688.0], [4168.5, 4526.0], [4168.75, 15164.0], [4169.0, 6799.0], [4169.25, 22778.0], [4171.25, 673.0], [4171.5, 24311.0], [4173.25, 684.0], [4173.75, 699.0], [4174.25, 1077.0], [4174.75, 40000.0]]}}}
{"jsonrpc": "2.0", "method": "subscription", "params": {"channel": "book.ETH-24OCT25.none.20.100ms", "data": {"timestamp": 1760319110274, "change_id": 91034681865, "instrument_name": "ETH-24OCT25", "bids": [[4166.25, 20.0], [4166.0, 6567.0], [4165.75, 22000.0], [4165.5, 711.0], [4165.25, 3460.0], [4165.0, 3300.0], [4164.5, 2500.0], [4161.0, 582.0], [4160.5, 592.0], [4160.25, 6310.0], [4160.0, 14993.0], [4157.25, 583.0], [4157.0, 5.0], [4156.25, 585.0], [4156.0, 4.0], [4155.25, 1729.0], [4155.0, 20.0], [4154.75, 592.0], [4152.75, 5545.0], [4152.5, 40000.0]], "asks": [[4166.75, 22000.0], [4167.0, 1724.0], [4167.25, 1982.0], [4168.25, 752.0], [4168.5, 10413.0], [4170.75, 582.0], [4171.5, 586.0], [4173.0, 4903.0], [4173.25, 14477.0], [4173.5, 593.0], [4173.75, 5.0], [4177.5, 592.0], [4177.75, 42299.0], [4178.0, 6361.0], [4180.0, 575.0], [4180.25, 4.0], [4181.75, 590.0], [4182.0, 82.0], [4183.25, 577.0], [4183.75, 19453.0]]}}}
{"jsonrpc": "2.0", "method": "subscription", "params": {"channel": "book.ETH-17OCT25.none.20.100ms", "data": {"timestamp": 1760319110590, "change_id": 91034683299, "instrument_name": "ETH-17OCT25", "bids": [[4161.25, 790.0], [4161.0, 3090.0], [4160.75, 10575.0], [4160.5, 29052.0], [4158.5, 203.0], [4158.25, 679.0], [4158.0, 597.0], [4157.75, 1999.0], [4156.75, 210.0], [4156.5, 703.0], [4155.75, 4471.0], [4155.5, 14977.0], [4154.75, 210.0], [4154.5, 702.0], [4153.75, 7563.0], [4153.5, 25771.0], [4153.25, 1364.0], [4153.0, 677.0], [4152.0, 677.0], [4151.75, 600.0]], "asks": [[4161.75, 22000.0], [4162.0, 3090.0], [4162.25, 3126.0], [4162.5, 2703.0], [4162.75, 160.0], [4163.25, 3108.0], [4163.5, 10412.0], [4164.5, 210.0], [4164.75, 702.0], [4165.0, 204.0], [4165.25, 682.0], [4168.0, 205.0], [4168.25, 688.0], [4168.5, 4526.0], [4168.75, 15164.0], [4169.0, 6799.0], [4169.25, 22778.0], [4171.25, 673.0], [4171.5, 24311.0], [4173.25, 684.0]]}}}
{"jsonrpc": "2.0", "method": "subscription", "params": {"channel": "book.ETH-24OCT25.none.20.100ms", "data": {"timestamp": 1760319110652, "change_id": 91034683301, "instrument_name": "ETH-24OCT25", "bids": [[4166.25, 20.0], [4165.75, 7016.0], [4165.5, 24240.0], [4165.25, 1725.0], [4164.75, 160.0], [4161.0, 582.0], [4160.5, 592.0], [4160.25, 6310.0], [4160.0, 14993.0], [4157.25, 583.0], [4157.0, 5.0], [4156.25, 585.0], [4156.0, 4.0], [4155.25, 1729.0], [4155.0, 20.0], [4154.75, 592.0], [4152.75, 5545.0], [4152.5, 40000.0], [4151.75, 584.0], [4149.25, 657.0]], "asks": [[4166.5, 370.0], [4166.75, 23725.0], [4167.0, 4816.0], [4167.25, 2142.0], [4168.25, 592.0], [4168.5, 10413.0], [4170.75, 582.0], [4171.5, 586.0], [4173.0, 582.0], [4173.25, 14477.0], [4173.5, 593.0], [4173.75, 5.0], [4177.5, 592.0], [4177.75, 40400.0], [4178.0, 6361.0], [4180.0, 575.0], [4180.25, 4.0], [4181.75, 590.0], [4182.0, 82.0], [4183.25, 577.0]]}}}
{"jsonrpc": "2.0", "method": "subscription", "params": {"channel": "book.ETH-17OCT25.none.20.100ms", "data": {"timestamp": 1760319110821, "change_id": 91034684611, "instrument_name": "ETH-17OCT25", "bids": [[4161.25, 5634.0], [4161.0, 10594.0], [4160.75, 7314.0], [4160.5, 12378.0], [4160.25, 33490.0], [4158.5, 203.0], [4158.25, 679.0], [4158.0, 597.0], [4157.75, 1999.0], [4156.75, 210.0], [4156.5, 703.0], [4155.75, 4471.0], [4155.5, 14977.0], [4154.75, 210.0], [4154.5, 702.0], [4153.75, 7563.0], [4153.5, 25771.0], [4153.25, 1364.0], [4153.0, 677.0], [4152.0, 677.0]], "asks": [[4161.75, 22000.0], [4162.0, 3090.0], [4162.25, 3126.0], [4162.5, 2380.0], [4162.75, 160.0], [4163.25, 3108.0], [4163.5, 10412.0], [4164.5, 210.0], [4164.75, 702.0], [4165.0, 204.0], [4165.25, 682.0], [4168.0, 205.0], [4168.25, 688.0], [4168.5, 4526.0], [4168.75, 15164.0], [4169.0, 6799.0], [4169.25, 22778.0], [4171.25, 673.0], [4171.5, 24311.0], [4173.25, 684.0]]}}}
{"jsonrpc": "2.0", "method": "subscription", "params": {"channel": "book.ETH-24OCT25.none.20.100ms", "data": {"timestamp": 1760319110922, "change_id": 91034684560, "instrument_name": "ETH-24OCT25", "bids": [[4166.25, 3220.0], [4166.0, 6567.0], [4165.75, 22515.0], [4165.5, 2240.0], [4165.25, 1885.0], [4160.5, 592.0], [4160.25, 6310.0], [4160.0, 14993.0], [4157.25, 583.0], [4157.0, 5.0], [4156.25, 585.0], [4156.0, 4.0], [4155.25, 1729.0], [4155.0, 20.0], [4154.75, 592.0], [4152.75, 5545.0], [4152.5, 40000.0], [4151.75, 584.0], [4149.25, 657.0], [4148.75, 578.0]], "asks": [[4166.5, 370.0], [4166.75, 23725.0], [4167.0, 4816.0], [4167.25, 2142.0], [4168.25, 592.0], [4168.5, 10413.0], [4170.75, 582.0], [4171.5, 586.0], [4173.0, 582.0], [4173.25, 14477.0], [4173.5, 593.0], [4173.75, 5.0], [4177.5, 592.0], [4177.75, 40400.0], [4178.0, 6361.0], [4180.0, 575.0], [4180.25, 4.0], [4181.75, 590.0], [4182.0, 82.0], [4183.25, 577.0]]}}}
{"jsonrpc": "2.0", "method": "subscription", "params": {"channel": "book.ETH-24OCT25.none.20.100ms", "data": {"timestamp": 1760319111085, "change_id": 91034684847, "instrument_name": "ETH-24OCT25", "bids": [[4166.25, 20.0], [4166.0, 8292.0], [4165.75, 24240.0], [4165.5, 2453.0], [4165.25, 2660.0], [4160.5, 592.0], [4160.25, 6310.0], [4160.0, 14993.0], [4157.25, 583.0], [4157.0, 5.0], [4156.25, 585.0], [4156.0, 4.0], [4155.25, 1729.0], [4155.0, 20.0], [4154.75, 592.0], [4152.75, 5545.0], [4152.5, 40000.0], [4151.75, 584.0], [4149.25, 657.0], [4148.75, 578.0]], "asks": [[4166.5, 370.0], [4166.75, 26225.0], [4167.0, 2316.0], [4167.25, 2142.0], [4168.25, 592.0], [4168.5, 10413.0], [4170.75, 582.0], [4171.5, 586.0], [4173.0, 582.0], [4173.25, 14477.0], [4173.5, 593.0], [4173.75, 5.0], [4177.5, 592.0], [4177.75, 40400.0], [4178.0, 6361.0], [4180.0, 575.0], [4180.25, 4.0], [4181.75, 590.0], [4182.0, 82.0], [4183.25, 577.0]]}}}
{"jsonrpc": "2.0", "method": "subscription", "params": {"channel": "book.ETH-17OCT25.none.20.100ms", "data": {"timestamp": 1760319111171, "change_id": 91034684975, "instrument_name": "ETH-17OCT25", "bids": [[4161.25, 8134.0], [4161.0, 8094.0], [4160.75, 7314.0], [4160.5, 12378.0], [4160.25, 33490.0], [4158.5, 203.0], [4158.25, 679.0], [4158.0, 597.0], [4157.75, 1999.0], [4156.75, 210.0], [4156.5, 703.0], [4155.75, 4471.0], [4155.5, 14977.0], [4154.75, 210.0], [4154.5, 702.0], [4153.75, 7563.0], [4153.5, 25771.0], [4153.25, 1364.0], [4153.0, 677.0], [4152.0, 677.0]], "asks": [[4161.75, 22000.0], [4162.0, 3090.0], [4162.25, 3126.0], [4162.5, 3174.0], [4162.75, 2660.0], [4163.25, 3108.0], [4163.5, 10412.0], [4164.5, 210.0], [4164.75, 702.0], [4165.0, 204.0], [4165.25, 682.0], [4168.0, 205.0], [4168.25, 688.0], [4168.5, 4526.0], [4168.75, 15164.0], [4169.0, 6799.0], [4169.25, 22778.0], [4171.25, 673.0], [4171.5, 24311.0], [4173.25, 684.0]]}}}
{"jsonrpc": "2.0", "method": "subscription", "params": {"channel": "book.ETH-24OCT25.none.20.100ms", "data": {"timestamp": 1760319111640, "change_id": 91034686341, "instrument_name": "ETH-24OCT25", "bids": [[4166.25, 20.0], [4165.5, 6567.0], [4165.25, 22000.0], [4164.5, 160.0], [4160.5, 592.0], [4160.25, 6310.0], [4160.0, 14993.0], [4157.25, 583.0], [4157.0, 5.0], [4156.25, 585.0], [4156.0, 4.0], [4155.25, 1729.0], [4155.0, 20.0], [4154.75, 592.0], [4152.75, 5545.0], [4152.5, 40000.0], [4151.75, 584.0], [4149.25, 657.0], [4148.75, 578.0], [4147.75, 18807.0]], "asks": [[4166.5, 2870.0], [4166.75, 24400.0], [4167.0, 2316.0], [4167.25, 1982.0], [4168.25, 592.0], [4168.5, 10413.0], [4170.75, 582.0], [4171.5, 586.0], [4173.0, 582.0], [4173.25, 14477.0], [4173.5, 593.0], [4173.75, 5.0], [4177.5, 592.0], [4177.75, 40400.0], [4178.0, 6361.0], [4180.0, 575.0], [4180.25, 4.0], [4181.75, 590.0], [4182.0, 82.0], [4183.25, 577.0]]}}}
{"jsonrpc": "2.0", "method": "subscription", "params": {"channel": "book.ETH-17OCT25.none.20.100ms", "data": {"timestamp": 1760319111554, "change_id": 91034686286, "instrument_name": "ETH-17OCT25", "bids": [[4161.25, 80.0], [4160.5, 5289.0], [4160.25, 22160.0], [4158.5, 203.0], [4158.25, 679.0], [4158.0, 597.0], [4157.75, 1999.0], [4156.75, 210.0], [4156.5, 703.0], [4155.75, 4471.0], [4155.5, 14977.0], [4154.75, 210.0], [4154.5, 702.0], [4153.75, 7563.0], [4153.5, 25771.0], [4153.25, 1364.0], [4153.0, 677.0], [4152.0, 677.0], [4151.75, 600.0], [4150.25, 672.0]], "asks": [[4161.75, 22710.0], [4162.0, 3090.0], [4162.25, 3741.0], [4162.5, 4880.0], [4162.75, 160.0], [4163.25, 3108.0], [4163.5, 10412.0], [4164.5, 210.0], [4164.75, 702.0], [4165.0, 204.0], [4165.25, 682.0], [4168.0, 205.0], [4168.25, 688.0], [4168.5, 4526.0], [4168.75, 15164.0], [4169.0, 6799.0], [4169.25, 22778.0], [4171.25, 673.0], [4171.5, 24311.0], [4173.25, 684.0]]}}}
{"jsonrpc": "2.0", "method": "subscription", "params": {"channel": "book.ETH-24OCT25.none.20.100ms", "data": {"timestamp": 1760319111957, "change_id": 91034687361, "instrument_name": "ETH-24OCT25", "bids": [[4166.25, 20.0], [4166.0, 985.0], [4165.75, 3300.0], [4165.5, 6567.0], [4165.25, 22000.0], [4164.75, 2500.0], [4164.5, 160.0], [4160.5, 592.0], [4160.25, 4475.0], [4160.0, 14993.0], [4157.75, 1884.0], [4157.5, 6310.0], [4157.25, 583.0], [4157.0, 5.0], [4156.25, 585.0], [4156.0, 4.0], [4155.25, 1729.0], [4155.0, 20.0], [4154.75, 592.0], [4152.75, 5545.0]], "asks": [[4166.5, 2870.0], [4166.75, 24400.0], [4167.0, 2316.0], [4167.25, 1982.0], [4168.25, 3700.0], [4168.5, 10413.0], [4170.75, 582.0], [4171.5, 586.0], [4173.0, 4903.0], [4173.25, 14477.0], [4173.5, 593.0], [4173.75, 5.0], [4177.5, 592.0], [4177.75, 40400.0], [4178.0, 6361.0], [4180.0, 575.0], [4180.25, 4.0], [4181.75, 590.0], [4182.0, 82.0], [4183.25, 577.0]]}}}
{"jsonrpc": "2.0", "method": "subscription", "params": {"channel": "book.ETH-17OCT25.none.20.100ms", "data": {"timestamp": 1760319111902, "change_id": 91034687223, "instrument_name": "ETH-17OCT25", "bids": [[4161.25, 3580.0], [4160.75, 746.0], [4160.5, 7789.0], [4160.25, 22160.0], [4158.5, 203.0], [4158.25, 679.0], [4158.0, 597.0], [4157.75, 1999.0], [4156.75, 210.0], [4156.5, 703.0], [4155.75, 4471.0], [4155.5, 14977.0], [4154.75, 210.0], [4154.5, 702.0], [4153.75, 202.0], [4153.5, 1024.0], [4153.25, 1364.0], [4153.0, 8064.0], [4152.75, 24747.0], [4152.0, 677.0]], "asks": [[4161.5, 3800.0], [4161.75, 23366.0], [4162.0, 5590.0], [4162.25, 3286.0], [4162.5, 2380.0], [4162.75, 1134.0], [4163.0, 3800.0], [4163.25, 3108.0], [4163.5, 10412.0], [4164.5, 210.0], [4164.75, 702.0], [4165.0, 204.0], [4165.25, 682.0], [4168.0, 205.0], [4168.25, 688.0], [4168.5, 4526.0], [4168.75, 15164.0], [4169.0, 6799.0], [4169.25, 22778.0], [4171.25, 673.0]]}}}
{"jsonrpc": "2.0", "method": "subscription", "params": {"channel": "book.ETH-24OCT25.none.20.100ms", "data": {"timestamp": 1760319112300, "change_id": 91034687821, "instrument_name": "ETH-24OCT25", "bids": [[4166.25, 20.0], [4165.75, 3300.0], [4165.5, 6567.0], [4165.25, 22000.0], [4165.0, 746.0], [4164.75, 2500.0], [4164.5, 160.0], [4160.5, 592.0], [4160.25, 4475.0], [4160.0, 14993.0], [4157.75, 1884.0], [4157.5, 6310.0], [4157.25, 583.0], [4157.0, 5.0], [4156.25, 585.0], [4156.0, 4.0], [4155.25, 1729.0], [4155.0, 20.0], [4154.75, 592.0], [4152.75, 5545.0]], "asks": [[4166.5, 2870.0], [4166.75, 24400.0], [4167.0, 2316.0], [4167.25, 1982.0], [4167.5, 583.0], [4168.25, 3700.0], [4168.5, 10413.0], [4170.75, 582.0], [4171.5, 586.0], [4173.0, 4903.0], [4173.25, 14477.0], [4173.5, 593.0], [4173.75, 5.0], [4177.5, 592.0], [4177.75, 40400.0], [4178.0, 6361.0], [4180.0, 575.0], [4180.25, 4.0], [4181.75, 590.0], [4182.0, 82.0]]}}}
{"jsonrpc": "2.0", "method": "subscription", "params": {"channel": "book.ETH-17OCT25.none.20.100ms", "data": {"timestamp": 1760319112290, "change_id": 91034687814, "instrument_name": "ETH-17OCT25", "bids": [[4161.25, 80.0], [4160.75, 746.0], [4160.5, 7789.0], [4160.25, 22160.0], [4158.5, 203.0], [4158.25, 679.0], [4158.0, 597.0], [4157.75, 1999.0], [4156.75, 210.0], [4156.5, 703.0], [4155.75, 4471.0], [4155.5, 14977.0], [4154.75, 210.0], [4154.5, 702.0], [4153.75, 202.0], [4153.5, 1024.0], [4153.25, 1364.0], [4153.0, 8064.0], [4152.75, 24747.0], [4152.0, 677.0]], "asks": [[4161.5, 3800.0], [4161.75, 25906.0], [4162.0, 5590.0], [4162.25, 2380.0], [4162.75, 1134.0], [4163.0, 3800.0], [4163.25, 3108.0], [4163.5, 10412.0], [4164.5, 210.0], [4164.75, 702.0], [4165.0, 204.0], [4165.25, 682.0], [4168.0, 205.0], [4168.25, 688.0], [4168.5, 4526.0], [4168.75, 15164.0], [4169.0, 6799.0], [4169.25, 22778.0], [4171.25, 673.0], [4171.5, 24311.0]]}}}
{"jsonrpc": "2.0", "method": "subscription", "params": {"channel": "book.ETH-17OCT25.none.20.100ms", "data": {"timestamp": 1760319112566, "change_id": 91034688511, "instrument_name": "ETH-17OCT25", "bids": [[4161.25, 80.0], [4160.5, 5289.0], [4160.25, 24380.0], [4160.0, 746.0], [4159.75, 2500.0], [4159.5, 160.0], [4158.5, 203.0], [4158.25, 679.0], [4158.0, 597.0], [4157.75, 1999.0], [4156.75, 210.0], [4156.5, 703.0], [4155.75, 4471.0], [4155.5, 14977.0], [4154.75, 210.0], [4154.5, 702.0], [4153.75, 202.0], [4153.5, 1024.0], [4153.25, 1364.0], [4153.0, 8064.0]], "asks": [[4161.5, 3800.0], [4161.75, 27750.0], [4162.0, 3090.0], [4162.25, 2380.0], [4162.75, 1134.0], [4163.0, 3800.0], [4163.25, 3108.0], [4163.5, 10412.0], [4164.5, 210.0], [4164.75, 702.0], [4165.0, 204.0], [4165.25, 682.0], [4168.0, 205.0], [4168.25, 688.0], [4168.5, 4526.0], [4168.75, 15164.0], [4169.0, 6799.0], [4169.25, 22778.0], [4171.25, 673.0], [4171.5, 24311.0]]}}}
{"jsonrpc": "2.0", "method": "subscription", "params": {"channel": "book.ETH-24OCT25.none.20.100ms", "data": {"timestamp": 1760319112628, "change_id": 91034688739, "instrument_name": "ETH-24OCT25", "bids": [[4166.25, 20.0], [4165.0, 6567.0], [4164.75, 22000.0], [4164.5, 160.0], [4164.0, 2500.0], [4160.5, 592.0], [4160.25, 4475.0], [4160.0, 14993.0], [4157.75, 1884.0], [4157.5, 6310.0], [4157.25, 583.0], [4157.0, 5.0], [4156.25, 585.0], [4156.0, 4.0], [4155.25, 1729.0], [4155.0, 20.0], [4154.75, 592.0], [4152.75, 5545.0], [4152.5, 40000.0], [4151.75, 584.0]], "asks": [[4166.5, 2870.0], [4166.75, 24400.0], [4167.0, 2316.0], [4167.25, 1982.0], [4167.5, 583.0], [4168.25, 3700.0], [4168.5, 10413.0], [4170.75, 582.0], [4171.5, 586.0], [4173.0, 4903.0], [4173.25, 14477.0], [4173.5, 593.0], [4173.75, 5.0], [4177.5, 592.0], [4177.75, 40400.0], [4178.0, 6361.0], [4180.0, 575.0], [4180.25, 4.0], [4181.75, 590.0], [4182.0, 82.0]]}}}
{"jsonrpc": "2.0", "method": "subscription", "params": {"channel": "book.ETH-17OCT25.none.20.100ms", "data": {"timestamp": 1760319112835, "change_id": 91034689409, "instrument_name": "ETH-17OCT25", "bids": [[4161.25, 80.0], [4160.5, 710.0], [4160.25, 3741.0], [4160.0, 4880.0], [4159.5, 160.0], [4158.5, 203.0], [4158.25, 679.0], [4158.0, 597.0], [4157.75, 1999.0], [4156.75, 210.0], [4156.5, 703.0], [4155.75, 4471.0], [4155.5, 14977.0], [4154.75, 210.0], [4154.5, 702.0], [4153.75, 202.0], [4153.5, 1024.0], [4153.25, 1364.0], [4153.0, 677.0], [4152.5, 24747.0]], "asks": [[4161.5, 3800.0], [4161.75, 27750.0], [4162.0, 3090.0], [4162.25, 2917.0], [4162.5, 1800.0], [4162.75, 1134.0], [4163.0, 3800.0], [4163.25, 3108.0], [4163.5, 10412.0], [4164.5, 210.0], [4164.75, 702.0], [4165.0, 204.0], [4165.25, 682.0], [4168.0, 205.0], [4168.25, 688.0], [4168.5, 4526.0], [4168.75, 15164.0], [4169.0, 6799.0], [4169.25, 22778.0], [4171.25, 673.0]]}}}
{"jsonrpc": "2.0", "method": "subscription", "params": {"channel": "book.ETH-24OCT25.none.20.100ms", "data": {"timestamp": 1760319112951, "change_id": 91034689775, "instrument_name": "ETH-24OCT25", "bids": [[4165.25, 3300.0], [4165.0, 8293.0], [4164.75, 23726.0], [4164.5, 746.0], [4164.25, 2500.0], [4163.75, 160.0], [4160.5, 592.0], [4160.25, 4475.0], [4160.0, 14993.0], [4158.25, 1884.0], [4158.0, 6310.0], [4157.25, 583.0], [4157.0, 5.0], [4156.25, 585.0], [4156.0, 4.0], [4155.25, 1729.0], [4155.0, 20.0], [4154.75, 592.0], [4152.75, 5545.0], [4152.5, 40000.0]], "asks": [[4165.5, 370.0], [4165.75, 6038.0], [4166.0, 24651.0], [4166.25, 1746.0], [4166.5, 563.0], [4166.75, 2063.0], [4167.0, 2316.0], [4167.25, 1724.0], [4167.5, 583.0], [4168.25, 3700.0], [4168.5, 10413.0], [4170.75, 582.0], [4171.5, 586.0], [4173.0, 4903.0], [4173.25, 14477.0], [4173.5, 593.0], [4173.75, 5.0], [4177.5, 592.0], [4177.75, 40400.0], [4178.0, 6361.0]]}}}
{"jsonrpc": "2.0", "method": "subscription", "params": {"channel": "book.ETH-24OCT25.none.20.100ms", "data": {"timestamp": 1760319113291, "change_id": 91034690205, "instrument_name": "ETH-24OCT25", "bids": [[4165.25, 3300.0], [4165.0, 8293.0], [4164.75, 24241.0], [4164.5, 2472.0], [4164.25, 2500.0], [4163.75, 160.0], [4160.5, 592.0], [4160.25, 4475.0], [4160.0, 14993.0], [4158.25, 1884.0], [4158.0, 6310.0], [4157.25, 583.0], [4157.0, 5.0], [4156.25, 585.0], [4156.0, 4.0], [4155.25, 1729.0], [4155.0, 20.0], [4154.75, 592.0], [4152.75, 5545.0], [4152.5, 40000.0]], "asks": [[4165.5, 370.0], [4165.75, 7764.0], [4166.0, 24651.0], [4166.25, 2005.0], [4167.0, 583.0], [4167.25, 4181.0], [4167.5, 14007.0], [4168.25, 3700.0], [4168.5, 10413.0], [4170.75, 582.0], [4171.5, 586.0], [4173.0, 4903.0], [4173.25, 14477.0], [4173.5, 593.0], [4173.75, 5.0], [4177.5, 592.0], [4177.75, 40400.0], [4178.0, 6361.0], [4180.0, 575.0], [4180.25, 4.0]]}}}
{"jsonrpc": "2.0", "method": "subscription", "params": {"channel": "book.ETH-17OCT25.none.20.100ms", "data": {"timestamp": 1760319113279, "change_id": 91034690183, "instrument_name": "ETH-17OCT25", "bids": [[4160.75, 1770.0], [4160.5, 6890.0], [4160.25, 3741.0], [4160.0, 11447.0], [4159.75, 22000.0], [4159.5, 160.0], [4158.5, 203.0], [4158.25, 679.0], [4158.0, 597.0], [4157.75, 1999.0], [4156.75, 210.0], [4156.5, 703.0], [4155.75, 4471.0], [4155.5, 14977.0], [4154.75, 210.0], [4154.5, 702.0], [4153.75, 202.0], [4153.5, 1024.0], [4153.25, 1364.0], [4153.0, 677.0]], "asks": [[4161.25, 23134.0], [4161.5, 3884.0], [4161.75, 5750.0], [4162.0, 2380.0], [4162.25, 537.0], [4162.5, 1800.0], [4162.75, 1134.0], [4163.0, 4934.0], [4163.25, 6908.0], [4163.5, 10412.0], [4164.5, 210.0], [4164.75, 702.0], [4165.0, 204.0], [4165.25, 682.0], [4168.0, 205.0], [4168.25, 688.0], [4168.5, 4526.0], [4168.75, 15164.0], [4169.0, 6799.0], [4169.25, 22778.0]]}}}
{"jsonrpc": "2.0", "method": "subscription", "params": {"channel": "book.ETH-24OCT25.none.20.100ms", "data": {"timestamp": 1760319113479, "change_id": 91034690707, "instrument_name": "ETH-24OCT25", "bids": [[4164.75, 22515.0], [4164.5, 2892.0], [4164.25, 4741.0], [4164.0, 1726.0], [4163.75, 160.0], [4160.5, 592.0], [4160.25, 4475.0], [4160.0, 14993.0], [4158.25, 1884.0], [4158.0, 6310.0], [4157.25, 583.0], [4157.0, 5.0], [4156.25, 585.0], [4156.0, 4.0], [4155.25, 1729.0], [4155.0, 20.0], [4154.75, 592.0], [4152.75, 5545.0], [4152.5, 40000.0], [4151.75, 584.0]], "asks": [[4165.25, 370.0], [4165.5, 1726.0], [4165.75, 7764.0], [4166.0, 24910.0], [4166.25, 20.0], [4167.0, 583.0], [4167.25, 4181.0], [4167.5, 14007.0], [4168.25, 3700.0], [4168.5, 10413.0], [4170.75, 582.0], [4171.5, 586.0], [4173.0, 4903.0], [4173.25, 14477.0], [4173.5, 593.0], [4173.75, 5.0], [4177.5, 592.0], [4177.75, 40400.0], [4178.0, 6361.0], [4180.0, 575.0]]}}}
{"jsonrpc": "2.0", "method": "subscription", "params": {"channel": "book.ETH-17OCT25.none.20.100ms", "data": {"timestamp": 1760319113628, "change_id": 91034691015, "instrument_name": "ETH-17OCT25", "bids": [[4160.75, 1770.0], [4160.5, 6890.0], [4160.25, 3741.0], [4160.0, 20603.0], [4159.75, 55486.0], [4159.5, 160.0], [4158.5, 203.0], [4158.25, 679.0], [4158.0, 597.0], [4157.75, 1999.0], [4156.75, 210.0], [4156.5, 703.0], [4155.75, 4471.0], [4155.5, 14977.0], [4154.75, 210.0], [4154.5, 702.0], [4153.75, 202.0], [4153.5, 1024.0], [4153.25, 1364.0], [4153.0, 677.0]], "asks": [[4161.25, 23294.0], [4161.5, 5638.0], [4161.75, 3090.0], [4162.0, 2380.0], [4162.25, 537.0], [4162.75, 1134.0], [4163.0, 4934.0], [4163.25, 7594.0], [4163.5, 10412.0], [4164.5, 210.0], [4164.75, 702.0], [4165.0, 204.0], [4165.25, 682.0], [4168.0, 205.0], [4168.25, 688.0], [4168.5, 4526.0], [4168.75, 15164.0], [4169.0, 6799.0], [4169.25, 22778.0], [4171.25, 673.0]]}}}
{"jsonrpc": "2.0", "method": "subscription", "params": {"channel": "book.ETH-24OCT25.none.20.100ms", "data": {"timestamp": 1760319113959, "change_id": 91034692210, "instrument_name": "ETH-24OCT25", "bids": [[4165.5, 3300.0], [4165.25, 12042.0], [4165.0, 24241.0], [4164.75, 11733.0], [4164.5, 36770.0], [4164.25, 160.0], [4160.5, 592.0], [4160.25, 4475.0], [4160.0, 14993.0], [4158.25, 1884.0], [4158.0, 6310.0], [4157.25, 583.0], [4157.0, 5.0], [4156.25, 585.0], [4156.0, 4.0], [4155.25, 1729.0], [4155.0, 20.0], [4154.75, 592.0], [4152.75, 5545.0], [4152.5, 40000.0]], "asks": [[4165.75, 370.0], [4166.0, 23726.0], [4166.25, 4761.0], [4166.5, 2145.0], [4167.25, 4181.0], [4167.5, 14007.0], [4168.25, 3700.0], [4168.5, 10413.0], [4170.75, 582.0], [4171.5, 586.0], [4173.0, 4903.0], [4173.25, 14477.0], [4173.5, 593.0], [4173.75, 5.0], [4177.5, 592.0], [4177.75, 40400.0], [4178.0, 6361.0], [4180.0, 575.0], [4180.25, 4.0], [4181.75, 590.0]]}}}
{"jsonrpc": "2.0", "method": "subscription", "params": {"channel": "book.ETH-17OCT25.none.20.100ms", "data": {"timestamp": 1760319113842, "change_id": 91034691981, "instrument_name": "ETH-17OCT25", "bids": [[4160.75, 5570.0], [4160.5, 12581.0], [4160.25, 32041.0], [4160.0, 11696.0], [4159.75, 33486.0], [4158.5, 203.0], [4158.25, 679.0], [4158.0, 597.0], [4157.75, 1999.0], [4156.75, 210.0], [4156.5, 703.0], [4155.75, 4471.0], [4155.5, 14977.0], [4154.75, 210.0], [4154.5, 702.0], [4153.75, 202.0], [4153.5, 1024.0], [4153.25, 1364.0], [4153.0, 677.0], [4152.5, 24747.0]], "asks": [[4161.25, 23134.0], [4161.5, 3138.0], [4161.75, 3746.0], [4162.0, 4880.0], [4162.25, 160.0], [4162.75, 1134.0], [4163.0, 4934.0], [4163.25, 7594.0], [4163.5, 10412.0], [4164.5, 210.0], [4164.75, 702.0], [4165.0, 204.0], [4165.25, 682.0], [4168.0, 205.0], [4168.25, 688.0], [4168.5, 4526.0], [4168.75, 15164.0], [4169.0, 6799.0], [4169.25, 22778.0], [4171.25, 673.0]]}}}
{"jsonrpc": "2.0", "method": "subscription", "params": {"channel": "book.ETH-17OCT25.none.20.100ms", "data": {"timestamp": 1760319114261, "change_id": 91034692564, "instrument_name": "ETH-17OCT25", "bids": [[4160.75, 5570.0], [4160.5, 12581.0], [4160.25, 28241.0], [4160.0, 11696.0], [4159.75, 33486.0], [4158.5, 203.0], [4158.25, 679.0], [4158.0, 597.0], [4157.75, 1999.0], [4156.75, 210.0], [4156.5, 703.0], [4155.75, 4471.0], [4155.5, 14977.0], [4154.75, 210.0], [4154.5, 702.0], [4153.75, 202.0], [4153.5, 1024.0], [4153.25, 1364.0], [4153.0, 677.0], [4152.5, 24747.0]], "asks": [[4161.25, 23134.0], [4161.5, 3138.0], [4161.75, 3746.0], [4162.0, 4880.0], [4162.25, 160.0], [4162.75, 1134.0], [4163.0, 4934.0], [4163.25, 7594.0], [4163.5, 10412.0], [4164.5, 210.0], [4164.75, 702.0], [4165.0, 204.0], [4165.25, 682.0], [4168.0, 205.0], [4168.25, 688.0], [4168.5, 4526.0], [4168.75, 15164.0], [4169.0, 6799.0], [4169.25, 22778.0], [4171.25, 673.0]]}}}
{"jsonrpc": "2.0", "method": "subscription", "params": {"channel": "book.ETH-24OCT25.none.20.100ms", "data": {"timestamp": 1760319114262, "change_id": 91034692567, "instrument_name": "ETH-24OCT25", "bids": [[4165.0, 22515.0], [4164.75, 11893.0], [4164.5, 37751.0], [4160.5, 592.0], [4160.25, 4475.0], [4160.0, 14993.0], [4158.75, 1884.0], [4158.5, 6310.0], [4157.25, 583.0], [4157.0, 5.0], [4156.25, 585.0], [4156.0, 4.0], [4155.25, 1729.0], [4155.0, 20.0], [4154.75, 592.0], [4152.75, 5545.0], [4152.5, 40000.0], [4151.75, 584.0], [4149.25, 657.0], [4148.75, 578.0]], "asks": [[4165.5, 370.0], [4166.0, 26747.0], [4166.25, 2520.0], [4166.5, 2145.0], [4167.25, 4181.0], [4167.5, 14007.0], [4168.25, 3700.0], [4168.5, 10413.0], [4170.75, 582.0], [4171.5, 586.0], [4173.0, 4903.0], [4173.25, 14477.0], [4173.5, 593.0], [4173.75, 5.0], [4177.5, 592.0], [4177.75, 40400.0], [4178.0, 6361.0], [4180.0, 575.0], [4180.25, 4.0], [4181.75, 590.0]]}}}
{"jsonrpc": "2.0", "method": "subscription", "params": {"channel": "book.ETH-17OCT25.none.20.100ms", "data": {"timestamp": 1760319114339, "change_id": 91034693512, "instrument_name": "ETH-17OCT25", "bids": [[4160.75, 70.0], [4160.0, 27040.0], [4159.75, 33486.0], [4158.25, 679.0], [4157.75, 1999.0], [4156.5, 703.0], [4155.5, 14977.0], [4154.5, 702.0], [4153.5, 677.0], [4153.25, 1162.0], [4153.0, 677.0], [4152.5, 24747.0], [4152.0, 677.0], [4151.75, 600.0], [4150.25, 672.0], [4150.0, 4556.0], [4149.75, 40677.0], [4149.25, 1073.0], [4148.75, 677.0], [4147.75, 680.0]], "asks": [[4161.25, 22000.0], [4161.5, 2380.0], [4161.75, 5040.0], [4162.0, 2380.0], [4163.0, 3800.0], [4163.25, 4486.0], [4163.5, 10412.0], [4164.75, 702.0], [4165.25, 682.0], [4168.25, 688.0], [4168.75, 15164.0], [4169.25, 22778.0], [4171.25, 673.0], [4171.5, 24311.0], [4173.25, 684.0], [4173.75, 699.0], [4174.25, 1077.0], [4174.75, 40000.0], [4175.75, 673.0], [4176.0, 25202.0]]}}}
{"jsonrpc": "2.0", "method": "subscription", "params": {"channel": "book.ETH-24OCT25.none.20.100ms", "data": {"timestamp": 1760319114546, "change_id": 91034693309, "instrument_name": "ETH-24OCT25", "bids": [[4165.0, 22000.0], [4164.75, 2242.0], [4164.5, 2243.0], [4164.25, 1727.0], [4164.0, 160.0], [4160.5, 592.0], [4160.25, 4475.0], [4160.0, 14993.0], [4159.0, 1884.0], [4158.75, 6310.0], [4157.25, 583.0], [4157.0, 5.0], [4156.25, 585.0], [4156.0, 4.0], [4155.25, 1729.0], [4155.0, 20.0], [4154.75, 592.0], [4152.75, 5545.0], [4152.5, 40000.0], [4151.75, 584.0]], "asks": [[4165.25, 370.0], [4165.75, 1727.0], [4166.0, 27166.0], [4166.25, 2005.0], [4167.0, 583.0], [4167.25, 4181.0], [4167.5, 14007.0], [4168.25, 3700.0], [4168.5, 10413.0], [4170.75, 582.0], [4171.5, 586.0], [4173.0, 4903.0], [4173.25, 14477.0], [4173.5, 593.0], [4173.75, 5.0], [4177.5, 592.0], [4177.75, 40400.0], [4178.0, 6361.0], [4180.0, 575.0], [4180.25, 4.0]]}}}
{"jsonrpc": "2.0", "method": "subscription", "params": {"channel": "book.ETH-24OCT25.none.20.100ms", "data": {"timestamp": 1760319114920, "change_id": 91034694414, "instrument_name": "ETH-24OCT25", "bids": [[4165.5, 2116.0], [4165.25, 8294.0], [4165.0, 24242.0], [4164.75, 7226.0], [4164.5, 18765.0], [4160.5, 592.0], [4160.25, 4475.0], [4160.0, 14993.0], [4159.0, 1884.0], [4158.75, 6310.0], [4157.25, 583.0], [4157.0, 5.0], [4156.25, 585.0], [4156.0, 4.0], [4155.25, 1729.0], [4155.0, 20.0], [4154.75, 592.0], [4152.75, 5545.0], [4152.5, 40000.0], [4151.75, 584.0]], "asks": [[4166.0, 24759.0], [4166.25, 2262.0], [4166.5, 2243.0], [4166.75, 2146.0], [4167.25, 4181.0], [4167.5, 14007.0], [4168.25, 3700.0], [4168.5, 10413.0], [4170.75, 582.0], [4171.5, 586.0], [4173.0, 4903.0], [4173.25, 14477.0], [4173.5, 593.0], [4173.75, 5.0], [4177.5, 592.0], [4177.75, 40400.0], [4178.0, 6361.0], [4180.0, 575.0], [4180.25, 4.0], [4181.75, 590.0]]}}}
{"jsonrpc": "2.0", "method": "subscription", "params": {"channel": "book.ETH-17OCT25.none.20.100ms", "data": {"timestamp": 1760319114627, "change_id": 91034693878, "instrument_name": "ETH-17OCT25", "bids": [[4160.75, 3870.0], [4160.5, 2380.0], [4160.25, 8680.0], [4160.0, 24540.0], [4159.75, 33486.0], [4158.25, 679.0], [4157.75, 1999.0], [4156.5, 703.0], [4155.5, 14977.0], [4154.5, 702.0], [4153.5, 677.0], [4153.25, 1162.0], [4153.0, 677.0], [4152.5, 24747.0], [4152.0, 677.0], [4151.75, 600.0], [4150.25, 672.0], [4150.0, 4556.0], [4149.75, 40677.0], [4149.25, 1073.0]], "asks": [[4161.25, 22000.0], [4161.5, 2380.0], [4161.75, 4880.0], [4162.0, 2380.0], [4162.5, 160.0], [4163.0, 3800.0], [4163.25, 4486.0], [4163.5, 10412.0], [4164.75, 702.0], [4165.25, 682.0], [4168.25, 688.0], [4168.75, 15164.0], [4169.25, 22778.0], [4171.25, 673.0], [4171.5, 24311.0], [4173.25, 684.0], [4173.75, 699.0], [4174.25, 1077.0], [4174.75, 40000.0], [4175.75, 673.0]]}}}
{"jsonrpc": "2.0", "method": "subscription", "params": {"channel": "book.ETH-24OCT25.none.20.100ms", "data": {"timestamp": 1760319115228, "change_id": 91034694899, "instrument_name": "ETH-24OCT25", "bids": [[4165.5, 8617.0], [4165.25, 24243.0], [4165.0, 2923.0], [4164.75, 9726.0], [4164.5, 16265.0], [4160.5, 592.0], [4160.25, 4475.0], [4160.0, 14993.0], [4159.0, 1884.0], [4158.75, 6310.0], [4157.25, 583.0], [4157.0, 5.0], [4156.25, 585.0], [4156.0, 4.0], [4155.25, 1729.0], [4155.0, 20.0], [4154.75, 592.0], [4152.75, 5545.0], [4152.5, 40000.0], [4151.75, 584.0]], "asks": [[4166.0, 2500.0], [4166.25, 2422.0], [4166.5, 24243.0], [4166.75, 1986.0], [4167.25, 4181.0], [4167.5, 14007.0], [4168.25, 3700.0], [4168.5, 10413.0], [4170.75, 582.0], [4171.5, 586.0], [4173.0, 4903.0], [4173.25, 14477.0], [4173.5, 593.0], [4173.75, 5.0], [4177.5, 592.0], [4177.75, 40400.0], [4178.0, 6361.0], [4180.0, 575.0], [4180.25, 4.0], [4181.75, 590.0]]}}}
{"jsonrpc": "2.0", "method": "subscription", "params": {"channel": "book.ETH-17OCT25.none.20.100ms", "data": {"timestamp": 1760319115159, "change_id": 91034694861, "instrument_name": "ETH-17OCT25", "bids": [[4160.75, 5236.0], [4160.5, 13056.0], [4160.25, 28938.0], [4160.0, 12536.0], [4159.75, 33486.0], [4158.5, 203.0], [4158.25, 679.0], [4158.0, 597.0], [4157.75, 1999.0], [4156.75, 210.0], [4156.5, 703.0], [4155.75, 4471.0], [4155.5, 14977.0], [4154.75, 210.0], [4154.5, 702.0], [4153.75, 202.0], [4153.5, 1024.0], [4153.25, 1364.0], [4153.0, 677.0], [4152.75, 7387.0]], "asks": [[4161.25, 22000.0], [4161.5, 710.0], [4161.75, 3138.0], [4162.0, 3286.0], [4162.25, 2500.0], [4162.75, 1134.0], [4163.0, 5139.0], [4163.25, 7594.0], [4163.5, 10412.0], [4164.5, 210.0], [4164.75, 702.0], [4165.0, 204.0], [4165.25, 682.0], [4168.0, 205.0], [4168.25, 688.0], [4168.5, 4526.0], [4168.75, 15164.0], [4169.25, 22778.0], [4171.25, 673.0], [4171.5, 24311.0]]}}}
{"jsonrpc": "2.0", "method": "subscription", "params": {"channel": "book.ETH-24OCT25.none.20.100ms", "data": {"timestamp": 1760319115518, "change_id": 91034695399, "instrument_name": "ETH-24OCT25", "bids": [[4165.5, 8617.0], [4165.25, 24243.0], [4165.0, 3083.0], [4164.75, 9726.0], [4164.5, 16105.0], [4160.5, 592.0], [4160.25, 4475.0], [4160.0, 14993.0], [4159.0, 1884.0], [4158.75, 6310.0], [4157.25, 583.0], [4157.0, 5.0], [4156.25, 585.0], [4156.0, 4.0], [4155.25, 1729.0], [4155.0, 20.0], [4154.75, 592.0], [4152.75, 5545.0], [4152.5, 40000.0], [4151.75, 584.0]], "asks": [[4166.0, 2500.0], [4166.25, 2262.0], [4166.5, 24243.0], [4166.75, 1986.0], [4167.0, 160.0], [4167.5, 583.0], [4168.25, 3700.0], [4168.5, 10413.0], [4170.75, 582.0], [4171.5, 586.0], [4173.0, 4903.0], [4173.25, 14477.0], [4173.5, 593.0], [4173.75, 5.0], [4177.5, 592.0], [4177.75, 40400.0], [4178.0, 6361.0], [4180.0, 575.0], [4180.25, 4.0], [4181.75, 590.0]]}}}
{"jsonrpc": "2.0", "method": "subscription", "params": {"channel": "book.ETH-17OCT25.none.20.100ms", "data": {"timestamp": 1760319115426, "change_id": 91034695224, "instrument_name": "ETH-17OCT25", "bids": [[4160.75, 7080.0], [4160.5, 10716.0], [4160.25, 28938.0], [4160.0, 12376.0], [4159.75, 33486.0], [4158.5, 203.0], [4158.25, 679.0], [4158.0, 597.0], [4157.75, 1999.0], [4156.75, 210.0], [4156.5, 703.0], [4155.75, 4471.0], [4155.5, 14977.0], [4154.75, 210.0], [4154.5, 702.0], [4153.75, 202.0], [4153.5, 1024.0], [4153.25, 1364.0], [4153.0, 677.0], [4152.75, 7387.0]], "asks": [[4161.25, 22000.0], [4161.5, 710.0], [4161.75, 3788.0], [4162.0, 5040.0], [4162.75, 1134.0], [4163.0, 5139.0], [4163.25, 7594.0], [4163.5, 10412.0], [4164.5, 210.0], [4164.75, 702.0], [4165.0, 204.0], [4165.25, 682.0], [4168.0, 205.0], [4168.25, 688.0], [4168.5, 4526.0], [4168.75, 15164.0], [4169.25, 22778.0], [4171.25, 673.0], [4171.5, 24311.0], [4173.25, 684.0]]}}}
{"jsonrpc": "2.0", "method": "subscription", "params": {"channel": "book.ETH-17OCT25.none.20.100ms", "data": {"timestamp": 1760319115938, "change_id": 91034696416, "instrument_name": "ETH-17OCT25", "bids": [[4160.75, 4580.0], [4160.5, 10716.0], [4160.25, 31438.0], [4160.0, 2380.0], [4158.5, 203.0], [4158.25, 679.0], [4158.0, 597.0], [4157.75, 1999.0], [4156.75, 210.0], [4156.5, 703.0], [4155.75, 4471.0], [4155.5, 14977.0], [4154.75, 210.0], [4154.5, 702.0], [4153.75, 202.0], [4153.5, 1024.0], [4153.25, 1364.0], [4153.0, 677.0], [4152.75, 7387.0], [4152.5, 24747.0]], "asks": [[4161.25, 22711.0], [4161.5, 3091.0], [4161.75, 3788.0], [4162.0, 5040.0], [4162.75, 1134.0], [4163.0, 5139.0], [4163.25, 7594.0], [4163.5, 10412.0], [4164.5, 210.0], [4164.75, 702.0], [4165.0, 204.0], [4165.25, 682.0], [4168.0, 205.0], [4168.25, 688.0], [4168.5, 4526.0], [4168.75, 15164.0], [4169.25, 22778.0], [4171.25, 673.0], [4171.5, 24311.0], [4173.25, 684.0]]}}}
{"jsonrpc": "2.0", "method": "subscription", "params": {"channel": "book.ETH-24OCT25.none.20.100ms", "data": {"timestamp": 1760319115939, "change_id": 91034696414, "instrument_name": "ETH-24OCT25", "bids": [[4165.25, 22516.0], [4165.0, 2402.0], [4164.75, 7226.0], [4164.5, 16105.0], [4160.5, 592.0], [4160.25, 4475.0], [4160.0, 14993.0], [4159.0, 1884.0], [4158.75, 6310.0], [4157.25, 583.0], [4157.0, 5.0], [4156.25, 585.0], [4156.0, 4.0], [4155.25, 1729.0], [4155.0, 20.0], [4154.75, 592.0], [4152.75, 5545.0], [4152.5, 40000.0], [4151.75, 584.0], [4149.25, 657.0]], "asks": [[4165.75, 370.0], [4166.0, 2500.0], [4166.25, 2262.0], [4166.5, 24243.0], [4166.75, 1986.0], [4167.0, 160.0], [4167.5, 583.0], [4168.0, 744.0], [4168.25, 5600.0], [4168.5, 10413.0], [4170.75, 582.0], [4171.5, 586.0], [4173.0, 4903.0], [4173.25, 14477.0], [4173.5, 593.0], [4173.75, 5.0], [4177.5, 592.0], [4177.75, 40400.0], [4178.0, 6361.0], [4180.0, 575.0]]}}}
{"jsonrpc": "2.0", "method": "subscription", "params": {"channel": "book.ETH-17OCT25.none.20.100ms", "data": {"timestamp": 1760319116269, "change_id": 91034696867, "instrument_name": "ETH-17OCT25", "bids": [[4160.75, 780.0], [4160.5, 10556.0], [4160.25, 35386.0], [4160.0, 28822.0], [4159.75, 160.0], [4158.5, 203.0], [4158.25, 679.0], [4158.0, 597.0], [4157.75, 1999.0], [4156.75, 210.0], [4156.5, 703.0], [4155.75, 4471.0], [4155.5, 14977.0], [4154.75, 210.0], [4154.5, 702.0], [4153.75, 202.0], [4153.5, 1024.0], [4153.25, 1364.0], [4153.0, 677.0], [4152.75, 7387.0]], "asks": [[4161.25, 22711.0], [4161.5, 3747.0], [4161.75, 5638.0], [4162.0, 2540.0], [4162.75, 1134.0], [4163.0, 5139.0], [4163.25, 7594.0], [4163.5, 10412.0], [4164.5, 210.0], [4164.75, 702.0], [4165.0, 204.0], [4165.25, 682.0], [4168.0, 205.0], [4168.25, 688.0], [4168.5, 4526.0], [4168.75, 15164.0], [4169.25, 22778.0], [4171.25, 673.0], [4171.5, 24311.0], [4173.25, 684.0]]}}}
{"jsonrpc": "2.0", "method": "subscription", "params": {"channel": "book.ETH-24OCT25.none.20.100ms", "data": {"timestamp": 1760319116274, "change_id": 91034696879, "instrument_name": "ETH-24OCT25", "bids": [[4165.25, 22516.0], [4165.0, 2242.0], [4164.75, 7226.0], [4164.5, 20332.0], [4164.25, 160.0], [4160.5, 592.0], [4160.25, 4475.0], [4160.0, 14993.0], [4159.0, 1884.0], [4158.75, 6310.0], [4157.25, 583.0], [4157.0, 5.0], [4156.25, 585.0], [4156.0, 4.0], [4155.25, 1729.0], [4155.0, 20.0], [4154.75, 592.0], [4152.75, 5545.0], [4152.5, 40000.0], [4151.75, 584.0]], "asks": [[4165.75, 370.0], [4166.0, 4227.0], [4166.25, 24262.0], [4166.5, 2146.0], [4167.5, 583.0], [4168.0, 744.0], [4168.25, 5600.0], [4168.5, 10413.0], [4170.75, 582.0], [4171.5, 586.0], [4173.0, 4903.0], [4173.25, 14477.0], [4173.5, 593.0], [4173.75, 5.0], [4177.5, 592.0], [4177.75, 40400.0], [4178.0, 6361.0], [4180.0, 575.0], [4180.25, 4.0], [4181.75, 590.0]]}}}
{"jsonrpc": "2.0", "method": "subscription", "params": {"channel": "book.ETH-17OCT25.none.20.100ms", "data": {"timestamp": 1760319116602, "change_id": 91034697535, "instrument_name": "ETH-17OCT25", "bids": [[4160.75, 5624.0], [4160.5, 14356.0], [4160.25, 35386.0], [4160.0, 28822.0], [4159.75, 160.0], [4158.5, 203.0], [4158.25, 679.0], [4158.0, 597.0], [4157.75, 1999.0], [4156.75, 210.0], [4156.5, 703.0], [4155.75, 4471.0], [4155.5, 14977.0], [4154.75, 210.0], [4154.5, 702.0], [4153.75, 202.0], [4153.5, 1024.0], [4153.25, 1364.0], [4153.0, 677.0], [4152.75, 7387.0]], "asks": [[4161.25, 22711.0], [4161.5, 3747.0], [4161.75, 5638.0], [4162.0, 2540.0], [4162.75, 1134.0], [4163.0, 5139.0], [4163.25, 7594.0], [4163.5, 10412.0], [4164.5, 210.0], [4164.75, 702.0], [4165.0, 204.0], [4165.25, 682.0], [4168.0, 205.0], [4168.25, 688.0], [4168.5, 4526.0], [4168.75, 15164.0], [4169.25, 22778.0], [4171.25, 673.0], [4171.5, 24311.0], [4173.25, 684.0]]}}}
{"jsonrpc": "2.0", "method": "subscription", "params": {"channel": "book.ETH-24OCT25.none.20.100ms", "data": {"timestamp": 1760319116521, "change_id": 91034697329, "instrument_name": "ETH-24OCT25", "bids": [[4165.25, 22516.0], [4165.0, 2242.0], [4164.75, 7226.0], [4164.5, 20332.0], [4164.25, 160.0], [4160.5, 592.0], [4160.25, 4475.0], [4160.0, 14993.0], [4159.0, 1884.0], [4158.75, 6310.0], [4157.25, 583.0], [4157.0, 5.0], [4156.25, 585.0], [4156.0, 4.0], [4155.25, 1729.0], [4155.0, 20.0], [4154.75, 592.0], [4152.75, 5545.0], [4152.5, 40000.0], [4151.75, 584.0]], "asks": [[4165.75, 370.0], [4166.0, 4387.0], [4166.25, 24262.0], [4166.5, 1986.0], [4167.5, 583.0], [4168.0, 744.0], [4168.25, 5600.0], [4168.5, 10413.0], [4170.75, 582.0], [4171.5, 586.0], [4173.0, 4903.0], [4173.25, 14477.0], [4173.5, 593.0], [4173.75, 5.0], [4177.5, 592.0], [4177.75, 40400.0], [4178.0, 6361.0], [4180.0, 575.0], [4180.25, 4.0], [4181.75, 590.0]]}}}
{"jsonrpc": "2.0", "method": "subscription", "params": {"channel": "book.ETH-24OCT25.none.20.100ms", "data": {"timestamp": 1760319116929, "change_id": 91034698369, "instrument_name": "ETH-24OCT25", "bids": [[4165.5, 8783.0], [4165.25, 24243.0], [4165.0, 2242.0], [4164.75, 7226.0], [4164.5, 18605.0], [4164.25, 160.0], [4160.5, 592.0], [4160.25, 4475.0], [4160.0, 14993.0], [4159.0, 1884.0], [4158.75, 6310.0], [4157.25, 583.0], [4157.0, 5.0], [4156.25, 585.0], [4156.0, 4.0], [4155.25, 1729.0], [4155.0, 20.0], [4154.75, 592.0], [4152.75, 5545.0], [4152.5, 40000.0]], "asks": [[4166.0, 160.0], [4166.25, 24262.0], [4166.5, 1986.0], [4167.5, 583.0], [4168.25, 3700.0], [4168.5, 10413.0], [4170.75, 582.0], [4171.5, 586.0], [4173.0, 4903.0], [4173.25, 14477.0], [4173.5, 593.0], [4173.75, 5.0], [4177.5, 592.0], [4177.75, 40400.0], [4178.0, 6361.0], [4180.0, 575.0], [4180.25, 4.0], [4181.75, 590.0], [4182.0, 82.0], [4183.25, 577.0]]}}}
{"jsonrpc": "2.0", "method": "subscription", "params": {"channel": "book.ETH-17OCT25.none.20.100ms", "data": {"timestamp": 1760319116922, "change_id": 91034698391, "instrument_name": "ETH-17OCT25", "bids": [[4160.75, 5624.0], [4160.5, 14356.0], [4160.25, 35546.0], [4160.0, 28822.0], [4158.5, 203.0], [4158.25, 679.0], [4158.0, 597.0], [4157.75, 1999.0], [4156.75, 210.0], [4156.5, 703.0], [4155.75, 4471.0], [4155.5, 14977.0], [4154.75, 210.0], [4154.5, 702.0], [4153.75, 202.0], [4153.5, 1024.0], [4153.25, 1364.0], [4153.0, 677.0], [4152.75, 7387.0], [4152.5, 24747.0]], "asks": [[4161.25, 22000.0], [4161.5, 710.0], [4161.75, 3138.0], [4162.0, 2540.0], [4162.25, 2500.0], [4162.75, 1134.0], [4163.0, 5139.0], [4163.25, 7594.0], [4163.5, 10412.0], [4164.5, 210.0], [4164.75, 702.0], [4165.0, 204.0], [4165.25, 682.0], [4168.0, 205.0], [4168.25, 688.0], [4168.5, 4526.0], [4168.75, 15164.0], [4169.25, 22778.0], [4171.25, 673.0], [4171.5, 24311.0]]}}}
{"jsonrpc": "2.0", "method": "subscription", "params": {"channel": "book.ETH-17OCT25.none.20.100ms", "data": {"timestamp": 1760319117101, "change_id": 91034699241, "instrument_name": "ETH-17OCT25", "bids": [[4161.5, 1710.0], [4161.25, 7512.0], [4161.0, 13917.0], [4160.75, 32044.0], [4160.5, 4714.0], [4160.25, 11548.0], [4160.0, 26442.0], [4158.5, 203.0], [4158.25, 679.0], [4158.0, 597.0], [4157.75, 1999.0], [4156.75, 210.0], [4156.5, 703.0], [4155.75, 4471.0], [4155.5, 14977.0], [4154.75, 210.0], [4154.5, 702.0], [4153.75, 202.0], [4153.5, 964.0], [4153.25, 1364.0]], "asks": [[4162.0, 22746.0], [4162.25, 3746.0], [4162.5, 5638.0], [4162.75, 3674.0], [4163.0, 5139.0], [4163.25, 6908.0], [4163.5, 10412.0], [4164.5, 210.0], [4164.75, 702.0], [4165.0, 204.0], [4165.25, 682.0], [4168.0, 205.0], [4168.25, 688.0], [4168.5, 4526.0], [4168.75, 15164.0], [4169.0, 6799.0], [4169.25, 22778.0], [4171.25, 673.0], [4171.5, 24311.0], [4173.25, 684.0]]}}}
{"jsonrpc": "2.0", "method": "subscription", "params": {"channel": "book.ETH-24OCT25.none.20.100ms", "data": {"timestamp": 1760319117227, "change_id": 91034699176, "instrument_name": "ETH-24OCT25", "bids": [[4165.75, 26258.0], [4165.5, 3943.0], [4165.25, 2249.0], [4165.0, 1727.0], [4164.75, 5500.0], [4164.5, 18605.0], [4160.5, 592.0], [4160.25, 4475.0], [4160.0, 14993.0], [4159.0, 1884.0], [4158.75, 6310.0], [4157.25, 583.0], [4157.0, 5.0], [4156.25, 585.0], [4156.0, 4.0], [4155.25, 1729.0], [4155.0, 20.0], [4154.75, 592.0], [4152.75, 5545.0], [4152.5, 40000.0]], "asks": [[4166.25, 20.0], [4166.5, 4227.0], [4166.75, 24403.0], [4167.0, 1986.0], [4167.5, 583.0], [4168.25, 3700.0], [4168.5, 10413.0], [4170.75, 582.0], [4171.5, 586.0], [4173.0, 4903.0], [4173.25, 14477.0], [4173.5, 593.0], [4173.75, 5.0], [4177.5, 592.0], [4177.75, 40400.0], [4178.0, 6361.0], [4180.0, 575.0], [4180.25, 4.0], [4181.75, 590.0], [4182.0, 82.0]]}}}
{"jsonrpc": "2.0", "method": "subscription", "params": {"channel": "book.ETH-17OCT25.none.20.100ms", "data": {"timestamp": 1760319117424, "change_id": 91034699511, "instrument_name": "ETH-17OCT25", "bids": [[4161.5, 1710.0], [4161.25, 7512.0], [4161.0, 13917.0], [4160.75, 32044.0], [4160.5, 4714.0], [4160.25, 11548.0], [4160.0, 26442.0], [4158.5, 203.0], [4158.25, 679.0], [4158.0, 597.0], [4157.75, 1999.0], [4156.75, 210.0], [4156.5, 703.0], [4155.75, 4471.0], [4155.5, 14977.0], [4154.75, 210.0], [4154.5, 702.0], [4153.75, 202.0], [4153.5, 964.0], [4153.25, 1364.0]], "asks": [[4162.0, 23361.0], [4162.25, 5590.0], [4162.5, 3138.0], [4162.75, 3674.0], [4163.0, 5139.0], [4163.25, 6908.0], [4163.5, 10412.0], [4164.5, 210.0], [4164.75, 702.0], [4165.0, 204.0], [4165.25, 682.0], [4168.0, 205.0], [4168.25, 688.0], [4168.5, 4526.0], [4168.75, 15164.0], [4169.0, 6799.0], [4169.25, 22778.0], [4171.25, 673.0], [4171.5, 24311.0], [4173.25, 684.0]]}}}
{"jsonrpc": "2.0", "method": "subscription", "params": {"channel": "book.ETH-24OCT25.none.20.100ms", "data": {"timestamp": 1760319117509, "change_id": 91034699652, "instrument_name": "ETH-24OCT25", "bids": [[4165.75, 26258.0], [4165.5, 3943.0], [4165.25, 3102.0], [4165.0, 4227.0], [4164.75, 5500.0], [4164.5, 16105.0], [4160.5, 592.0], [4160.25, 4475.0], [4160.0, 14993.0], [4159.0, 1884.0], [4158.75, 6310.0], [4157.25, 583.0], [4157.0, 5.0], [4156.25, 585.0], [4156.0, 4.0], [4155.25, 1729.0], [4155.0, 20.0], [4154.75, 592.0], [4152.75, 5545.0], [4152.5, 40000.0]], "asks": [[4166.25, 20.0], [4166.5, 4227.0], [4166.75, 24403.0], [4167.0, 1986.0], [4167.5, 583.0], [4168.25, 3700.0], [4168.5, 10413.0], [4170.75, 582.0], [4171.5, 586.0], [4173.0, 4903.0], [4173.25, 14477.0], [4173.5, 593.0], [4173.75, 5.0], [4177.5, 592.0], [4177.75, 40400.0], [4178.0, 6361.0], [4180.0, 575.0], [4180.25, 4.0], [4181.75, 590.0], [4182.0, 82.0]]}}}
{"jsonrpc": "2.0", "method": "subscription", "params": {"channel": "book.ETH-17OCT25.none.20.100ms", "data": {"timestamp": 1760319117870, "change_id": 91034700433, "instrument_name": "ETH-17OCT25", "bids": [[4161.5, 1050.0], [4161.25, 5132.0], [4161.0, 12575.0], [4160.75, 27110.0], [4160.25, 7748.0], [4160.0, 26442.0], [4158.5, 203.0], [4158.25, 679.0], [4158.0, 597.0], [4157.75, 1999.0], [4156.75, 210.0], [4156.5, 703.0], [4155.75, 4471.0], [4155.5, 14977.0], [4154.75, 210.0], [4154.5, 702.0], [4153.75, 202.0], [4153.5, 1024.0], [4153.25, 1364.0], [4153.0, 677.0]], "asks": [[4162.0, 23361.0], [4162.25, 5590.0], [4162.5, 3138.0], [4162.75, 3674.0], [4163.0, 5139.0], [4163.25, 6908.0], [4163.5, 10412.0], [4164.5, 210.0], [4164.75, 702.0], [4165.0, 204.0], [4165.25, 682.0], [4168.0, 205.0], [4168.25, 688.0], [4168.5, 4526.0], [4168.75, 15164.0], [4169.0, 6799.0], [4169.25, 22778.0], [4171.25, 673.0], [4171.5, 24311.0], [4173.25, 684.0]]}}}
{"jsonrpc": "2.0", "method": "subscription", "params": {"channel": "book.ETH-24OCT25.none.20.100ms", "data": {"timestamp": 1760319117931, "change_id": 91034700796, "instrument_name": "ETH-24OCT25", "bids": [[4165.75, 22508.0], [4165.5, 2243.0], [4165.25, 3102.0], [4165.0, 4227.0], [4164.75, 5500.0], [4164.5, 16105.0], [4160.5, 592.0], [4160.25, 4475.0], [4160.0, 14993.0], [4159.0, 1884.0], [4158.75, 6310.0], [4157.25, 583.0], [4157.0, 5.0], [4156.25, 585.0], [4156.0, 4.0], [4155.25, 1729.0], [4155.0, 20.0], [4154.75, 592.0], [4152.75, 5545.0], [4152.5, 40000.0]], "asks": [[4166.25, 20.0], [4166.5, 6245.0], [4166.75, 24403.0], [4167.0, 259.0], [4168.25, 3700.0], [4168.5, 10413.0], [4170.75, 582.0], [4171.5, 586.0], [4173.0, 4903.0], [4173.25, 14477.0], [4173.5, 593.0], [4173.75, 5.0], [4177.5, 592.0], [4177.75, 40400.0], [4178.0, 6361.0], [4180.0, 575.0], [4180.25, 4.0], [4181.75, 590.0], [4182.0, 82.0], [4183.25, 577.0]]}}}
