{"jsonrpc": "2.0", "id": 1, "result": ["book.ETH-3OCT25.none.20.100ms"], "usIn": 1758604871031565, "usOut": 1758604871031717, "usDiff": 152, "testnet": false}
{"jsonrpc": "2.0", "method": "subscription", "params": {"channel": "book.ETH-3OCT25.none.20.100ms", "data": {"timestamp": 1758604870533, "change_id": 87595071752, "instrument_name": "ETH-3OCT25", "bids": [[4188.25, 11968.0], [4188.0, 27410.0], [4187.75, 30327.0], [4187.5, 39219.0], [4187.25, 31831.0], [4187.0, 6024.0], [4186.0, 628.0], [4185.75, 4540.0], [4185.5, 38804.0], [4185.25, 22655.0], [4182.75, 629.0], [4182.5, 789.0], [4182.25, 2630.0], [4179.75, 1007.0], [4179.5, 1263.0], [4179.25, 13783.0], [4179.0, 43875.0], [4178.25, 617.0], [4177.25, 2002.0], [4177.0, 5044.0]], "asks": [[4188.5, 6400.0], [4188.75, 53007.0], [4189.0, 86650.0], [4189.25, 21568.0], [4189.5, 12564.0], [4189.75, 160.0], [4190.0, 378.0], [4190.25, 1260.0], [4190.5, 561.0], [4190.75, 1620.0], [4191.75, 9477.0], [4192.0, 31332.0], [4192.25, 624.0], [4193.0, 789.0], [4193.25, 2630.0], [4193.75, 611.0], [4195.25, 620.0], [4196.0, 8.0], [4196.75, 609.0], [4197.75, 13790.0]]}}}
{"jsonrpc": "2.0", "method": "subscription", "params": {"channel": "book.ETH-3OCT25.none.20.100ms", "data": {"timestamp": 1758604873027, "change_id": 87595074480, "instrument_name": "ETH-3OCT25", "bids": [[4188.25, 11968.0], [4188.0, 27410.0], [4187.75, 30327.0], [4187.5, 39219.0], [4187.25, 31831.0], [4187.0, 6024.0], [4186.0, 628.0], [4185.75, 9035.0], [4185.5, 38804.0], [4185.25, 22655.0], [4182.75, 629.0], [4182.5, 789.0], [4182.25, 2630.0], [4179.75, 1007.0], [4179.5, 1263.0], [4179.25, 13783.0], [4179.0, 43875.0], [4178.25, 617.0], [4177.25, 2002.0], [4177.0, 5044.0]], "asks": [[4188.5, 6400.0], [4188.75, 53007.0], [4189.0, 86650.0], [4189.25, 21568.0], [4189.5, 12564.0], [4189.75, 160.0], [4190.0, 378.0], [4190.25, 1260.0], [4190.5, 561.0], [4190.75, 1620.0], [4191.75, 9477.0], [4192.0, 31332.0], [4192.25, 624.0], [4193.0, 789.0], [4193.25, 2630.0], [4193.75, 611.0], [4195.25, 620.0], [4196.0, 8.0], [4196.75, 609.0], [4197.75, 13790.0]]}}}
{"jsonrpc": "2.0", "method": "subscription", "params": {"channel": "book.ETH-3OCT25.none.20.100ms", "data": {"timestamp": 1758604873469, "change_id": 87595074993, "instrument_name": "ETH-3OCT25", "bids": [[4188.25, 11968.0], [4188.0, 27410.0], [4187.75, 30327.0], [4187.5, 39219.0], [4187.25, 31831.0], [4187.0, 6024.0], [4186.0, 628.0], [4185.75, 9035.0], [4185.5, 38804.0], [4185.25, 22655.0], [4182.75, 629.0], [4182.5, 789.0], [4182.25, 2630.0], [4179.75, 1007.0], [4179.5, 14612.0], [4179.25, 44495.0], [4178.25, 617.0], [4177.25, 2002.0], [4177.0, 5044.0], [4176.75, 640.0]], "asks": [[4188.5, 6400.0], [4188.75, 53007.0], [4189.0, 86650.0], [4189.25, 21568.0], [4189.5, 12564.0], [4189.75, 160.0], [4190.0, 378.0], [4190.25, 1260.0], [4190.5, 561.0], [4190.75, 1620.0], [4191.75, 9477.0], [4192.0, 31332.0], [4192.25, 624.0], [4193.0, 789.0], [4193.25, 2630.0], [4193.75, 611.0], [4195.25, 620.0], [4196.0, 8.0], [4196.75, 609.0], [4197.75, 13790.0]]}}}
{"jsonrpc": "2.0", "method": "subscription", "params": {"channel": "book.ETH-3OCT25.none.20.100ms", "data": {"timestamp": 1758604873641, "change_id": 87595075318, "instrument_name": "ETH-3OCT25", "bids": [[4188.25, 11968.0], [4188.0, 27410.0], [4187.75, 27244.0], [4187.5, 39219.0], [4187.25, 31831.0], [4187.0, 6024.0], [4186.0, 628.0], [4185.75, 9035.0], [4185.5, 38804.0], [4185.25, 22655.0], [4182.75, 629.0], [4182.5, 789.0], [4182.25, 2630.0], [4179.75, 1007.0], [4179.5, 14612.0], [4179.25, 44495.0], [4178.25, 617.0], [4177.25, 2002.0], [4177.0, 5044.0], [4176.75, 640.0]], "asks": [[4188.5, 6400.0], [4188.75, 53007.0], [4189.0, 86650.0], [4189.25, 21568.0], [4189.5, 12564.0], [4189.75, 160.0], [4190.0, 378.0], [4190.25, 1260.0], [4190.5, 561.0], [4190.75, 1620.0], [4191.75, 9477.0], [4192.0, 31332.0], [4192.25, 624.0], [4193.0, 789.0], [4193.25, 2630.0], [4193.75, 611.0], [4195.25, 620.0], [4196.0, 8.0], [4196.75, 609.0], [4197.75, 13790.0]]}}}
{"jsonrpc": "2.0", "method": "subscription", "params": {"channel": "book.ETH-3OCT25.none.20.100ms", "data": {"timestamp": 1758604875641, "change_id": 87595077823, "instrument_name": "ETH-3OCT25", "bids": [[4188.25, 11968.0], [4188.0, 27410.0], [4187.75, 29053.0], [4187.5, 39219.0], [4187.25, 31831.0], [4187.0, 6024.0], [4186.0, 628.0], [4185.75, 9035.0], [4185.5, 38804.0], [4185.25, 22655.0], [4182.75, 629.0], [4182.5, 789.0], [4182.25, 2630.0], [4179.75, 1007.0], [4179.5, 14612.0], [4179.25, 44495.0], [4178.25, 617.0], [4177.25, 2002.0], [4177.0, 11259.0], [4176.75, 640.0]], "asks": [[4188.5, 6400.0], [4188.75, 53007.0], [4189.0, 86650.0], [4189.25, 21568.0], [4189.5, 12564.0], [4189.75, 160.0], [4190.0, 378.0], [4190.25, 1260.0], [4190.5, 561.0], [4190.75, 1620.0], [4191.75, 9477.0], [4192.0, 31332.0], [4192.25, 624.0], [4193.0, 789.0], [4193.25, 2630.0], [4193.75, 611.0], [4195.25, 620.0], [4196.0, 8.0], [4196.75, 609.0], [4197.75, 13790.0]]}}}
{"jsonrpc": "2.0", "method": "subscription", "params": {"channel": "book.ETH-3OCT25.none.20.100ms", "data": {"timestamp": 1758604876411, "change_id": 87595078689, "instrument_name": "ETH-3OCT25", "bids": [[4188.25, 11968.0], [4188.0, 29724.0], [4187.75, 30461.0], [4187.5, 61951.0], [4187.25, 7831.0], [4187.0, 6024.0], [4186.0, 628.0], [4185.75, 9035.0], [4185.5, 38804.0], [4185.25, 22655.0], [4182.75, 629.0], [4182.5, 789.0], [4182.25, 2630.0], [4179.75, 1007.0], [4179.5, 14612.0], [4179.25, 44495.0], [4178.25, 617.0], [4177.25, 2002.0], [4177.0, 11259.0], [4176.75, 640.0]], "asks": [[4188.5, 6400.0], [4188.75, 53007.0], [4189.0, 86650.0], [4189.25, 21568.0], [4189.5, 12564.0], [4189.75, 160.0], [4190.0, 378.0], [4190.25, 1260.0], [4190.5, 561.0], [4190.75, 1620.0], [4191.75, 9477.0], [4192.0, 31332.0], [4192.25, 624.0], [4193.0, 789.0], [4193.25, 2630.0], [4193.75, 611.0], [4195.25, 620.0], [4196.0, 8.0], [4196.75, 609.0], [4197.75, 13790.0]]}}}
{"jsonrpc": "2.0", "method": "subscription", "params": {"channel": "book.ETH-3OCT25.none.20.100ms", "data": {"timestamp": 1758604876612, "change_id": 87595079086, "instrument_name": "ETH-3OCT25", "bids": [[4188.25, 11968.0], [4188.0, 27410.0], [4187.75, 30461.0], [4187.5, 37951.0], [4187.25, 11119.0], [4187.0, 30024.0], [4186.0, 628.0], [4185.75, 9035.0], [4185.5, 38804.0], [4185.25, 22655.0], [4182.75, 629.0], [4182.5, 789.0], [4182.25, 2630.0], [4179.75, 1007.0], [4179.5, 14612.0], [4179.25, 44495.0], [4178.25, 617.0], [4177.25, 2002.0], [4177.0, 11259.0], [4176.75, 640.0]], "asks": [[4188.5, 6400.0], [4188.75, 53007.0], [4189.0, 86650.0], [4189.25, 21568.0], [4189.5, 12564.0], [4189.75, 160.0], [4190.0, 378.0], [4190.25, 1260.0], [4190.5, 561.0], [4190.75, 1620.0], [4191.75, 9477.0], [4192.0, 31332.0], [4192.25, 624.0], [4193.0, 789.0], [4193.25, 2630.0], [4193.75, 611.0], [4195.25, 620.0], [4196.0, 8.0], [4196.75, 609.0], [4197.75, 13790.0]]}}}
{"jsonrpc": "2.0", "method": "subscription", "params": {"channel": "book.ETH-3OCT25.none.20.100ms", "data": {"timestamp": 1758604878110, "change_id": 87595081006, "instrument_name": "ETH-3OCT25", "bids": [[4188.25, 11968.0], [4188.0, 27410.0], [4187.75, 27244.0], [4187.5, 37951.0], [4187.25, 11119.0], [4187.0, 30024.0], [4186.0, 628.0], [4185.75, 9035.0], [4185.5, 38804.0], [4185.25, 22655.0], [4182.75, 629.0], [4182.5, 789.0], [4182.25, 2630.0], [4179.75, 1007.0], [4179.5, 14612.0], [4179.25, 44495.0], [4178.25, 617.0], [4177.25, 2002.0], [4177.0, 11259.0], [4176.75, 640.0]], "asks": [[4188.5, 6400.0], [4188.75, 53007.0], [4189.0, 86650.0], [4189.25, 21568.0], [4189.5, 12564.0], [4189.75, 160.0], [4190.0, 378.0], [4190.25, 1260.0], [4190.5, 561.0], [4190.75, 1620.0], [4191.75, 9477.0], [4192.0, 31332.0], [4192.25, 624.0], [4193.0, 789.0], [4193.25, 2630.0], [4193.75, 611.0], [4195.25, 620.0], [4196.0, 8.0], [4196.75, 609.0], [4197.75, 13790.0]]}}}
{"jsonrpc": "2.0", "method": "subscription", "params": {"channel": "book.ETH-3OCT25.none.20.100ms", "data": {"timestamp": 1758604878432, "change_id": 87595081573, "instrument_name": "ETH-3OCT25", "bids": [[4188.25, 11968.0], [4188.0, 6190.0], [4187.75, 6024.0], [4187.5, 27244.0], [4187.25, 11119.0], [4187.0, 38783.0], [4186.0, 628.0], [4185.75, 4540.0], [4185.5, 21929.0], [4185.25, 39530.0], [4182.75, 629.0], [4182.5, 789.0], [4182.25, 2630.0], [4179.75, 1007.0], [4179.5, 14612.0], [4179.25, 44495.0], [4178.25, 617.0], [4177.25, 2002.0], [4177.0, 11259.0], [4176.75, 640.0]], "asks": [[4188.5, 6400.0], [4188.75, 57185.0], [4189.0, 86650.0], [4189.25, 24946.0], [4189.5, 12564.0], [4189.75, 160.0], [4190.0, 998.0], [4190.25, 1260.0], [4190.5, 561.0], [4190.75, 1620.0], [4191.75, 9477.0], [4192.0, 31332.0], [4192.25, 624.0], [4193.0, 789.0], [4193.25, 2630.0], [4193.75, 611.0], [4195.25, 620.0], [4196.0, 8.0], [4196.75, 609.0], [4197.75, 13790.0]]}}}
{"jsonrpc": "2.0", "method": "subscription", "params": {"channel": "book.ETH-3OCT25.none.20.100ms", "data": {"timestamp": 1758604878751, "change_id": 87595082143, "instrument_name": "ETH-3OCT25", "bids": [[4188.25, 11968.0], [4188.0, 27250.0], [4187.75, 27244.0], [4187.5, 27244.0], [4187.25, 11279.0], [4187.0, 38783.0], [4186.0, 628.0], [4185.75, 4540.0], [4185.5, 21929.0], [4185.25, 39530.0], [4182.75, 629.0], [4182.5, 789.0], [4182.25, 2630.0], [4179.75, 1007.0], [4179.5, 14612.0], [4179.25, 44495.0], [4178.25, 617.0], [4177.25, 2002.0], [4177.0, 5044.0], [4176.75, 640.0]], "asks": [[4188.5, 6400.0], [4188.75, 57185.0], [4189.0, 86650.0], [4189.25, 21728.0], [4190.0, 998.0], [4190.25, 1260.0], [4190.5, 561.0], [4190.75, 1620.0], [4191.75, 9477.0], [4192.0, 31332.0], [4192.25, 624.0], [4193.0, 789.0], [4193.25, 2630.0], [4193.75, 611.0], [4195.25, 620.0], [4196.0, 8.0], [4196.75, 609.0], [4197.75, 13790.0], [4198.0, 43875.0], [4198.25, 2002.0]]}}}
{"jsonrpc": "2.0", "method": "subscription", "params": {"channel": "book.ETH-3OCT25.none.20.100ms", "data": {"timestamp": 1758604879121, "change_id": 87595082688, "instrument_name": "ETH-3OCT25", "bids": [[4188.25, 1250.0], [4188.0, 6030.0], [4187.75, 27244.0], [4187.5, 27244.0], [4187.25, 11279.0], [4187.0, 38783.0], [4186.0, 628.0], [4185.75, 4540.0], [4185.5, 21929.0], [4185.25, 22655.0], [4182.75, 629.0], [4182.5, 789.0], [4182.25, 2630.0], [4179.75, 1007.0], [4179.5, 14612.0], [4179.25, 44495.0], [4178.25, 617.0], [4177.25, 2002.0], [4177.0, 5044.0], [4176.75, 640.0]], "asks": [[4188.5, 6400.0], [4188.75, 57185.0], [4189.0, 115552.0], [4189.25, 21728.0], [4190.0, 998.0], [4190.25, 1260.0], [4190.5, 561.0], [4190.75, 1620.0], [4191.75, 9477.0], [4192.0, 31332.0], [4192.25, 624.0], [4193.0, 789.0], [4193.25, 2630.0], [4193.75, 611.0], [4195.25, 620.0], [4196.0, 8.0], [4196.75, 609.0], [4197.75, 13790.0], [4198.0, 43875.0], [4198.25, 2002.0]]}}}
{"jsonrpc": "2.0", "method": "subscription", "params": {"channel": "book.ETH-3OCT25.none.20.100ms", "data": {"timestamp": 1758604879256, "change_id": 87595082820, "instrument_name": "ETH-3OCT25", "bids": [[4188.25, 11968.0], [4188.0, 27250.0], [4187.75, 27244.0], [4187.5, 27244.0], [4187.25, 11279.0], [4187.0, 38783.0], [4186.0, 628.0], [4185.75, 4540.0], [4185.5, 21929.0], [4185.25, 22655.0], [4185.0, 16875.0], [4182.75, 629.0], [4182.5, 789.0], [4182.25, 2630.0], [4179.75, 1007.0], [4179.5, 14612.0], [4179.25, 44495.0], [4178.25, 617.0], [4177.25, 2002.0], [4177.0, 5044.0]], "asks": [[4188.5, 6400.0], [4188.75, 57185.0], [4189.0, 115552.0], [4189.25, 21728.0], [4190.0, 998.0], [4190.25, 1260.0], [4190.5, 561.0], [4190.75, 1620.0], [4191.75, 9477.0], [4192.0, 31332.0], [4192.25, 624.0], [4193.0, 789.0], [4193.25, 2630.0], [4193.75, 611.0], [4195.25, 620.0], [4196.0, 8.0], [4196.75, 609.0], [4197.75, 13790.0], [4198.0, 43875.0], [4198.25, 2002.0]]}}}
{"jsonrpc": "2.0", "method": "subscription", "params": {"channel": "book.ETH-3OCT25.none.20.100ms", "data": {"timestamp": 1758604880105, "change_id": 87595084041, "instrument_name": "ETH-3OCT25", "bids": [[4188.25, 11968.0], [4188.0, 27250.0], [4187.75, 27404.0], [4187.5, 37858.0], [4187.25, 11119.0], [4187.0, 30024.0], [4186.0, 628.0], [4185.75, 4540.0], [4185.5, 21929.0], [4185.25, 27718.0], [4185.0, 16875.0], [4182.75, 629.0], [4182.5, 789.0], [4182.25, 2630.0], [4179.75, 1007.0], [4179.5, 14612.0], [4179.25, 44495.0], [4178.25, 617.0], [4177.25, 2002.0], [4177.0, 5044.0]], "asks": [[4188.5, 6400.0], [4188.75, 57185.0], [4189.0, 115552.0], [4189.25, 21728.0], [4190.0, 998.0], [4190.25, 1260.0], [4190.5, 561.0], [4190.75, 1620.0], [4191.75, 9477.0], [4192.0, 31332.0], [4192.25, 624.0], [4193.0, 789.0], [4193.25, 2630.0], [4193.75, 611.0], [4195.25, 620.0], [4196.0, 8.0], [4196.75, 609.0], [4197.75, 13790.0], [4198.0, 43875.0], [4198.25, 2002.0]]}}}
{"jsonrpc": "2.0", "method": "subscription", "params": {"channel": "book.ETH-3OCT25.none.20.100ms", "data": {"timestamp": 1758604882410, "change_id": 87595086750, "instrument_name": "ETH-3OCT25", "bids": [[4188.25, 11968.0], [4188.0, 27250.0], [4187.75, 27404.0], [4187.5, 37858.0], [4187.25, 11119.0], [4187.0, 30024.0], [4186.0, 628.0], [4185.75, 4540.0], [4185.5, 21929.0], [4185.25, 27718.0], [4185.0, 16875.0], [4182.75, 629.0], [4182.5, 789.0], [4182.25, 2630.0], [4179.75, 1007.0], [4179.5, 14612.0], [4179.25, 44495.0], [4178.25, 617.0], [4177.25, 2002.0], [4177.0, 5044.0]], "asks": [[4188.5, 6400.0], [4188.75, 57185.0], [4189.0, 115552.0], [4189.25, 21728.0], [4190.0, 998.0], [4190.25, 1260.0], [4190.5, 561.0], [4190.75, 1620.0], [4191.75, 9477.0], [4192.0, 31332.0], [4192.25, 624.0], [4193.0, 789.0], [4193.25, 2630.0], [4193.75, 611.0], [4195.25, 620.0], [4196.0, 8.0], [4196.75, 609.0], [4197.75, 13790.0], [4198.0, 43875.0], [4198.25, 2002.0]]}}}
{"jsonrpc": "2.0", "method": "subscription", "params": {"channel": "book.ETH-3OCT25.none.20.100ms", "data": {"timestamp": 1758604882869, "change_id": 87595087273, "instrument_name": "ETH-3OCT25", "bids": [[4188.25, 11968.0], [4188.0, 27250.0], [4187.75, 27404.0], [4187.5, 37858.0], [4187.25, 11119.0], [4187.0, 30024.0], [4186.0, 628.0], [4185.75, 4540.0], [4185.5, 21929.0], [4185.25, 27718.0], [4185.0, 16875.0], [4182.75, 629.0], [4182.5, 789.0], [4182.25, 2630.0], [4179.75, 1007.0], [4179.5, 1263.0], [4179.25, 13783.0], [4179.0, 43875.0], [4178.25, 617.0], [4177.25, 2002.0]], "asks": [[4188.5, 6400.0], [4188.75, 57185.0], [4189.0, 115552.0], [4189.25, 21728.0], [4190.0, 998.0], [4190.25, 1260.0], [4190.5, 561.0], [4190.75, 1620.0], [4191.75, 9477.0], [4192.0, 31332.0], [4192.25, 624.0], [4193.0, 789.0], [4193.25, 2630.0], [4193.75, 611.0], [4195.25, 620.0], [4196.0, 8.0], [4196.75, 609.0], [4197.75, 13790.0], [4198.0, 43875.0], [4198.25, 2002.0]]}}}
{"jsonrpc": "2.0", "method": "subscription", "params": {"channel": "book.ETH-3OCT25.none.20.100ms", "data": {"timestamp": 1758604883353, "change_id": 87595087840, "instrument_name": "ETH-3OCT25", "bids": [[4188.25, 11968.0], [4188.0, 27250.0], [4187.75, 29921.0], [4187.5, 37858.0], [4187.25, 11119.0], [4187.0, 30024.0], [4186.0, 628.0], [4185.75, 4540.0], [4185.5, 21929.0], [4185.25, 27718.0], [4185.0, 16875.0], [4182.75, 629.0], [4182.5, 789.0], [4182.25, 2630.0], [4179.75, 1007.0], [4179.5, 1263.0], [4179.25, 13783.0], [4179.0, 43875.0], [4178.25, 617.0], [4177.25, 2002.0]], "asks": [[4188.5, 6400.0], [4188.75, 57185.0], [4189.0, 115552.0], [4189.25, 21728.0], [4190.0, 998.0], [4190.25, 1260.0], [4190.5, 561.0], [4190.75, 1620.0], [4191.75, 9477.0], [4192.0, 31332.0], [4192.25, 624.0], [4193.0, 789.0], [4193.25, 2630.0], [4193.75, 611.0], [4195.25, 620.0], [4196.0, 8.0], [4196.75, 609.0], [4197.75, 13790.0], [4198.0, 43875.0], [4198.25, 2002.0]]}}}
{"jsonrpc": "2.0", "method": "subscription", "params": {"channel": "book.ETH-3OCT25.none.20.100ms", "data": {"timestamp": 1758604883763, "change_id": 87595089150, "instrument_name": "ETH-3OCT25", "bids": [[4188.25, 25985.0], [4188.0, 33450.0], [4187.75, 32359.0], [4187.5, 52509.0], [4187.25, 6024.0], [4187.0, 6024.0], [4186.0, 628.0], [4185.5, 15132.0], [4185.25, 22655.0], [4185.0, 16875.0], [4182.75, 629.0], [4182.25, 2630.0], [4180.25, 620.0], [4179.75, 19926.0], [4179.5, 1263.0], [4179.25, 13783.0], [4179.0, 43875.0], [4178.25, 617.0], [4177.25, 2002.0], [4177.0, 5044.0]], "asks": [[4188.75, 16171.0], [4189.0, 50400.0], [4189.25, 6430.0], [4189.5, 29979.0], [4190.0, 160.0], [4190.25, 10.0], [4190.75, 1620.0], [4191.25, 1250.0], [4191.75, 620.0], [4192.25, 624.0], [4193.25, 628.0], [4193.75, 611.0], [4194.5, 14316.0], [4194.75, 620.0], [4195.0, 6310.0], [4195.25, 620.0], [4196.0, 8.0], [4196.75, 19184.0], [4197.75, 627.0], [4198.0, 43875.0]]}}}
{"jsonrpc": "2.0", "method": "subscription", "params": {"channel": "book.ETH-3OCT25.none.20.100ms", "data": {"timestamp": 1758604884090, "change_id": 87595089670, "instrument_name": "ETH-3OCT25", "bids": [[4188.25, 25985.0], [4188.0, 33450.0], [4187.75, 32359.0], [4187.5, 52509.0], [4187.25, 6024.0], [4187.0, 6024.0], [4186.0, 628.0], [4185.5, 15132.0], [4185.25, 22655.0], [4185.0, 16875.0], [4182.75, 629.0], [4182.25, 2630.0], [4180.25, 620.0], [4179.75, 19926.0], [4179.5, 1263.0], [4179.25, 13783.0], [4179.0, 43875.0], [4178.25, 617.0], [4177.25, 2002.0], [4177.0, 5044.0]], "asks": [[4188.75, 16171.0], [4189.0, 75285.0], [4189.25, 38368.0], [4189.5, 29979.0], [4190.0, 160.0], [4190.25, 10.0], [4190.75, 2870.0], [4191.5, 14418.0], [4191.75, 620.0], [4192.25, 17499.0], [4193.25, 628.0], [4193.75, 611.0], [4194.75, 620.0], [4195.0, 6310.0], [4195.25, 620.0], [4196.0, 8.0], [4196.75, 19184.0], [4197.75, 627.0], [4198.0, 43875.0], [4198.5, 631.0]]}}}
{"jsonrpc": "2.0", "method": "subscription", "params": {"channel": "book.ETH-3OCT25.none.20.100ms", "data": {"timestamp": 1758604884235, "change_id": 87595089760, "instrument_name": "ETH-3OCT25", "bids": [[4188.25, 25985.0], [4188.0, 33450.0], [4187.75, 32359.0], [4187.5, 52509.0], [4187.25, 6024.0], [4187.0, 6024.0], [4186.0, 628.0], [4185.5, 15132.0], [4185.25, 22655.0], [4185.0, 16875.0], [4182.75, 629.0], [4182.5, 6215.0], [4182.25, 2630.0], [4180.25, 620.0], [4179.75, 19926.0], [4179.5, 1263.0], [4179.25, 13783.0], [4179.0, 43875.0], [4178.25, 617.0], [4177.25, 2002.0]], "asks": [[4188.75, 16171.0], [4189.0, 75285.0], [4189.25, 38368.0], [4189.5, 29979.0], [4189.75, 27811.0], [4190.0, 160.0], [4190.25, 10.0], [4190.75, 2870.0], [4191.5, 14418.0], [4191.75, 620.0], [4192.25, 17499.0], [4193.25, 628.0], [4193.75, 611.0], [4194.75, 620.0], [4195.0, 6310.0], [4195.25, 620.0], [4196.0, 8.0], [4196.75, 19184.0], [4197.75, 627.0], [4198.0, 43875.0]]}}}
{"jsonrpc": "2.0", "method": "subscription", "params": {"channel": "book.ETH-3OCT25.none.20.100ms", "data": {"timestamp": 1758604884765, "change_id": 87595090474, "instrument_name": "ETH-3OCT25", "bids": [[4188.25, 18158.0], [4188.0, 33450.0], [4187.75, 32359.0], [4187.5, 52509.0], [4187.25, 6024.0], [4186.0, 628.0], [4185.5, 21929.0], [4185.25, 22655.0], [4185.0, 16875.0], [4182.75, 2494.0], [4182.5, 6215.0], [4182.25, 2630.0], [4180.25, 620.0], [4180.0, 5978.0], [4179.75, 19926.0], [4179.5, 1263.0], [4179.25, 13783.0], [4179.0, 43875.0], [4178.25, 617.0], [4177.25, 2002.0]], "asks": [[4188.75, 16171.0], [4189.0, 75285.0], [4189.25, 38368.0], [4189.5, 29979.0], [4189.75, 27811.0], [4190.0, 160.0], [4190.25, 10.0], [4190.5, 861.0], [4190.75, 2870.0], [4191.5, 14418.0], [4191.75, 620.0], [4192.0, 5250.0], [4192.25, 17499.0], [4193.25, 628.0], [4193.75, 611.0], [4194.75, 2513.0], [4195.0, 6310.0], [4195.25, 620.0], [4196.0, 8.0], [4196.5, 5755.0]]}}}
{"jsonrpc": "2.0", "method": "subscription", "params": {"channel": "book.ETH-3OCT25.none.20.100ms", "data": {"timestamp": 1758604884836, "change_id": 87595090514, "instrument_name": "ETH-3OCT25", "bids": [[4188.25, 18158.0], [4188.0, 33450.0], [4187.75, 41118.0], [4187.5, 52509.0], [4187.25, 6024.0], [4186.0, 628.0], [4185.5, 21929.0], [4185.25, 22655.0], [4185.0, 16875.0], [4182.75, 2494.0], [4182.5, 6215.0], [4182.25, 2630.0], [4180.25, 620.0], [4180.0, 5978.0], [4179.75, 19926.0], [4179.5, 1263.0], [4179.25, 13783.0], [4179.0, 43875.0], [4178.25, 617.0], [4177.25, 2002.0]], "asks": [[4188.75, 18130.0], [4189.0, 84044.0], [4189.25, 38368.0], [4189.5, 21220.0], [4189.75, 27811.0], [4190.0, 160.0], [4190.25, 10.0], [4190.5, 861.0], [4190.75, 2870.0], [4191.5, 14418.0], [4191.75, 620.0], [4192.0, 5250.0], [4192.25, 17499.0], [4193.25, 628.0], [4193.5, 2002.0], [4193.75, 611.0], [4194.75, 2513.0], [4195.0, 6310.0], [4195.25, 620.0], [4196.0, 8.0]]}}}
{"jsonrpc": "2.0", "method": "subscription", "params": {"channel": "book.ETH-3OCT25.none.20.100ms", "data": {"timestamp": 1758604885382, "change_id": 87595091152, "instrument_name": "ETH-3OCT25", "bids": [[4188.25, 18158.0], [4188.0, 33450.0], [4187.75, 41118.0], [4187.5, 52509.0], [4187.25, 6024.0], [4186.0, 628.0], [4185.5, 21929.0], [4185.25, 22655.0], [4185.0, 16875.0], [4182.75, 629.0], [4182.25, 2630.0], [4180.5, 6215.0], [4180.25, 620.0], [4180.0, 5978.0], [4179.75, 19926.0], [4179.5, 1263.0], [4179.25, 13783.0], [4179.0, 43875.0], [4178.25, 617.0], [4177.25, 2002.0]], "asks": [[4188.75, 18130.0], [4189.0, 84044.0], [4189.25, 38368.0], [4189.5, 21220.0], [4189.75, 27811.0], [4190.0, 160.0], [4190.25, 10.0], [4190.5, 861.0], [4190.75, 2870.0], [4191.5, 14418.0], [4191.75, 620.0], [4192.0, 5250.0], [4192.25, 17499.0], [4193.25, 628.0], [4193.5, 2002.0], [4193.75, 611.0], [4194.75, 2513.0], [4195.0, 6310.0], [4195.25, 620.0], [4196.0, 8.0]]}}}
{"jsonrpc": "2.0", "method": "subscription", "params": {"channel": "book.ETH-3OCT25.none.20.100ms", "data": {"timestamp": 1758604885538, "change_id": 87595091397, "instrument_name": "ETH-3OCT25", "bids": [[4188.25, 18158.0], [4188.0, 33450.0], [4187.75, 41118.0], [4187.5, 52509.0], [4187.25, 6024.0], [4186.0, 628.0], [4185.5, 21929.0], [4185.25, 22655.0], [4185.0, 16875.0], [4182.75, 629.0], [4182.25, 2630.0], [4180.75, 6215.0], [4180.25, 620.0], [4180.0, 5978.0], [4179.75, 19926.0], [4179.5, 1263.0], [4179.25, 13783.0], [4179.0, 43875.0], [4178.25, 617.0], [4177.25, 2002.0]], "asks": [[4188.5, 6400.0], [4188.75, 39350.0], [4189.0, 84044.0], [4189.25, 34566.0], [4189.75, 27811.0], [4190.0, 160.0], [4190.25, 10.0], [4190.5, 861.0], [4190.75, 2870.0], [4191.5, 14418.0], [4191.75, 620.0], [4192.0, 5250.0], [4192.25, 17499.0], [4193.25, 628.0], [4193.5, 2002.0], [4193.75, 611.0], [4194.75, 2513.0], [4195.0, 6310.0], [4195.25, 620.0], [4196.0, 8.0]]}}}
{"jsonrpc": "2.0", "method": "subscription", "params": {"channel": "book.ETH-3OCT25.none.20.100ms", "data": {"timestamp": 1758604885945, "change_id": 87595091838, "instrument_name": "ETH-3OCT25", "bids": [[4188.25, 18158.0], [4188.0, 33450.0], [4187.75, 41118.0], [4187.5, 52509.0], [4187.25, 6024.0], [4186.0, 628.0], [4185.5, 21929.0], [4185.25, 27718.0], [4185.0, 16875.0], [4182.75, 629.0], [4182.5, 789.0], [4182.25, 2630.0], [4180.75, 6215.0], [4180.25, 620.0], [4180.0, 5978.0], [4179.75, 20305.0], [4179.5, 1263.0], [4179.25, 13783.0], [4179.0, 43875.0], [4178.25, 617.0]], "asks": [[4188.5, 6400.0], [4188.75, 18130.0], [4189.0, 75285.0], [4189.25, 43325.0], [4189.75, 27811.0], [4190.0, 160.0], [4190.25, 10.0], [4190.5, 861.0], [4190.75, 2870.0], [4191.25, 4956.0], [4191.5, 14418.0], [4191.75, 620.0], [4192.0, 5250.0], [4192.25, 17499.0], [4193.25, 628.0], [4193.75, 611.0], [4194.75, 2513.0], [4195.0, 6310.0], [4195.25, 620.0], [4196.0, 8.0]]}}}
{"jsonrpc": "2.0", "method": "subscription", "params": {"channel": "book.ETH-3OCT25.none.20.100ms", "data": {"timestamp": 1758604886951, "change_id": 87595093142, "instrument_name": "ETH-3OCT25", "bids": [[4188.25, 26917.0], [4188.0, 33450.0], [4187.75, 56359.0], [4187.5, 28509.0], [4187.25, 6024.0], [4186.0, 628.0], [4185.75, 4540.0], [4185.5, 21929.0], [4185.25, 27718.0], [4185.0, 16875.0], [4182.75, 629.0], [4182.5, 789.0], [4182.25, 2630.0], [4181.0, 1865.0], [4180.75, 6215.0], [4180.25, 620.0], [4180.0, 5978.0], [4179.75, 20305.0], [4179.5, 1263.0], [4179.25, 13783.0]], "asks": [[4188.5, 6400.0], [4188.75, 18130.0], [4189.0, 75285.0], [4189.25, 43325.0], [4190.0, 160.0], [4190.25, 10.0], [4190.5, 861.0], [4190.75, 2870.0], [4191.25, 4956.0], [4191.5, 14418.0], [4191.75, 620.0], [4192.0, 5250.0], [4192.25, 17499.0], [4193.25, 628.0], [4193.75, 611.0], [4194.75, 2513.0], [4195.0, 6310.0], [4195.25, 620.0], [4196.0, 8.0], [4196.5, 5755.0]]}}}
{"jsonrpc": "2.0", "method": "subscription", "params": {"channel": "book.ETH-3OCT25.none.20.100ms", "data": {"timestamp": 1758604887316, "change_id": 87595093492, "instrument_name": "ETH-3OCT25", "bids": [[4188.25, 26917.0], [4188.0, 33450.0], [4187.75, 32359.0], [4187.5, 28509.0], [4187.25, 30024.0], [4186.0, 628.0], [4185.75, 4540.0], [4185.5, 21929.0], [4185.25, 27718.0], [4185.0, 16875.0], [4182.75, 629.0], [4182.5, 789.0], [4182.25, 2630.0], [4181.0, 1865.0], [4180.75, 6215.0], [4180.25, 620.0], [4180.0, 5978.0], [4179.75, 20305.0], [4179.5, 1263.0], [4179.25, 13783.0]], "asks": [[4188.5, 6400.0], [4188.75, 18130.0], [4189.0, 75285.0], [4189.25, 43325.0], [4190.0, 160.0], [4190.25, 10.0], [4190.5, 861.0], [4190.75, 2870.0], [4191.25, 4956.0], [4191.5, 14418.0], [4191.75, 620.0], [4192.0, 5250.0], [4192.25, 17499.0], [4193.25, 628.0], [4193.75, 611.0], [4194.75, 2513.0], [4195.0, 6310.0], [4195.25, 620.0], [4196.0, 8.0], [4196.5, 5755.0]]}}}
{"jsonrpc": "2.0", "method": "subscription", "params": {"channel": "book.ETH-3OCT25.none.20.100ms", "data": {"timestamp": 1758604888473, "change_id": 87595094830, "instrument_name": "ETH-3OCT25", "bids": [[4188.25, 26917.0], [4188.0, 33450.0], [4187.75, 32359.0], [4187.5, 28509.0], [4187.25, 30024.0], [4186.75, 631.0], [4186.0, 5691.0], [4185.75, 21415.0], [4185.5, 21929.0], [4185.25, 22655.0], [4182.75, 629.0], [4182.5, 789.0], [4182.25, 2630.0], [4181.0, 1865.0], [4180.75, 6215.0], [4180.25, 620.0], [4180.0, 5978.0], [4179.75, 20305.0], [4179.5, 1263.0], [4179.25, 13783.0]], "asks": [[4188.5, 6400.0], [4188.75, 18130.0], [4189.0, 75285.0], [4189.25, 43325.0], [4190.0, 160.0], [4190.25, 10.0], [4190.5, 861.0], [4190.75, 2870.0], [4191.25, 4956.0], [4191.5, 14418.0], [4191.75, 620.0], [4192.0, 5250.0], [4192.25, 17499.0], [4193.25, 628.0], [4193.75, 611.0], [4194.75, 2513.0], [4195.0, 6310.0], [4195.25, 620.0], [4196.0, 8.0], [4196.5, 5755.0]]}}}
{"jsonrpc": "2.0", "method": "subscription", "params": {"channel": "book.ETH-3OCT25.none.20.100ms", "data": {"timestamp": 1758604889014, "change_id": 87595095536, "instrument_name": "ETH-3OCT25", "bids": [[4188.25, 18158.0], [4188.0, 33450.0], [4187.75, 41118.0], [4187.5, 28509.0], [4187.25, 30024.0], [4186.75, 631.0], [4186.0, 5691.0], [4185.75, 21415.0], [4185.5, 21929.0], [4185.25, 22655.0], [4182.75, 629.0], [4182.5, 789.0], [4182.25, 2630.0], [4181.0, 1865.0], [4180.75, 6215.0], [4180.25, 620.0], [4180.0, 5978.0], [4179.75, 20305.0], [4179.5, 1263.0], [4179.25, 13783.0]], "asks": [[4188.5, 6400.0], [4188.75, 39350.0], [4189.0, 75285.0], [4189.25, 43325.0], [4190.0, 160.0], [4190.25, 10.0], [4190.5, 861.0], [4190.75, 2870.0], [4191.25, 4956.0], [4191.5, 14418.0], [4191.75, 620.0], [4192.0, 5250.0], [4192.25, 17499.0], [4193.25, 628.0], [4193.75, 611.0], [4194.75, 2513.0], [4195.0, 6310.0], [4195.25, 620.0], [4196.0, 8.0], [4196.5, 5755.0]]}}}
{"jsonrpc": "2.0", "method": "subscription", "params": {"channel": "book.ETH-3OCT25.none.20.100ms", "data": {"timestamp": 1758604891074, "change_id": 87595097909, "instrument_name": "ETH-3OCT25", "bids": [[4188.25, 18158.0], [4188.0, 33450.0], [4187.75, 41118.0], [4187.5, 28509.0], [4187.25, 30024.0], [4186.75, 631.0], [4186.0, 5691.0], [4185.75, 21415.0], [4185.5, 21929.0], [4185.25, 22655.0], [4182.75, 2494.0], [4182.5, 7004.0], [4182.25, 2630.0], [4180.25, 620.0], [4180.0, 5978.0], [4179.75, 20305.0], [4179.5, 1263.0], [4179.25, 13783.0], [4179.0, 43875.0], [4178.25, 617.0]], "asks": [[4188.5, 6400.0], [4188.75, 39350.0], [4189.0, 75285.0], [4189.25, 43325.0], [4190.0, 160.0], [4190.25, 10.0], [4190.5, 861.0], [4190.75, 2870.0], [4191.25, 4956.0], [4191.5, 14418.0], [4191.75, 620.0], [4192.0, 5250.0], [4192.25, 17499.0], [4193.25, 628.0], [4193.75, 611.0], [4194.75, 2513.0], [4195.0, 6310.0], [4195.25, 620.0], [4196.0, 8.0], [4196.5, 5755.0]]}}}
{"jsonrpc": "2.0", "method": "subscription", "params": {"channel": "book.ETH-3OCT25.none.20.100ms", "data": {"timestamp": 1758604892434, "change_id": 87595099438, "instrument_name": "ETH-3OCT25", "bids": [[4188.25, 18158.0], [4188.0, 33450.0], [4187.75, 41118.0], [4187.5, 52509.0], [4187.25, 6024.0], [4186.75, 631.0], [4186.0, 5691.0], [4185.75, 21415.0], [4185.5, 21929.0], [4185.25, 22655.0], [4182.75, 2494.0], [4182.5, 7004.0], [4182.25, 2630.0], [4180.25, 620.0], [4180.0, 5978.0], [4179.75, 20305.0], [4179.5, 1263.0], [4179.25, 13783.0], [4179.0, 43875.0], [4178.25, 617.0]], "asks": [[4188.5, 6400.0], [4188.75, 18130.0], [4189.0, 75285.0], [4189.25, 43325.0], [4190.0, 160.0], [4190.25, 10.0], [4190.5, 861.0], [4190.75, 2870.0], [4191.25, 4956.0], [4191.5, 14418.0], [4191.75, 620.0], [4192.0, 5250.0], [4192.25, 17499.0], [4193.25, 628.0], [4193.75, 611.0], [4194.75, 2513.0], [4195.0, 6310.0], [4195.25, 620.0], [4196.0, 8.0], [4196.5, 5755.0]]}}}
{"jsonrpc": "2.0", "method": "subscription", "params": {"channel": "book.ETH-3OCT25.none.20.100ms", "data": {"timestamp": 1758604892965, "change_id": 87595100087, "instrument_name": "ETH-3OCT25", "bids": [[4188.25, 18158.0], [4188.0, 33450.0], [4187.75, 41118.0], [4187.5, 52509.0], [4187.25, 6024.0], [4186.75, 631.0], [4186.0, 5691.0], [4185.75, 21415.0], [4185.5, 21929.0], [4185.25, 22655.0], [4182.75, 2494.0], [4182.5, 7004.0], [4182.25, 2630.0], [4180.25, 620.0], [4180.0, 5978.0], [4179.75, 20305.0], [4179.5, 1263.0], [4179.25, 13783.0], [4179.0, 43875.0], [4178.25, 617.0]], "asks": [[4188.5, 6400.0], [4188.75, 39350.0], [4189.0, 75285.0], [4189.25, 43325.0], [4190.0, 160.0], [4190.25, 10.0], [4190.5, 861.0], [4190.75, 2870.0], [4191.25, 4956.0], [4191.5, 14418.0], [4191.75, 620.0], [4192.0, 5250.0], [4192.25, 17499.0], [4193.25, 628.0], [4193.75, 611.0], [4194.75, 2513.0], [4195.0, 6310.0], [4195.25, 620.0], [4196.0, 8.0], [4196.5, 5755.0]]}}}
{"jsonrpc": "2.0", "method": "subscription", "params": {"channel": "book.ETH-3OCT25.none.20.100ms", "data": {"timestamp": 1758604893358, "change_id": 87595100475, "instrument_name": "ETH-3OCT25", "bids": [[4188.25, 18158.0], [4188.0, 33450.0], [4187.75, 41118.0], [4187.5, 52509.0], [4187.25, 6024.0], [4186.75, 631.0], [4186.0, 5691.0], [4185.75, 21415.0], [4185.5, 21929.0], [4185.25, 22655.0], [4182.75, 2494.0], [4182.5, 7004.0], [4182.25, 2630.0], [4180.25, 620.0], [4180.0, 5978.0], [4179.75, 33420.0], [4179.5, 45138.0], [4178.25, 617.0], [4177.25, 2002.0], [4177.0, 5044.0]], "asks": [[4188.5, 6400.0], [4188.75, 39350.0], [4189.0, 75285.0], [4189.25, 43325.0], [4190.0, 160.0], [4190.25, 10.0], [4190.5, 861.0], [4190.75, 2870.0], [4191.25, 4956.0], [4191.5, 14418.0], [4191.75, 620.0], [4192.0, 5250.0], [4192.25, 17499.0], [4193.25, 628.0], [4193.75, 611.0], [4194.75, 2513.0], [4195.0, 6310.0], [4195.25, 620.0], [4196.0, 8.0], [4196.5, 5755.0]]}}}
{"jsonrpc": "2.0", "method": "subscription", "params": {"channel": "book.ETH-3OCT25.none.20.100ms", "data": {"timestamp": 1758604895538, "change_id": 87595102914, "instrument_name": "ETH-3OCT25", "bids": [[4188.25, 18158.0], [4188.0, 33450.0], [4187.75, 41118.0], [4187.5, 52509.0], [4187.25, 6024.0], [4186.75, 631.0], [4186.0, 5691.0], [4185.75, 21415.0], [4185.5, 21929.0], [4185.25, 22655.0], [4182.75, 2494.0], [4182.5, 7004.0], [4182.25, 2630.0], [4180.25, 620.0], [4180.0, 5978.0], [4179.75, 33420.0], [4179.5, 45138.0], [4178.25, 617.0], [4177.25, 2002.0], [4177.0, 5044.0]], "asks": [[4188.5, 6400.0], [4188.75, 39350.0], [4189.0, 75285.0], [4189.25, 43325.0], [4190.0, 160.0], [4190.25, 10.0], [4190.5, 861.0], [4190.75, 2870.0], [4191.25, 4956.0], [4191.5, 14418.0], [4191.75, 620.0], [4192.0, 5250.0], [4192.25, 17499.0], [4193.25, 628.0], [4193.75, 611.0], [4194.75, 2513.0], [4195.0, 6310.0], [4195.25, 620.0], [4196.0, 8.0], [4196.5, 5755.0]]}}}
{"jsonrpc": "2.0", "method": "subscription", "params": {"channel": "book.ETH-3OCT25.none.20.100ms", "data": {"timestamp": 1758604896440, "change_id": 87595103858, "instrument_name": "ETH-3OCT25", "bids": [[4188.25, 18158.0], [4188.0, 33450.0], [4187.75, 41118.0], [4187.5, 52509.0], [4187.25, 6024.0], [4186.75, 631.0], [4186.0, 5691.0], [4185.75, 21415.0], [4185.5, 21929.0], [4185.25, 22655.0], [4182.75, 629.0], [4182.5, 789.0], [4182.25, 2630.0], [4180.75, 1865.0], [4180.5, 6215.0], [4180.25, 620.0], [4180.0, 5978.0], [4179.75, 33420.0], [4179.5, 45138.0], [4178.25, 617.0]], "asks": [[4188.5, 6400.0], [4188.75, 39350.0], [4189.0, 75285.0], [4189.25, 43325.0], [4190.0, 160.0], [4190.25, 10.0], [4190.5, 861.0], [4190.75, 2870.0], [4191.25, 4956.0], [4191.5, 14418.0], [4191.75, 620.0], [4192.0, 5250.0], [4192.25, 17499.0], [4193.25, 628.0], [4193.75, 611.0], [4194.75, 2513.0], [4195.0, 6310.0], [4195.25, 620.0], [4196.0, 8.0], [4196.5, 5755.0]]}}}
{"jsonrpc": "2.0", "method": "subscription", "params": {"channel": "book.ETH-3OCT25.none.20.100ms", "data": {"timestamp": 1758604897670, "change_id": 87595105828, "instrument_name": "ETH-3OCT25", "bids": [[4188.25, 7440.0], [4188.0, 6030.0], [4187.75, 27244.0], [4187.5, 30498.0], [4187.25, 20438.0], [4187.0, 24000.0], [4186.75, 631.0], [4186.0, 628.0], [4185.75, 9035.0], [4185.5, 38804.0], [4185.25, 22655.0], [4182.75, 629.0], [4182.5, 789.0], [4182.25, 2630.0], [4180.75, 1865.0], [4180.5, 6215.0], [4180.25, 1873.0], [4180.0, 5978.0], [4179.75, 33420.0], [4179.5, 43885.0]], "asks": [[4188.5, 6400.0], [4188.75, 54473.0], [4189.0, 75285.0], [4189.25, 34566.0], [4190.0, 160.0], [4190.25, 10.0], [4190.5, 861.0], [4190.75, 2870.0], [4191.25, 4956.0], [4191.5, 14418.0], [4191.75, 620.0], [4192.0, 5250.0], [4192.25, 17499.0], [4193.0, 789.0], [4193.25, 2630.0], [4193.75, 611.0], [4194.75, 2513.0], [4195.0, 6310.0], [4195.25, 620.0], [4196.0, 8.0]]}}}
{"jsonrpc": "2.0", "method": "subscription", "params": {"channel": "book.ETH-3OCT25.none.20.100ms", "data": {"timestamp": 1758604897859, "change_id": 87595106092, "instrument_name": "ETH-3OCT25", "bids": [[4188.25, 18156.0], [4188.0, 6030.0], [4187.75, 27244.0], [4187.5, 30498.0], [4187.25, 20438.0], [4187.0, 24000.0], [4186.75, 631.0], [4186.0, 628.0], [4185.75, 4540.0], [4185.5, 21929.0], [4185.25, 39530.0], [4182.75, 629.0], [4182.5, 789.0], [4182.25, 2630.0], [4180.75, 1865.0], [4180.5, 6215.0], [4180.25, 1873.0], [4180.0, 5978.0], [4179.75, 33420.0], [4179.5, 43885.0]], "asks": [[4188.5, 6400.0], [4188.75, 54473.0], [4189.0, 75285.0], [4189.25, 34566.0], [4189.5, 160.0], [4190.25, 1260.0], [4190.5, 486.0], [4190.75, 1620.0], [4191.25, 4956.0], [4191.5, 14418.0], [4191.75, 620.0], [4192.0, 5250.0], [4192.25, 17499.0], [4193.0, 789.0], [4193.25, 2630.0], [4193.75, 611.0], [4194.75, 2513.0], [4195.0, 6310.0], [4195.25, 620.0], [4196.0, 8.0]]}}}
{"jsonrpc": "2.0", "method": "subscription", "params": {"channel": "book.ETH-3OCT25.none.20.100ms", "data": {"timestamp": 1758604898226, "change_id": 87595106651, "instrument_name": "ETH-3OCT25", "bids": [[4188.25, 18156.0], [4188.0, 27250.0], [4187.75, 27244.0], [4187.5, 30498.0], [4187.25, 20438.0], [4187.0, 24000.0], [4186.75, 631.0], [4186.0, 628.0], [4185.75, 4540.0], [4185.5, 21929.0], [4185.25, 39530.0], [4182.75, 629.0], [4182.5, 789.0], [4182.25, 2630.0], [4180.75, 1865.0], [4180.5, 6215.0], [4180.25, 1873.0], [4180.0, 5978.0], [4179.75, 33420.0], [4179.5, 43885.0]], "asks": [[4188.5, 6400.0], [4188.75, 54473.0], [4189.0, 75285.0], [4189.25, 34566.0], [4189.5, 29066.0], [4190.25, 1260.0], [4190.5, 486.0], [4190.75, 1620.0], [4191.25, 4956.0], [4191.5, 14418.0], [4191.75, 620.0], [4192.0, 5250.0], [4192.25, 17499.0], [4193.0, 789.0], [4193.25, 2630.0], [4193.75, 611.0], [4194.75, 2513.0], [4195.0, 6310.0], [4195.25, 620.0], [4196.0, 8.0]]}}}
{"jsonrpc": "2.0", "method": "subscription", "params": {"channel": "book.ETH-3OCT25.none.20.100ms", "data": {"timestamp": 1758604898643, "change_id": 87595107553, "instrument_name": "ETH-3OCT25", "bids": [[4188.25, 16746.0], [4188.0, 6030.0], [4187.75, 6024.0], [4187.5, 28654.0], [4187.25, 14783.0], [4187.0, 7064.0], [4186.75, 24631.0], [4186.0, 628.0], [4185.75, 4540.0], [4185.5, 21929.0], [4185.25, 39530.0], [4182.75, 629.0], [4182.5, 789.0], [4182.25, 2630.0], [4180.75, 1865.0], [4180.5, 6777.0], [4180.25, 1875.0], [4180.0, 5978.0], [4179.75, 33420.0], [4179.5, 43883.0]], "asks": [[4188.5, 6400.0], [4188.75, 65189.0], [4189.0, 75285.0], [4189.25, 23848.0], [4189.5, 29066.0], [4190.25, 1260.0], [4190.5, 486.0], [4190.75, 1620.0], [4191.25, 4956.0], [4191.5, 14418.0], [4191.75, 620.0], [4192.0, 5250.0], [4192.25, 17499.0], [4193.0, 789.0], [4193.25, 2630.0], [4193.75, 611.0], [4194.75, 2513.0], [4195.0, 6310.0], [4195.25, 620.0], [4196.0, 8.0]]}}}
{"jsonrpc": "2.0", "method": "subscription", "params": {"channel": "book.ETH-3OCT25.none.20.100ms", "data": {"timestamp": 1758604898753, "change_id": 87595107753, "instrument_name": "ETH-3OCT25", "bids": [[4188.25, 17996.0], [4188.0, 6030.0], [4187.75, 27244.0], [4187.5, 29111.0], [4187.25, 14783.0], [4187.0, 7064.0], [4186.75, 24631.0], [4186.0, 628.0], [4185.75, 4540.0], [4185.5, 21929.0], [4185.25, 39530.0], [4182.75, 629.0], [4182.5, 789.0], [4182.25, 2630.0], [4180.75, 1865.0], [4180.5, 6777.0], [4180.25, 1875.0], [4180.0, 5978.0], [4179.75, 33420.0], [4179.5, 43883.0]], "asks": [[4188.5, 6400.0], [4188.75, 65189.0], [4189.0, 75285.0], [4189.25, 23848.0], [4189.5, 160.0], [4190.25, 1260.0], [4190.5, 486.0], [4190.75, 1620.0], [4191.25, 4956.0], [4191.5, 14418.0], [4191.75, 620.0], [4192.0, 5250.0], [4192.25, 17499.0], [4193.0, 789.0], [4193.25, 2630.0], [4193.75, 611.0], [4194.75, 2513.0], [4195.0, 6310.0], [4195.25, 620.0], [4196.0, 8.0]]}}}
{"jsonrpc": "2.0", "method": "subscription", "params": {"channel": "book.ETH-3OCT25.none.20.100ms", "data": {"timestamp": 1758604899097, "change_id": 87595108129, "instrument_name": "ETH-3OCT25", "bids": [[4188.25, 17996.0], [4188.0, 6030.0], [4187.75, 27244.0], [4187.5, 29111.0], [4187.25, 14783.0], [4187.0, 7064.0], [4186.75, 24631.0], [4186.0, 628.0], [4185.75, 4540.0], [4185.5, 21929.0], [4185.25, 39530.0], [4182.75, 629.0], [4182.5, 789.0], [4182.25, 2630.0], [4180.75, 1865.0], [4180.5, 6777.0], [4180.25, 1875.0], [4180.0, 5978.0], [4179.75, 33420.0], [4179.5, 43883.0]], "asks": [[4188.5, 6400.0], [4188.75, 65189.0], [4189.0, 75285.0], [4189.25, 44574.0], [4189.5, 160.0], [4190.25, 1260.0], [4190.5, 486.0], [4190.75, 1620.0], [4191.25, 4956.0], [4191.5, 14418.0], [4191.75, 620.0], [4192.0, 5250.0], [4192.25, 17499.0], [4193.0, 789.0], [4193.25, 2630.0], [4193.75, 611.0], [4194.75, 2513.0], [4195.0, 6310.0], [4195.25, 620.0], [4196.0, 8.0]]}}}
{"jsonrpc": "2.0", "method": "subscription", "params": {"channel": "book.ETH-3OCT25.none.20.100ms", "data": {"timestamp": 1758604899593, "change_id": 87595108817, "instrument_name": "ETH-3OCT25", "bids": [[4188.25, 17996.0], [4188.0, 27250.0], [4187.75, 27244.0], [4187.5, 29111.0], [4187.25, 14783.0], [4187.0, 7064.0], [4186.75, 24631.0], [4186.0, 628.0], [4185.75, 4540.0], [4185.5, 26141.0], [4185.25, 39530.0], [4182.75, 629.0], [4182.5, 789.0], [4182.25, 2630.0], [4180.75, 1865.0], [4180.5, 6777.0], [4180.25, 1875.0], [4180.0, 5978.0], [4179.75, 33420.0], [4179.5, 43883.0]], "asks": [[4188.5, 6400.0], [4188.75, 65189.0], [4189.0, 75285.0], [4189.25, 44574.0], [4189.5, 160.0], [4190.0, 378.0], [4190.25, 1260.0], [4190.5, 486.0], [4190.75, 1620.0], [4191.25, 4956.0], [4191.5, 14418.0], [4191.75, 620.0], [4192.0, 5250.0], [4192.25, 17499.0], [4193.0, 789.0], [4193.25, 2630.0], [4193.75, 611.0], [4194.75, 2513.0], [4195.0, 6310.0], [4195.25, 620.0]]}}}
{"jsonrpc": "2.0", "method": "subscription", "params": {"channel": "book.ETH-3OCT25.none.20.100ms", "data": {"timestamp": 1758604899970, "change_id": 87595109956, "instrument_name": "ETH-3OCT25", "bids": [[4188.0, 16746.0], [4187.75, 6024.0], [4187.5, 6024.0], [4187.25, 6024.0], [4186.75, 2628.0], [4186.5, 14499.0], [4186.25, 24000.0], [4185.5, 7425.0], [4185.25, 22655.0], [4185.0, 638.0], [4184.75, 16875.0], [4184.5, 638.0], [4184.0, 13821.0], [4182.75, 629.0], [4182.5, 789.0], [4182.25, 3880.0], [4181.25, 160.0], [4180.75, 1865.0], [4180.5, 6777.0], [4180.25, 1875.0]], "asks": [[4188.25, 20159.0], [4188.5, 63121.0], [4188.75, 56476.0], [4189.0, 51445.0], [4189.25, 23354.0], [4189.5, 638.0], [4189.75, 1250.0], [4190.25, 10.0], [4190.5, 486.0], [4190.75, 1620.0], [4191.25, 4956.0], [4191.5, 14418.0], [4191.75, 620.0], [4192.0, 5250.0], [4192.25, 17499.0], [4193.0, 789.0], [4193.25, 2630.0], [4193.75, 611.0], [4194.75, 2513.0], [4195.0, 6310.0]]}}}
{"jsonrpc": "2.0", "method": "subscription", "params": {"channel": "book.ETH-3OCT25.none.20.100ms", "data": {"timestamp": 1758604900275, "change_id": 87595110485, "instrument_name": "ETH-3OCT25", "bids": [[4188.0, 16746.0], [4187.75, 6024.0], [4187.5, 10624.0], [4187.25, 27244.0], [4186.75, 4560.0], [4186.5, 32759.0], [4185.5, 7425.0], [4185.25, 22655.0], [4185.0, 638.0], [4184.75, 16875.0], [4184.5, 638.0], [4184.25, 1250.0], [4184.0, 13821.0], [4182.75, 629.0], [4182.5, 949.0], [4182.25, 2630.0], [4180.75, 1865.0], [4180.5, 6777.0], [4180.25, 1875.0], [4180.0, 5978.0]], "asks": [[4188.25, 30875.0], [4188.5, 59906.0], [4188.75, 40714.0], [4189.0, 41380.0], [4189.5, 638.0], [4189.75, 1250.0], [4190.25, 10.0], [4190.5, 486.0], [4190.75, 1620.0], [4191.25, 4956.0], [4191.5, 14418.0], [4191.75, 620.0], [4192.0, 5250.0], [4192.25, 17499.0], [4193.0, 789.0], [4193.25, 2630.0], [4193.75, 611.0], [4194.75, 2513.0], [4195.0, 6310.0], [4195.25, 620.0]]}}}
{"jsonrpc": "2.0", "method": "subscription", "params": {"channel": "book.ETH-3OCT25.none.20.100ms", "data": {"timestamp": 1758604900597, "change_id": 87595111149, "instrument_name": "ETH-3OCT25", "bids": [[4188.0, 16746.0], [4187.75, 6024.0], [4187.5, 31844.0], [4187.25, 28971.0], [4187.0, 8759.0], [4186.75, 6067.0], [4186.5, 24000.0], [4185.5, 7425.0], [4185.25, 22655.0], [4185.0, 6951.0], [4184.75, 16875.0], [4184.5, 638.0], [4184.0, 13821.0], [4183.0, 160.0], [4182.75, 629.0], [4182.5, 789.0], [4182.25, 2630.0], [4180.75, 1865.0], [4180.5, 6777.0], [4180.25, 1875.0]], "asks": [[4188.25, 30875.0], [4188.5, 63432.0], [4188.75, 55919.0], [4189.0, 41220.0], [4189.5, 638.0], [4189.75, 1410.0], [4190.25, 10.0], [4190.5, 486.0], [4190.75, 1620.0], [4191.25, 4956.0], [4191.5, 14418.0], [4191.75, 620.0], [4192.0, 5250.0], [4192.25, 17499.0], [4193.25, 628.0], [4193.75, 611.0], [4194.75, 2513.0], [4195.0, 6310.0], [4195.25, 620.0], [4196.0, 8.0]]}}}
{"jsonrpc": "2.0", "method": "subscription", "params": {"channel": "book.ETH-3OCT25.none.20.100ms", "data": {"timestamp": 1758604900961, "change_id": 87595111596, "instrument_name": "ETH-3OCT25", "bids": [[4188.0, 16746.0], [4187.75, 6024.0], [4187.5, 6024.0], [4187.25, 27244.0], [4187.0, 8759.0], [4186.75, 6067.0], [4186.5, 24000.0], [4185.5, 8675.0], [4185.25, 22655.0], [4185.0, 5701.0], [4184.75, 16875.0], [4184.5, 638.0], [4184.0, 13821.0], [4183.5, 160.0], [4182.75, 629.0], [4182.5, 789.0], [4182.25, 2630.0], [4180.75, 1865.0], [4180.5, 6777.0], [4180.25, 1875.0]], "asks": [[4188.25, 30875.0], [4188.5, 63432.0], [4188.75, 55919.0], [4189.0, 41220.0], [4189.25, 160.0], [4189.5, 638.0], [4189.75, 1250.0], [4190.25, 10.0], [4190.5, 486.0], [4190.75, 1620.0], [4191.25, 4956.0], [4191.5, 14418.0], [4191.75, 620.0], [4192.0, 5250.0], [4192.25, 17499.0], [4192.5, 601.0], [4192.75, 2002.0], [4193.25, 628.0], [4193.75, 611.0], [4194.75, 2513.0]]}}}
{"jsonrpc": "2.0", "method": "subscription", "params": {"channel": "book.ETH-3OCT25.none.20.100ms", "data": {"timestamp": 1758604901288, "change_id": 87595112136, "instrument_name": "ETH-3OCT25", "bids": [[4188.0, 16746.0], [4187.75, 6024.0], [4187.5, 10024.0], [4187.25, 27244.0], [4187.0, 8759.0], [4186.75, 6466.0], [4186.5, 24000.0], [4186.25, 375.0], [4186.0, 1250.0], [4185.5, 7425.0], [4185.25, 22655.0], [4185.0, 5701.0], [4184.75, 16875.0], [4184.5, 638.0], [4184.0, 13821.0], [4183.5, 160.0], [4182.75, 629.0], [4182.5, 789.0], [4182.25, 2630.0], [4180.75, 1865.0]], "asks": [[4188.25, 30875.0], [4188.5, 59906.0], [4188.75, 40714.0], [4189.0, 41220.0], [4189.25, 160.0], [4189.5, 1013.0], [4189.75, 1250.0], [4190.25, 10.0], [4190.5, 486.0], [4190.75, 1620.0], [4191.25, 4956.0], [4191.5, 14418.0], [4191.75, 620.0], [4192.0, 5250.0], [4192.25, 17499.0], [4192.5, 601.0], [4192.75, 2002.0], [4193.25, 628.0], [4193.75, 611.0], [4194.75, 2513.0]]}}}
{"jsonrpc": "2.0", "method": "subscription", "params": {"channel": "book.ETH-3OCT25.none.20.100ms", "data": {"timestamp": 1758604901614, "change_id": 87595112692, "instrument_name": "ETH-3OCT25", "bids": [[4188.0, 16746.0], [4187.75, 6024.0], [4187.5, 31244.0], [4187.25, 27244.0], [4187.0, 8759.0], [4186.75, 6466.0], [4186.5, 25250.0], [4185.5, 7425.0], [4185.25, 22655.0], [4185.0, 5701.0], [4184.75, 16875.0], [4184.5, 638.0], [4184.25, 4194.0], [4184.0, 13981.0], [4182.75, 629.0], [4182.5, 789.0], [4182.25, 2630.0], [4180.75, 1865.0], [4180.5, 6777.0], [4180.25, 1875.0]], "asks": [[4188.25, 30875.0], [4188.5, 59906.0], [4188.75, 40714.0], [4189.0, 41220.0], [4189.25, 160.0], [4189.5, 1013.0], [4189.75, 1250.0], [4190.25, 10.0], [4190.5, 486.0], [4190.75, 1620.0], [4191.25, 4956.0], [4191.5, 14418.0], [4191.75, 620.0], [4192.0, 5250.0], [4192.25, 17499.0], [4192.5, 601.0], [4192.75, 2002.0], [4193.25, 628.0], [4193.75, 611.0], [4194.75, 2513.0]]}}}
{"jsonrpc": "2.0", "method": "subscription", "params": {"channel": "book.ETH-3OCT25.none.20.100ms", "data": {"timestamp": 1758604901675, "change_id": 87595112725, "instrument_name": "ETH-3OCT25", "bids": [[4188.0, 16746.0], [4187.75, 6024.0], [4187.5, 27244.0], [4187.25, 27244.0], [4187.0, 8759.0], [4186.75, 6466.0], [4186.5, 25250.0], [4185.5, 7425.0], [4185.25, 22655.0], [4185.0, 5701.0], [4184.75, 16875.0], [4184.5, 638.0], [4184.25, 4194.0], [4184.0, 13981.0], [4182.75, 629.0], [4182.5, 789.0], [4182.25, 2630.0], [4180.75, 1865.0], [4180.5, 6777.0], [4180.25, 1875.0]], "asks": [[4188.25, 30875.0], [4188.5, 59906.0], [4188.75, 40714.0], [4189.0, 65884.0], [4189.25, 160.0], [4189.5, 1013.0], [4189.75, 1250.0], [4190.25, 10.0], [4190.5, 486.0], [4190.75, 1620.0], [4191.25, 4956.0], [4191.5, 14418.0], [4191.75, 620.0], [4192.0, 5250.0], [4192.25, 17499.0], [4192.5, 601.0], [4192.75, 2002.0], [4193.25, 628.0], [4193.75, 611.0], [4194.75, 2513.0]]}}}
{"jsonrpc": "2.0", "method": "subscription", "params": {"channel": "book.ETH-3OCT25.none.20.100ms", "data": {"timestamp": 1758604902185, "change_id": 87595113347, "instrument_name": "ETH-3OCT25", "bids": [[4188.0, 16746.0], [4187.75, 6024.0], [4187.5, 27244.0], [4187.25, 27244.0], [4187.0, 13156.0], [4186.75, 24375.0], [4185.5, 7425.0], [4185.25, 22655.0], [4185.0, 5701.0], [4184.75, 16875.0], [4184.5, 798.0], [4184.25, 4194.0], [4184.0, 13821.0], [4182.75, 629.0], [4182.5, 789.0], [4182.25, 2630.0], [4180.75, 1865.0], [4180.5, 6777.0], [4180.25, 1875.0], [4180.0, 5986.0]], "asks": [[4188.25, 30875.0], [4188.5, 59906.0], [4188.75, 40714.0], [4189.0, 65884.0], [4189.25, 160.0], [4189.5, 1013.0], [4189.75, 1250.0], [4190.25, 10.0], [4190.5, 486.0], [4190.75, 1620.0], [4191.25, 4956.0], [4191.5, 14418.0], [4191.75, 620.0], [4192.0, 5250.0], [4192.25, 17499.0], [4192.5, 601.0], [4192.75, 2002.0], [4193.25, 628.0], [4193.75, 611.0], [4194.75, 2513.0]]}}}
{"jsonrpc": "2.0", "method": "subscription", "params": {"channel": "book.ETH-3OCT25.none.20.100ms", "data": {"timestamp": 1758604902610, "change_id": 87595114538, "instrument_name": "ETH-3OCT25", "bids": [[4188.0, 6030.0], [4187.75, 6024.0], [4187.5, 6024.0], [4187.25, 6024.0], [4187.0, 1250.0], [4186.5, 15619.0], [4186.25, 24000.0], [4185.5, 7425.0], [4185.25, 22655.0], [4185.0, 638.0], [4184.5, 17673.0], [4183.75, 13762.0], [4182.75, 629.0], [4182.5, 789.0], [4182.25, 2630.0], [4182.0, 1865.0], [4181.75, 6215.0], [4180.5, 562.0], [4180.25, 1875.0], [4180.0, 5986.0]], "asks": [[4188.25, 50875.0], [4188.5, 59906.0], [4188.75, 40874.0], [4189.0, 45884.0], [4189.5, 1013.0], [4189.75, 1250.0], [4190.25, 10.0], [4190.5, 486.0], [4190.75, 1620.0], [4191.25, 4956.0], [4191.5, 14418.0], [4191.75, 620.0], [4192.0, 5250.0], [4192.25, 17499.0], [4192.5, 601.0], [4192.75, 2002.0], [4193.25, 628.0], [4193.75, 611.0], [4194.75, 2513.0], [4195.0, 6310.0]]}}}
{"jsonrpc": "2.0", "method": "subscription", "params": {"channel": "book.ETH-3OCT25.none.20.100ms", "data": {"timestamp": 1758604902885, "change_id": 87595115093, "instrument_name": "ETH-3OCT25", "bids": [[4188.0, 6030.0], [4187.75, 6024.0], [4187.5, 16740.0], [4187.25, 6024.0], [4187.0, 1250.0], [4186.75, 2310.0], [4186.5, 24000.0], [4185.5, 7425.0], [4185.25, 22655.0], [4185.0, 798.0], [4184.5, 17513.0], [4183.75, 13762.0], [4182.75, 629.0], [4182.5, 789.0], [4182.25, 2630.0], [4182.0, 1865.0], [4181.75, 6215.0], [4180.5, 562.0], [4180.25, 1875.0], [4180.0, 5986.0]], "asks": [[4188.25, 50875.0], [4188.5, 59906.0], [4188.75, 34510.0], [4189.0, 21220.0], [4189.5, 1013.0], [4189.75, 1250.0], [4190.25, 10.0], [4190.5, 486.0], [4190.75, 1620.0], [4191.25, 4956.0], [4191.5, 14418.0], [4191.75, 620.0], [4192.0, 5250.0], [4192.25, 17499.0], [4192.5, 601.0], [4192.75, 2002.0], [4193.25, 628.0], [4193.75, 611.0], [4194.75, 2513.0], [4195.0, 6310.0]]}}}
{"jsonrpc": "2.0", "method": "subscription", "params": {"channel": "book.ETH-3OCT25.none.20.100ms", "data": {"timestamp": 1758604903263, "change_id": 87595115837, "instrument_name": "ETH-3OCT25", "bids": [[4188.0, 6030.0], [4187.75, 7274.0], [4187.5, 22840.0], [4187.25, 27244.0], [4187.0, 3915.0], [4186.75, 32759.0], [4185.5, 7585.0], [4185.25, 22655.0], [4185.0, 638.0], [4184.5, 17513.0], [4183.75, 13762.0], [4182.75, 629.0], [4182.5, 789.0], [4182.25, 2630.0], [4182.0, 1865.0], [4181.75, 6215.0], [4180.5, 562.0], [4180.25, 1875.0], [4180.0, 5986.0], [4179.75, 33420.0]], "asks": [[4188.25, 50875.0], [4188.5, 88805.0], [4188.75, 28110.0], [4189.0, 21220.0], [4189.5, 1013.0], [4189.75, 1250.0], [4190.25, 10.0], [4190.5, 486.0], [4190.75, 1620.0], [4191.25, 4956.0], [4191.5, 14418.0], [4191.75, 620.0], [4192.0, 5250.0], [4192.25, 17499.0], [4192.5, 601.0], [4192.75, 2002.0], [4193.25, 628.0], [4193.75, 611.0], [4194.75, 2513.0], [4195.0, 6310.0]]}}}
{"jsonrpc": "2.0", "method": "subscription", "params": {"channel": "book.ETH-3OCT25.none.20.100ms", "data": {"timestamp": 1758604903952, "change_id": 87595117002, "instrument_name": "ETH-3OCT25", "bids": [[4188.0, 6030.0], [4187.75, 6024.0], [4187.5, 6024.0], [4187.25, 6024.0], [4187.0, 160.0], [4186.75, 8759.0], [4186.5, 4665.0], [4186.25, 24000.0], [4185.75, 236.0], [4185.5, 7425.0], [4185.25, 22655.0], [4185.0, 638.0], [4184.5, 638.0], [4184.0, 4767.0], [4183.75, 13762.0], [4182.75, 629.0], [4182.5, 789.0], [4182.25, 2630.0], [4180.5, 562.0], [4180.25, 1875.0]], "asks": [[4188.25, 50875.0], [4188.5, 88805.0], [4188.75, 28110.0], [4189.0, 21220.0], [4189.25, 491.0], [4189.5, 2013.0], [4189.75, 1250.0], [4190.25, 10.0], [4190.75, 620.0], [4191.25, 4956.0], [4191.5, 14418.0], [4191.75, 620.0], [4192.0, 5250.0], [4192.25, 17499.0], [4192.5, 601.0], [4192.75, 2002.0], [4193.25, 628.0], [4193.75, 611.0], [4194.75, 2513.0], [4195.0, 6310.0]]}}}
{"jsonrpc": "2.0", "method": "subscription", "params": {"channel": "book.ETH-3OCT25.none.20.100ms", "data": {"timestamp": 1758604904230, "change_id": 87595117628, "instrument_name": "ETH-3OCT25", "bids": [[4188.0, 6030.0], [4187.75, 6024.0], [4187.5, 16739.0], [4187.25, 7274.0], [4187.0, 6560.0], [4186.75, 8759.0], [4186.5, 6125.0], [4186.25, 24000.0], [4185.75, 236.0], [4185.5, 7425.0], [4185.25, 22655.0], [4185.0, 638.0], [4184.5, 17513.0], [4184.0, 4767.0], [4183.75, 13762.0], [4182.75, 629.0], [4182.5, 789.0], [4182.25, 2630.0], [4181.0, 6215.0], [4180.5, 562.0]], "asks": [[4188.25, 50875.0], [4188.5, 88805.0], [4188.75, 28110.0], [4189.0, 21220.0], [4189.25, 491.0], [4189.5, 2013.0], [4189.75, 1250.0], [4190.25, 10.0], [4190.75, 620.0], [4191.25, 4956.0], [4191.5, 14418.0], [4191.75, 620.0], [4192.0, 5250.0], [4192.25, 17499.0], [4192.5, 601.0], [4192.75, 2002.0], [4193.25, 628.0], [4193.75, 611.0], [4194.75, 2513.0], [4195.0, 6310.0]]}}}
{"jsonrpc": "2.0", "method": "subscription", "params": {"channel": "book.ETH-3OCT25.none.20.100ms", "data": {"timestamp": 1758604904430, "change_id": 87595117927, "instrument_name": "ETH-3OCT25", "bids": [[4188.0, 6030.0], [4187.75, 7274.0], [4187.5, 16739.0], [4187.25, 6024.0], [4187.0, 6560.0], [4186.75, 8759.0], [4186.5, 6125.0], [4186.25, 24000.0], [4185.75, 236.0], [4185.5, 7425.0], [4185.25, 22655.0], [4185.0, 638.0], [4184.5, 17513.0], [4184.0, 4767.0], [4183.75, 13762.0], [4182.75, 629.0], [4182.5, 789.0], [4182.25, 2630.0], [4181.0, 6215.0], [4180.5, 562.0]], "asks": [[4188.25, 50875.0], [4188.5, 88805.0], [4188.75, 28110.0], [4189.0, 21220.0], [4189.25, 491.0], [4189.5, 2013.0], [4189.75, 1250.0], [4190.25, 10.0], [4190.75, 620.0], [4191.25, 4956.0], [4191.5, 14418.0], [4191.75, 620.0], [4192.0, 5250.0], [4192.25, 17499.0], [4192.5, 601.0], [4192.75, 2002.0], [4193.25, 628.0], [4193.75, 611.0], [4194.75, 2513.0], [4195.0, 6310.0]]}}}
{"jsonrpc": "2.0", "method": "subscription", "params": {"channel": "book.ETH-3OCT25.none.20.100ms", "data": {"timestamp": 1758604904759, "change_id": 87595118378, "instrument_name": "ETH-3OCT25", "bids": [[4188.0, 6030.0], [4187.75, 7274.0], [4187.5, 16739.0], [4187.25, 6024.0], [4187.0, 6560.0], [4186.75, 8759.0], [4186.5, 6125.0], [4186.25, 24000.0], [4185.75, 236.0], [4185.5, 7425.0], [4185.25, 22655.0], [4185.0, 638.0], [4184.75, 5254.0], [4184.5, 17513.0], [4184.0, 4767.0], [4183.75, 13762.0], [4182.75, 629.0], [4182.5, 789.0], [4182.25, 2630.0], [4181.0, 6215.0]], "asks": [[4188.25, 50875.0], [4188.5, 88805.0], [4188.75, 28110.0], [4189.0, 21595.0], [4189.25, 1741.0], [4189.5, 1638.0], [4190.25, 10.0], [4190.75, 620.0], [4191.25, 4956.0], [4191.5, 14418.0], [4191.75, 620.0], [4192.0, 5250.0], [4192.25, 17499.0], [4192.5, 601.0], [4192.75, 2002.0], [4193.25, 628.0], [4193.75, 611.0], [4194.75, 2513.0], [4195.0, 6310.0], [4195.25, 620.0]]}}}
{"jsonrpc": "2.0", "method": "subscription", "params": {"channel": "book.ETH-3OCT25.none.20.100ms", "data": {"timestamp": 1758604906934, "change_id": 87595120996, "instrument_name": "ETH-3OCT25", "bids": [[4188.0, 6030.0], [4187.75, 7274.0], [4187.5, 16739.0], [4187.25, 27244.0], [4187.0, 6560.0], [4186.75, 32759.0], [4185.75, 236.0], [4185.5, 7425.0], [4185.25, 22655.0], [4185.0, 638.0], [4184.75, 5254.0], [4184.5, 17513.0], [4184.0, 4767.0], [4183.75, 13762.0], [4182.75, 629.0], [4182.5, 789.0], [4182.25, 2630.0], [4181.25, 1865.0], [4181.0, 6215.0], [4180.5, 562.0]], "asks": [[4188.25, 50875.0], [4188.5, 88805.0], [4188.75, 28110.0], [4189.0, 21220.0], [4189.25, 491.0], [4189.5, 1638.0], [4189.75, 375.0], [4190.0, 1250.0], [4190.25, 10.0], [4190.75, 620.0], [4191.25, 4956.0], [4191.5, 14418.0], [4191.75, 620.0], [4192.0, 5250.0], [4192.25, 17499.0], [4192.5, 601.0], [4192.75, 2002.0], [4193.25, 628.0], [4193.75, 611.0], [4194.75, 2513.0]]}}}
{"jsonrpc": "2.0", "method": "subscription", "params": {"channel": "book.ETH-3OCT25.none.20.100ms", "data": {"timestamp": 1758604907036, "change_id": 87595121152, "instrument_name": "ETH-3OCT25", "bids": [[4188.0, 6030.0], [4187.75, 7274.0], [4187.5, 16739.0], [4187.25, 27244.0], [4187.0, 9107.0], [4186.75, 32759.0], [4185.75, 236.0], [4185.5, 7425.0], [4185.25, 22655.0], [4185.0, 638.0], [4184.75, 5254.0], [4184.5, 17513.0], [4184.0, 4767.0], [4183.75, 13762.0], [4182.75, 629.0], [4182.5, 789.0], [4182.25, 2630.0], [4181.25, 1865.0], [4181.0, 6215.0], [4180.5, 562.0]], "asks": [[4188.25, 50875.0], [4188.5, 88805.0], [4188.75, 28110.0], [4189.0, 21220.0], [4189.25, 491.0], [4189.5, 1638.0], [4189.75, 375.0], [4190.0, 1250.0], [4190.25, 10.0], [4190.75, 620.0], [4191.25, 4956.0], [4191.5, 14418.0], [4191.75, 620.0], [4192.0, 5250.0], [4192.25, 17499.0], [4192.5, 601.0], [4192.75, 2002.0], [4193.25, 628.0], [4193.75, 611.0], [4194.75, 2513.0]]}}}
{"jsonrpc": "2.0", "method": "subscription", "params": {"channel": "book.ETH-3OCT25.none.20.100ms", "data": {"timestamp": 1758604907506, "change_id": 87595121803, "instrument_name": "ETH-3OCT25", "bids": [[4188.0, 6030.0], [4187.75, 7274.0], [4187.5, 16739.0], [4187.25, 6024.0], [4187.0, 6560.0], [4186.75, 32759.0], [4185.75, 236.0], [4185.5, 7425.0], [4185.25, 22655.0], [4185.0, 638.0], [4184.75, 5254.0], [4184.5, 17513.0], [4184.0, 4767.0], [4183.75, 13762.0], [4182.75, 629.0], [4182.5, 789.0], [4182.25, 2630.0], [4181.25, 1865.0], [4181.0, 6215.0], [4180.5, 562.0]], "asks": [[4188.25, 50875.0], [4188.5, 88805.0], [4188.75, 28110.0], [4189.0, 21220.0], [4189.25, 491.0], [4189.5, 2888.0], [4190.25, 10.0], [4190.75, 620.0], [4191.25, 4956.0], [4191.5, 14418.0], [4191.75, 620.0], [4192.0, 5250.0], [4192.25, 17499.0], [4192.5, 601.0], [4192.75, 2002.0], [4193.25, 628.0], [4193.75, 611.0], [4194.75, 2513.0], [4195.0, 6310.0], [4195.25, 620.0]]}}}
{"jsonrpc": "2.0", "method": "subscription", "params": {"channel": "book.ETH-3OCT25.none.20.100ms", "data": {"timestamp": 1758604907871, "change_id": 87595122220, "instrument_name": "ETH-3OCT25", "bids": [[4188.0, 6030.0], [4187.75, 7274.0], [4187.5, 37959.0], [4187.25, 27244.0], [4187.0, 8203.0], [4186.75, 32759.0], [4185.75, 236.0], [4185.5, 7425.0], [4185.25, 22655.0], [4185.0, 638.0], [4184.75, 5254.0], [4184.5, 17513.0], [4184.0, 4767.0], [4183.75, 13762.0], [4182.75, 629.0], [4182.5, 789.0], [4182.25, 2630.0], [4181.25, 1865.0], [4181.0, 6215.0], [4180.5, 562.0]], "asks": [[4188.25, 50875.0], [4188.5, 88805.0], [4188.75, 28110.0], [4189.0, 21220.0], [4189.25, 491.0], [4189.5, 2888.0], [4190.25, 10.0], [4190.75, 620.0], [4191.25, 4956.0], [4191.5, 14418.0], [4191.75, 620.0], [4192.0, 5250.0], [4192.25, 17499.0], [4192.5, 601.0], [4192.75, 2002.0], [4193.25, 628.0], [4193.75, 611.0], [4194.75, 2513.0], [4195.0, 6310.0], [4195.25, 620.0]]}}}
{"jsonrpc": "2.0", "method": "subscription", "params": {"channel": "book.ETH-3OCT25.none.20.100ms", "data": {"timestamp": 1758604908073, "change_id": 87595122478, "instrument_name": "ETH-3OCT25", "bids": [[4188.0, 6030.0], [4187.75, 7274.0], [4187.5, 16739.0], [4187.25, 27244.0], [4187.0, 8844.0], [4186.75, 32759.0], [4185.75, 236.0], [4185.5, 7425.0], [4185.25, 22655.0], [4185.0, 638.0], [4184.75, 5254.0], [4184.5, 17513.0], [4184.0, 4767.0], [4183.75, 13762.0], [4182.75, 629.0], [4182.5, 789.0], [4182.25, 2630.0], [4181.25, 1865.0], [4181.0, 6215.0], [4180.5, 562.0]], "asks": [[4188.25, 50875.0], [4188.5, 88805.0], [4188.75, 28110.0], [4189.0, 21220.0], [4189.25, 491.0], [4189.5, 2888.0], [4190.25, 10.0], [4190.75, 620.0], [4191.25, 4956.0], [4191.5, 14418.0], [4191.75, 620.0], [4192.0, 5250.0], [4192.25, 17499.0], [4192.5, 601.0], [4192.75, 2002.0], [4193.25, 628.0], [4193.75, 611.0], [4194.75, 2513.0], [4195.0, 6310.0], [4195.25, 620.0]]}}}
{"jsonrpc": "2.0", "method": "subscription", "params": {"channel": "book.ETH-3OCT25.none.20.100ms", "data": {"timestamp": 1758604908462, "change_id": 87595123023, "instrument_name": "ETH-3OCT25", "bids": [[4188.0, 6030.0], [4187.75, 7274.0], [4187.5, 16739.0], [4187.25, 27244.0], [4187.0, 8844.0], [4186.75, 32759.0], [4185.75, 236.0], [4185.5, 7425.0], [4185.25, 22655.0], [4185.0, 638.0], [4184.75, 5254.0], [4184.5, 17513.0], [4184.0, 4767.0], [4183.75, 13762.0], [4182.75, 629.0], [4182.5, 789.0], [4182.25, 2630.0], [4181.25, 1865.0], [4181.0, 6215.0], [4180.5, 562.0]], "asks": [[4188.25, 50875.0], [4188.5, 88805.0], [4188.75, 28110.0], [4189.0, 21220.0], [4189.25, 491.0], [4189.5, 2888.0], [4190.25, 10.0], [4190.75, 620.0], [4191.25, 4956.0], [4191.5, 14418.0], [4191.75, 620.0], [4192.0, 5250.0], [4192.25, 17499.0], [4192.5, 601.0], [4192.75, 2002.0], [4193.25, 628.0], [4193.75, 611.0], [4194.75, 2513.0], [4195.0, 6310.0], [4195.25, 620.0]]}}}
{"jsonrpc": "2.0", "method": "subscription", "params": {"channel": "book.ETH-3OCT25.none.20.100ms", "data": {"timestamp": 1758604908912, "change_id": 87595123948, "instrument_name": "ETH-3OCT25", "bids": [[4188.0, 1230.0], [4187.75, 6024.0], [4187.5, 6024.0], [4187.25, 6024.0], [4187.0, 1410.0], [4186.25, 32759.0], [4185.75, 236.0], [4185.5, 7425.0], [4185.25, 22655.0], [4185.0, 638.0], [4184.5, 638.0], [4184.0, 4767.0], [4183.75, 13762.0], [4182.75, 629.0], [4182.5, 789.0], [4182.25, 2630.0], [4181.25, 1865.0], [4181.0, 6215.0], [4180.5, 562.0], [4180.25, 1875.0]], "asks": [[4188.25, 50875.0], [4188.5, 86345.0], [4188.75, 26151.0], [4189.0, 21220.0], [4189.25, 805.0], [4189.5, 2888.0], [4190.25, 10.0], [4190.75, 620.0], [4191.25, 4956.0], [4191.5, 14418.0], [4191.75, 620.0], [4192.0, 5250.0], [4192.25, 17499.0], [4192.5, 601.0], [4192.75, 2002.0], [4193.25, 628.0], [4193.75, 611.0], [4194.75, 2513.0], [4195.0, 6310.0], [4195.25, 620.0]]}}}
{"jsonrpc": "2.0", "method": "subscription", "params": {"channel": "book.ETH-3OCT25.none.20.100ms", "data": {"timestamp": 1758604909173, "change_id": 87595124690, "instrument_name": "ETH-3OCT25", "bids": [[4187.75, 5839.0], [4187.5, 6024.0], [4187.25, 16739.0], [4187.0, 1410.0], [4186.5, 6400.0], [4186.25, 32759.0], [4185.5, 6797.0], [4185.25, 22655.0], [4185.0, 638.0], [4184.5, 638.0], [4184.25, 16875.0], [4184.0, 638.0], [4183.75, 13762.0], [4182.75, 629.0], [4182.25, 2630.0], [4180.75, 6215.0], [4180.25, 1875.0], [4180.0, 5986.0], [4179.75, 19926.0], [4178.25, 44492.0]], "asks": [[4188.0, 6400.0], [4188.25, 95191.0], [4188.5, 86345.0], [4188.75, 21380.0], [4189.0, 1250.0], [4189.25, 491.0], [4189.5, 1638.0], [4190.25, 10.0], [4190.75, 620.0], [4191.25, 4956.0], [4191.5, 14418.0], [4191.75, 620.0], [4192.0, 5250.0], [4192.25, 17499.0], [4192.5, 601.0], [4192.75, 2002.0], [4193.25, 628.0], [4193.75, 611.0], [4194.75, 2513.0], [4195.0, 6310.0]]}}}
{"jsonrpc": "2.0", "method": "subscription", "params": {"channel": "book.ETH-3OCT25.none.20.100ms", "data": {"timestamp": 1758604909367, "change_id": 87595125025, "instrument_name": "ETH-3OCT25", "bids": [[4187.25, 16739.0], [4187.0, 7255.0], [4186.75, 27250.0], [4186.5, 27620.0], [4186.25, 32759.0], [4185.5, 6797.0], [4185.25, 22655.0], [4185.0, 638.0], [4184.5, 5701.0], [4184.25, 16875.0], [4184.0, 4767.0], [4183.75, 13762.0], [4182.75, 629.0], [4182.5, 789.0], [4182.25, 2630.0], [4181.0, 1865.0], [4180.75, 6215.0], [4180.5, 563.0], [4180.25, 1875.0], [4180.0, 5986.0]], "asks": [[4187.75, 46360.0], [4188.0, 65906.0], [4188.25, 56508.0], [4188.5, 56519.0], [4188.75, 160.0], [4189.0, 1250.0], [4189.25, 491.0], [4189.5, 1638.0], [4190.25, 10.0], [4190.75, 620.0], [4191.25, 4956.0], [4191.5, 14418.0], [4191.75, 620.0], [4192.0, 5250.0], [4192.25, 17499.0], [4192.5, 601.0], [4192.75, 2002.0], [4193.25, 628.0], [4193.75, 611.0], [4194.75, 2513.0]]}}}
{"jsonrpc": "2.0", "method": "subscription", "params": {"channel": "book.ETH-3OCT25.none.20.100ms", "data": {"timestamp": 1758604909700, "change_id": 87595125560, "instrument_name": "ETH-3OCT25", "bids": [[4187.25, 10715.0], [4187.0, 7255.0], [4186.75, 27250.0], [4186.5, 27620.0], [4186.25, 34568.0], [4186.0, 6030.0], [4185.5, 6797.0], [4185.25, 22655.0], [4185.0, 638.0], [4184.5, 5701.0], [4184.25, 16875.0], [4184.0, 4767.0], [4183.75, 13762.0], [4182.75, 629.0], [4182.5, 789.0], [4182.25, 2630.0], [4181.0, 1865.0], [4180.75, 6215.0], [4180.5, 563.0], [4180.25, 1875.0]], "asks": [[4187.75, 46360.0], [4188.0, 65906.0], [4188.25, 56508.0], [4188.5, 56519.0], [4188.75, 160.0], [4189.0, 1250.0], [4189.25, 491.0], [4189.5, 1638.0], [4190.25, 10.0], [4190.75, 620.0], [4191.25, 4956.0], [4191.5, 14418.0], [4191.75, 620.0], [4192.0, 5250.0], [4192.25, 17499.0], [4192.5, 601.0], [4192.75, 2002.0], [4193.25, 628.0], [4193.75, 611.0], [4194.75, 2513.0]]}}}
{"jsonrpc": "2.0", "method": "subscription", "params": {"channel": "book.ETH-3OCT25.none.20.100ms", "data": {"timestamp": 1758604910237, "change_id": 87595126242, "instrument_name": "ETH-3OCT25", "bids": [[4187.25, 10715.0], [4187.0, 7255.0], [4186.75, 32150.0], [4186.5, 27620.0], [4186.25, 34325.0], [4186.0, 6030.0], [4185.5, 6797.0], [4185.25, 22655.0], [4185.0, 638.0], [4184.5, 5701.0], [4184.25, 16875.0], [4184.0, 4767.0], [4183.75, 13762.0], [4182.75, 629.0], [4182.5, 789.0], [4182.25, 2630.0], [4181.0, 1865.0], [4180.75, 6215.0], [4180.5, 563.0], [4180.25, 1875.0]], "asks": [[4187.5, 6400.0], [4187.75, 67580.0], [4188.0, 65906.0], [4188.25, 47620.0], [4188.75, 160.0], [4189.0, 1250.0], [4189.25, 491.0], [4189.5, 1638.0], [4190.25, 10.0], [4190.75, 620.0], [4191.25, 4956.0], [4191.5, 14418.0], [4191.75, 620.0], [4192.0, 5250.0], [4192.25, 17499.0], [4192.5, 601.0], [4192.75, 2002.0], [4193.25, 628.0], [4193.75, 611.0], [4194.75, 2513.0]]}}}
{"jsonrpc": "2.0", "method": "subscription", "params": {"channel": "book.ETH-3OCT25.none.20.100ms", "data": {"timestamp": 1758604910479, "change_id": 87595126464, "instrument_name": "ETH-3OCT25", "bids": [[4187.25, 10715.0], [4187.0, 28475.0], [4186.75, 32150.0], [4186.5, 27620.0], [4186.25, 34325.0], [4186.0, 6030.0], [4185.5, 6797.0], [4185.25, 22655.0], [4185.0, 638.0], [4184.5, 5701.0], [4184.25, 16875.0], [4184.0, 4767.0], [4183.75, 13762.0], [4182.75, 629.0], [4182.5, 789.0], [4182.25, 2630.0], [4181.0, 1865.0], [4180.75, 6215.0], [4180.5, 563.0], [4180.25, 1875.0]], "asks": [[4187.5, 6400.0], [4187.75, 67580.0], [4188.0, 65906.0], [4188.25, 76517.0], [4188.75, 160.0], [4189.0, 1250.0], [4189.25, 491.0], [4189.5, 1638.0], [4190.25, 10.0], [4190.75, 620.0], [4191.25, 4956.0], [4191.5, 14418.0], [4191.75, 620.0], [4192.0, 5250.0], [4192.25, 17499.0], [4192.5, 601.0], [4192.75, 2002.0], [4193.25, 628.0], [4193.75, 611.0], [4194.75, 2513.0]]}}}
{"jsonrpc": "2.0", "method": "subscription", "params": {"channel": "book.ETH-3OCT25.none.20.100ms", "data": {"timestamp": 1758604910901, "change_id": 87595127099, "instrument_name": "ETH-3OCT25", "bids": [[4187.0, 7255.0], [4186.75, 32150.0], [4186.5, 27620.0], [4186.25, 34325.0], [4186.0, 6030.0], [4185.5, 6797.0], [4185.25, 22655.0], [4185.0, 638.0], [4184.5, 638.0], [4184.0, 4767.0], [4183.75, 13762.0], [4182.75, 629.0], [4182.5, 789.0], [4182.25, 2630.0], [4181.0, 1865.0], [4180.75, 6215.0], [4180.5, 563.0], [4180.25, 1875.0], [4180.0, 5986.0], [4179.75, 19926.0]], "asks": [[4187.5, 23580.0], [4187.75, 71094.0], [4188.0, 41906.0], [4188.25, 76517.0], [4188.75, 160.0], [4189.0, 1250.0], [4189.25, 491.0], [4189.5, 1638.0], [4190.25, 10.0], [4190.75, 620.0], [4191.25, 4956.0], [4191.5, 14418.0], [4191.75, 620.0], [4192.0, 5250.0], [4192.25, 17499.0], [4192.5, 601.0], [4192.75, 2002.0], [4193.25, 628.0], [4193.75, 611.0], [4194.75, 2513.0]]}}}
{"jsonrpc": "2.0", "method": "subscription", "params": {"channel": "book.ETH-3OCT25.none.20.100ms", "data": {"timestamp": 1758604911192, "change_id": 87595127696, "instrument_name": "ETH-3OCT25", "bids": [[4187.0, 17809.0], [4186.75, 27250.0], [4186.5, 27620.0], [4186.25, 55831.0], [4186.0, 6030.0], [4185.5, 6797.0], [4185.25, 22655.0], [4185.0, 638.0], [4184.5, 638.0], [4184.25, 5254.0], [4184.0, 21642.0], [4183.75, 13762.0], [4182.75, 629.0], [4182.5, 789.0], [4182.25, 2630.0], [4181.0, 1865.0], [4180.75, 6215.0], [4180.5, 563.0], [4180.25, 1875.0], [4180.0, 5986.0]], "asks": [[4187.25, 15159.0], [4187.5, 44800.0], [4187.75, 66837.0], [4188.0, 41906.0], [4188.25, 49057.0], [4189.0, 1250.0], [4189.25, 491.0], [4189.5, 1638.0], [4190.25, 10.0], [4190.75, 620.0], [4191.25, 4956.0], [4191.5, 14418.0], [4191.75, 620.0], [4192.0, 5250.0], [4192.25, 17499.0], [4192.5, 601.0], [4192.75, 2002.0], [4193.25, 628.0], [4193.75, 611.0], [4194.75, 2513.0]]}}}
{"jsonrpc": "2.0", "method": "subscription", "params": {"channel": "book.ETH-3OCT25.none.20.100ms", "data": {"timestamp": 1758604911528, "change_id": 87595128169, "instrument_name": "ETH-3OCT25", "bids": [[4187.0, 17809.0], [4186.75, 27250.0], [4186.5, 35866.0], [4186.25, 61861.0], [4186.0, 6030.0], [4185.5, 6797.0], [4185.25, 22655.0], [4185.0, 638.0], [4184.5, 638.0], [4184.25, 5254.0], [4184.0, 21642.0], [4183.75, 13762.0], [4182.75, 629.0], [4182.5, 789.0], [4182.25, 2630.0], [4181.0, 1865.0], [4180.75, 6215.0], [4180.5, 563.0], [4180.25, 1875.0], [4180.0, 5986.0]], "asks": [[4187.25, 15159.0], [4187.5, 44800.0], [4187.75, 66837.0], [4188.0, 41906.0], [4188.25, 49057.0], [4189.0, 1250.0], [4189.25, 491.0], [4189.5, 1638.0], [4190.25, 10.0], [4190.75, 620.0], [4191.25, 4956.0], [4191.5, 14418.0], [4191.75, 620.0], [4192.0, 5250.0], [4192.25, 17499.0], [4192.5, 601.0], [4192.75, 2002.0], [4193.25, 628.0], [4193.75, 611.0], [4194.75, 2513.0]]}}}
{"jsonrpc": "2.0", "method": "subscription", "params": {"channel": "book.ETH-3OCT25.none.20.100ms", "data": {"timestamp": 1758604911765, "change_id": 87595128522, "instrument_name": "ETH-3OCT25", "bids": [[4187.0, 17809.0], [4186.75, 27410.0], [4186.5, 33650.0], [4186.25, 61701.0], [4186.0, 6030.0], [4185.5, 6797.0], [4185.25, 22655.0], [4185.0, 638.0], [4184.5, 638.0], [4184.25, 5254.0], [4184.0, 21642.0], [4183.75, 13762.0], [4182.75, 629.0], [4182.5, 789.0], [4182.25, 2630.0], [4181.0, 1865.0], [4180.75, 6215.0], [4180.5, 563.0], [4180.25, 1875.0], [4180.0, 5986.0]], "asks": [[4187.25, 15159.0], [4187.5, 44800.0], [4187.75, 66837.0], [4188.0, 41906.0], [4188.25, 49057.0], [4189.0, 1250.0], [4189.25, 491.0], [4189.5, 1638.0], [4190.25, 10.0], [4190.75, 620.0], [4191.25, 4956.0], [4191.5, 14418.0], [4191.75, 620.0], [4192.0, 5250.0], [4192.25, 17499.0], [4192.5, 601.0], [4192.75, 2002.0], [4193.25, 628.0], [4193.75, 611.0], [4194.75, 2513.0]]}}}
{"jsonrpc": "2.0", "method": "subscription", "params": {"channel": "book.ETH-3OCT25.none.20.100ms", "data": {"timestamp": 1758604912204, "change_id": 87595129045, "instrument_name": "ETH-3OCT25", "bids": [[4187.0, 23509.0], [4186.75, 27410.0], [4186.5, 33650.0], [4186.25, 61701.0], [4186.0, 6030.0], [4185.5, 6797.0], [4185.25, 22655.0], [4185.0, 638.0], [4184.5, 638.0], [4184.25, 5254.0], [4184.0, 21642.0], [4183.75, 13762.0], [4182.75, 629.0], [4182.5, 789.0], [4182.25, 2630.0], [4181.0, 1865.0], [4180.75, 6215.0], [4180.5, 563.0], [4180.25, 1875.0], [4180.0, 5986.0]], "asks": [[4187.25, 8759.0], [4187.5, 44800.0], [4187.75, 66837.0], [4188.0, 35506.0], [4188.25, 49057.0], [4189.0, 1250.0], [4189.25, 491.0], [4189.5, 1638.0], [4190.25, 10.0], [4190.75, 620.0], [4191.25, 4956.0], [4191.5, 14418.0], [4191.75, 620.0], [4192.0, 5250.0], [4192.25, 17499.0], [4192.5, 601.0], [4192.75, 2002.0], [4193.25, 628.0], [4193.75, 611.0], [4194.75, 2513.0]]}}}
{"jsonrpc": "2.0", "method": "subscription", "params": {"channel": "book.ETH-3OCT25.none.20.100ms", "data": {"timestamp": 1758604912517, "change_id": 87595129351, "instrument_name": "ETH-3OCT25", "bids": [[4187.0, 23509.0], [4186.75, 27410.0], [4186.5, 35085.0], [4186.25, 61701.0], [4186.0, 6030.0], [4185.5, 6797.0], [4185.25, 22655.0], [4185.0, 638.0], [4184.5, 638.0], [4184.25, 5254.0], [4184.0, 21642.0], [4183.75, 13762.0], [4182.75, 629.0], [4182.5, 789.0], [4182.25, 2630.0], [4181.0, 1865.0], [4180.75, 6215.0], [4180.5, 563.0], [4180.25, 1875.0], [4180.0, 5986.0]], "asks": [[4187.25, 8759.0], [4187.5, 44800.0], [4187.75, 66837.0], [4188.0, 35506.0], [4188.25, 49057.0], [4189.0, 1250.0], [4189.25, 491.0], [4189.5, 1638.0], [4190.25, 10.0], [4190.75, 620.0], [4191.25, 4956.0], [4191.5, 14418.0], [4191.75, 620.0], [4192.0, 5250.0], [4192.25, 17499.0], [4192.5, 601.0], [4192.75, 2002.0], [4193.25, 628.0], [4193.75, 611.0], [4194.75, 2513.0]]}}}
{"jsonrpc": "2.0", "method": "subscription", "params": {"channel": "book.ETH-3OCT25.none.20.100ms", "data": {"timestamp": 1758604912705, "change_id": 87595129646, "instrument_name": "ETH-3OCT25", "bids": [[4187.0, 17809.0], [4186.75, 27410.0], [4186.5, 33650.0], [4186.25, 61701.0], [4186.0, 6030.0], [4185.5, 6797.0], [4185.25, 22655.0], [4185.0, 638.0], [4184.5, 638.0], [4184.25, 5254.0], [4184.0, 21642.0], [4183.75, 13762.0], [4182.75, 629.0], [4182.5, 789.0], [4182.25, 2630.0], [4181.0, 1865.0], [4180.75, 6215.0], [4180.5, 563.0], [4180.25, 1875.0], [4180.0, 5986.0]], "asks": [[4187.25, 8759.0], [4187.5, 44800.0], [4187.75, 66837.0], [4188.0, 35506.0], [4188.25, 49057.0], [4189.0, 1250.0], [4189.25, 491.0], [4189.5, 1638.0], [4190.25, 10.0], [4190.75, 620.0], [4191.25, 4956.0], [4191.5, 14418.0], [4191.75, 620.0], [4192.0, 5250.0], [4192.25, 17499.0], [4192.5, 601.0], [4192.75, 2002.0], [4193.25, 628.0], [4193.75, 611.0], [4194.75, 2513.0]]}}}
{"jsonrpc": "2.0", "method": "subscription", "params": {"channel": "book.ETH-3OCT25.none.20.100ms", "data": {"timestamp": 1758604913160, "change_id": 87595130257, "instrument_name": "ETH-3OCT25", "bids": [[4187.0, 24209.0], [4186.75, 27410.0], [4186.5, 37216.0], [4186.25, 61701.0], [4186.0, 6030.0], [4185.5, 6797.0], [4185.25, 22655.0], [4184.5, 638.0], [4184.25, 5254.0], [4184.0, 21642.0], [4183.75, 13762.0], [4182.75, 629.0], [4182.5, 789.0], [4182.25, 2630.0], [4181.0, 1865.0], [4180.75, 6215.0], [4180.5, 563.0], [4180.25, 1875.0], [4180.0, 5986.0], [4179.75, 19926.0]], "asks": [[4187.5, 23580.0], [4187.75, 75596.0], [4188.0, 35506.0], [4188.25, 70277.0], [4189.0, 1250.0], [4189.25, 491.0], [4189.5, 1638.0], [4190.25, 10.0], [4190.75, 620.0], [4191.25, 4956.0], [4191.5, 14418.0], [4191.75, 620.0], [4192.0, 5250.0], [4192.25, 17499.0], [4192.5, 601.0], [4192.75, 2002.0], [4193.25, 628.0], [4193.75, 611.0], [4194.75, 2513.0], [4195.0, 6310.0]]}}}
{"jsonrpc": "2.0", "method": "subscription", "params": {"channel": "book.ETH-3OCT25.none.20.100ms", "data": {"timestamp": 1758604913805, "change_id": 87595131033, "instrument_name": "ETH-3OCT25", "bids": [[4187.0, 17809.0], [4186.75, 27410.0], [4186.5, 37216.0], [4186.25, 61701.0], [4186.0, 6030.0], [4185.5, 6797.0], [4185.25, 22655.0], [4184.5, 638.0], [4184.25, 5254.0], [4184.0, 21642.0], [4183.75, 13762.0], [4182.75, 629.0], [4182.5, 789.0], [4182.25, 2630.0], [4181.0, 1865.0], [4180.75, 6215.0], [4180.5, 563.0], [4180.25, 1875.0], [4180.0, 5986.0], [4179.75, 19926.0]], "asks": [[4187.5, 23580.0], [4187.75, 75596.0], [4188.0, 35506.0], [4188.25, 70277.0], [4189.0, 1250.0], [4189.25, 491.0], [4189.5, 1638.0], [4190.25, 10.0], [4190.75, 620.0], [4191.25, 4956.0], [4191.5, 14418.0], [4191.75, 620.0], [4192.0, 5250.0], [4192.25, 17499.0], [4192.5, 601.0], [4192.75, 2002.0], [4193.25, 628.0], [4193.75, 611.0], [4194.75, 2513.0], [4195.0, 6310.0]]}}}
{"jsonrpc": "2.0", "method": "subscription", "params": {"channel": "book.ETH-3OCT25.none.20.100ms", "data": {"timestamp": 1758604914545, "change_id": 87595131909, "instrument_name": "ETH-3OCT25", "bids": [[4187.0, 17809.0], [4186.75, 27410.0], [4186.5, 44284.0], [4186.25, 52942.0], [4186.0, 6030.0], [4185.5, 6797.0], [4185.25, 22655.0], [4184.5, 638.0], [4184.25, 5254.0], [4184.0, 21642.0], [4183.75, 13762.0], [4182.75, 629.0], [4182.5, 789.0], [4182.25, 2630.0], [4181.0, 1865.0], [4180.75, 6215.0], [4180.5, 563.0], [4180.25, 1875.0], [4180.0, 5986.0], [4179.75, 19926.0]], "asks": [[4187.5, 23580.0], [4187.75, 66837.0], [4188.0, 35506.0], [4188.25, 70277.0], [4189.0, 1250.0], [4189.25, 491.0], [4189.5, 1638.0], [4190.25, 10.0], [4190.75, 620.0], [4191.25, 4956.0], [4191.5, 14418.0], [4191.75, 620.0], [4192.0, 5250.0], [4192.25, 17499.0], [4192.5, 601.0], [4192.75, 2002.0], [4193.25, 628.0], [4193.75, 611.0], [4194.75, 2513.0], [4195.0, 6310.0]]}}}
{"jsonrpc": "2.0", "method": "subscription", "params": {"channel": "book.ETH-3OCT25.none.20.100ms", "data": {"timestamp": 1758604914628, "change_id": 87595132140, "instrument_name": "ETH-3OCT25", "bids": [[4187.0, 17809.0], [4186.75, 27410.0], [4186.5, 44284.0], [4186.25, 52942.0], [4186.0, 6030.0], [4185.5, 6797.0], [4185.25, 22655.0], [4184.5, 638.0], [4184.25, 5254.0], [4184.0, 21642.0], [4183.75, 13762.0], [4182.75, 629.0], [4182.5, 789.0], [4182.25, 2630.0], [4181.0, 1865.0], [4180.75, 6215.0], [4180.5, 563.0], [4180.25, 1875.0], [4180.0, 5986.0], [4179.75, 19926.0]], "asks": [[4187.25, 13468.0], [4187.5, 44800.0], [4187.75, 66837.0], [4188.0, 35506.0], [4188.25, 49057.0], [4189.0, 1250.0], [4189.25, 491.0], [4189.5, 1638.0], [4190.25, 10.0], [4190.75, 620.0], [4191.25, 4956.0], [4191.5, 14418.0], [4191.75, 620.0], [4192.0, 5250.0], [4192.25, 17499.0], [4192.5, 601.0], [4192.75, 2002.0], [4193.25, 628.0], [4193.75, 611.0], [4194.75, 2513.0]]}}}
{"jsonrpc": "2.0", "method": "subscription", "params": {"channel": "book.ETH-3OCT25.none.20.100ms", "data": {"timestamp": 1758604915107, "change_id": 87595132546, "instrument_name": "ETH-3OCT25", "bids": [[4187.0, 22309.0], [4186.75, 27410.0], [4186.5, 44284.0], [4186.25, 52942.0], [4186.0, 6030.0], [4185.5, 6797.0], [4185.25, 22655.0], [4184.5, 638.0], [4184.25, 5254.0], [4184.0, 21642.0], [4183.75, 13762.0], [4182.75, 629.0], [4182.5, 789.0], [4182.25, 2630.0], [4181.0, 1865.0], [4180.75, 6215.0], [4180.5, 563.0], [4180.25, 1875.0], [4180.0, 5986.0], [4179.75, 19926.0]], "asks": [[4187.25, 13468.0], [4187.5, 44800.0], [4187.75, 66837.0], [4188.0, 35506.0], [4188.25, 49057.0], [4189.0, 1250.0], [4189.25, 491.0], [4189.5, 1638.0], [4190.25, 10.0], [4190.75, 620.0], [4191.25, 4956.0], [4191.5, 14418.0], [4191.75, 620.0], [4192.0, 5250.0], [4192.25, 17499.0], [4192.5, 601.0], [4192.75, 2002.0], [4193.25, 628.0], [4193.75, 611.0], [4194.75, 2513.0]]}}}
{"jsonrpc": "2.0", "method": "subscription", "params": {"channel": "book.ETH-3OCT25.none.20.100ms", "data": {"timestamp": 1758604915229, "change_id": 87595132727, "instrument_name": "ETH-3OCT25", "bids": [[4187.0, 22309.0], [4186.75, 27410.0], [4186.5, 44284.0], [4186.25, 52942.0], [4186.0, 6030.0], [4185.5, 6797.0], [4185.25, 22655.0], [4184.5, 638.0], [4184.25, 5254.0], [4184.0, 21642.0], [4183.75, 13762.0], [4182.75, 629.0], [4182.5, 789.0], [4182.25, 2630.0], [4181.0, 1865.0], [4180.75, 6215.0], [4180.5, 563.0], [4180.25, 1875.0], [4180.0, 5986.0], [4179.75, 19926.0]], "asks": [[4187.25, 7068.0], [4187.5, 44800.0], [4187.75, 66837.0], [4188.0, 35506.0], [4188.25, 49057.0], [4189.0, 1250.0], [4189.25, 491.0], [4189.5, 1638.0], [4190.25, 10.0], [4190.75, 620.0], [4191.25, 4956.0], [4191.5, 14418.0], [4191.75, 620.0], [4192.0, 5250.0], [4192.25, 17499.0], [4192.5, 601.0], [4192.75, 2002.0], [4193.25, 628.0], [4193.75, 611.0], [4194.75, 2513.0]]}}}
{"jsonrpc": "2.0", "method": "subscription", "params": {"channel": "book.ETH-3OCT25.none.20.100ms", "data": {"timestamp": 1758604915687, "change_id": 87595133302, "instrument_name": "ETH-3OCT25", "bids": [[4187.0, 17809.0], [4186.75, 27410.0], [4186.5, 40718.0], [4186.25, 31061.0], [4186.0, 30030.0], [4185.5, 6797.0], [4185.25, 22655.0], [4184.5, 638.0], [4184.25, 5254.0], [4184.0, 21642.0], [4183.75, 13762.0], [4182.75, 629.0], [4182.5, 789.0], [4182.25, 2630.0], [4181.0, 1865.0], [4180.75, 6215.0], [4180.5, 563.0], [4180.25, 1875.0], [4180.0, 5986.0], [4179.75, 19926.0]], "asks": [[4187.25, 7068.0], [4187.5, 44800.0], [4187.75, 66837.0], [4188.0, 35506.0], [4188.25, 49057.0], [4189.0, 1250.0], [4189.25, 491.0], [4189.5, 1638.0], [4190.25, 10.0], [4190.75, 620.0], [4191.25, 4956.0], [4191.5, 14418.0], [4191.75, 620.0], [4192.0, 5250.0], [4192.25, 17499.0], [4192.5, 601.0], [4192.75, 2002.0], [4193.25, 628.0], [4193.75, 611.0], [4194.75, 2513.0]]}}}
{"jsonrpc": "2.0", "method": "subscription", "params": {"channel": "book.ETH-3OCT25.none.20.100ms", "data": {"timestamp": 1758604916181, "change_id": 87595134043, "instrument_name": "ETH-3OCT25", "bids": [[4187.0, 17809.0], [4186.75, 27410.0], [4186.5, 40718.0], [4186.25, 31061.0], [4186.0, 30030.0], [4185.5, 6797.0], [4185.25, 22655.0], [4184.5, 638.0], [4184.25, 5254.0], [4184.0, 21642.0], [4183.75, 13762.0], [4182.75, 629.0], [4182.5, 789.0], [4182.25, 2630.0], [4181.0, 1865.0], [4180.75, 6215.0], [4180.5, 563.0], [4180.25, 1875.0], [4180.0, 5986.0], [4179.75, 19926.0]], "asks": [[4187.25, 6400.0], [4187.5, 44800.0], [4187.75, 66837.0], [4188.0, 35506.0], [4188.25, 49057.0], [4189.0, 1250.0], [4189.25, 491.0], [4189.5, 1638.0], [4190.25, 10.0], [4190.75, 620.0], [4191.25, 4956.0], [4191.5, 14418.0], [4191.75, 620.0], [4192.0, 5250.0], [4192.25, 17499.0], [4193.25, 628.0], [4193.75, 611.0], [4194.75, 2513.0], [4195.0, 6310.0], [4195.25, 620.0]]}}}
{"jsonrpc": "2.0", "method": "subscription", "params": {"channel": "book.ETH-3OCT25.none.20.100ms", "data": {"timestamp": 1758604916261, "change_id": 87595134157, "instrument_name": "ETH-3OCT25", "bids": [[4187.0, 17809.0], [4186.75, 27410.0], [4186.5, 40718.0], [4186.25, 31061.0], [4186.0, 30030.0], [4185.5, 6797.0], [4185.25, 22655.0], [4184.5, 638.0], [4184.25, 5254.0], [4184.0, 21642.0], [4183.75, 13762.0], [4182.75, 629.0], [4182.5, 789.0], [4182.25, 2630.0], [4181.0, 1865.0], [4180.75, 6215.0], [4180.5, 563.0], [4180.25, 1875.0], [4180.0, 5986.0], [4179.75, 19926.0]], "asks": [[4187.25, 13468.0], [4187.5, 44800.0], [4187.75, 66837.0], [4188.0, 35506.0], [4188.25, 49057.0], [4189.0, 1250.0], [4189.25, 491.0], [4189.5, 1638.0], [4190.25, 10.0], [4190.75, 620.0], [4191.25, 4956.0], [4191.5, 14418.0], [4191.75, 620.0], [4192.0, 5250.0], [4192.25, 17499.0], [4193.25, 628.0], [4193.75, 611.0], [4194.75, 2513.0], [4195.0, 6310.0], [4195.25, 620.0]]}}}
{"jsonrpc": "2.0", "method": "subscription", "params": {"channel": "book.ETH-3OCT25.none.20.100ms", "data": {"timestamp": 1758604916752, "change_id": 87595134836, "instrument_name": "ETH-3OCT25", "bids": [[4187.0, 17809.0], [4186.75, 27410.0], [4186.5, 40718.0], [4186.25, 27250.0], [4186.0, 30030.0], [4185.5, 6797.0], [4185.25, 22655.0], [4184.5, 638.0], [4184.25, 5254.0], [4184.0, 21642.0], [4183.75, 13762.0], [4182.75, 629.0], [4182.5, 789.0], [4182.25, 2630.0], [4181.0, 1865.0], [4180.75, 6215.0], [4180.5, 563.0], [4180.25, 1875.0], [4180.0, 5986.0], [4179.75, 19926.0]], "asks": [[4187.25, 13468.0], [4187.5, 44800.0], [4187.75, 66837.0], [4188.0, 21220.0], [4188.25, 20160.0], [4188.75, 375.0], [4189.0, 1250.0], [4189.25, 491.0], [4189.5, 1638.0], [4190.25, 10.0], [4190.75, 620.0], [4191.25, 4956.0], [4191.5, 16420.0], [4191.75, 620.0], [4192.0, 5250.0], [4192.25, 17499.0], [4193.25, 628.0], [4193.75, 611.0], [4194.75, 2513.0], [4195.0, 6310.0]]}}}
{"jsonrpc": "2.0", "method": "subscription", "params": {"channel": "book.ETH-3OCT25.none.20.100ms", "data": {"timestamp": 1758604916908, "change_id": 87595134960, "instrument_name": "ETH-3OCT25", "bids": [[4187.0, 17809.0], [4186.75, 27410.0], [4186.5, 40718.0], [4186.25, 27250.0], [4186.0, 30030.0], [4185.5, 6797.0], [4185.25, 22655.0], [4184.5, 638.0], [4184.25, 5254.0], [4184.0, 21642.0], [4183.75, 13762.0], [4182.75, 629.0], [4182.5, 789.0], [4182.25, 2630.0], [4181.0, 1865.0], [4180.75, 6215.0], [4180.5, 563.0], [4180.25, 1875.0], [4180.0, 5986.0], [4179.75, 19926.0]], "asks": [[4187.25, 13468.0], [4187.5, 44800.0], [4187.75, 66837.0], [4188.0, 50116.0], [4188.25, 20160.0], [4188.75, 375.0], [4189.0, 1250.0], [4189.25, 491.0], [4189.5, 1638.0], [4190.25, 10.0], [4190.75, 620.0], [4191.25, 4956.0], [4191.5, 16420.0], [4191.75, 620.0], [4192.0, 5250.0], [4192.25, 17499.0], [4193.25, 628.0], [4193.75, 611.0], [4194.75, 2513.0], [4195.0, 6310.0]]}}}
{"jsonrpc": "2.0", "method": "subscription", "params": {"channel": "book.ETH-3OCT25.none.20.100ms", "data": {"timestamp": 1758604917498, "change_id": 87595135589, "instrument_name": "ETH-3OCT25", "bids": [[4187.0, 7095.0], [4186.75, 27410.0], [4186.5, 40718.0], [4186.25, 28170.0], [4186.0, 30030.0], [4185.5, 6797.0], [4185.25, 22655.0], [4184.5, 638.0], [4184.0, 4767.0], [4183.75, 13762.0], [4182.75, 629.0], [4182.5, 789.0], [4182.25, 2630.0], [4181.0, 1865.0], [4180.75, 6215.0], [4180.5, 563.0], [4180.25, 1875.0], [4180.0, 5986.0], [4179.75, 19926.0], [4178.25, 44492.0]], "asks": [[4187.25, 13468.0], [4187.5, 44800.0], [4187.75, 66837.0], [4188.0, 50116.0], [4188.25, 20160.0], [4188.75, 375.0], [4189.0, 1250.0], [4189.25, 491.0], [4189.5, 1638.0], [4190.25, 10.0], [4190.5, 5249.0], [4190.75, 17495.0], [4191.25, 4956.0], [4191.5, 16420.0], [4191.75, 620.0], [4192.25, 624.0], [4193.25, 628.0], [4193.75, 611.0], [4194.75, 2513.0], [4195.0, 6310.0]]}}}
{"jsonrpc": "2.0", "method": "subscription", "params": {"channel": "book.ETH-3OCT25.none.20.100ms", "data": {"timestamp": 1758604917797, "change_id": 87595136212, "instrument_name": "ETH-3OCT25", "bids": [[4187.0, 17808.0], [4186.75, 29644.0], [4186.5, 43933.0], [4186.25, 52944.0], [4186.0, 6030.0], [4185.5, 6797.0], [4185.25, 22655.0], [4184.5, 638.0], [4184.25, 5254.0], [4184.0, 21642.0], [4183.75, 13762.0], [4182.75, 629.0], [4182.5, 789.0], [4182.25, 2630.0], [4181.0, 1865.0], [4180.75, 6215.0], [4180.5, 563.0], [4180.25, 1875.0], [4180.0, 5986.0], [4179.75, 19926.0]], "asks": [[4187.25, 6400.0], [4187.5, 30648.0], [4187.75, 66837.0], [4188.0, 50116.0], [4188.25, 20160.0], [4188.75, 375.0], [4189.0, 1250.0], [4189.25, 491.0], [4189.5, 1638.0], [4190.25, 10.0], [4190.5, 5249.0], [4190.75, 17495.0], [4191.25, 4956.0], [4191.5, 16420.0], [4191.75, 620.0], [4192.25, 624.0], [4193.25, 628.0], [4193.75, 611.0], [4194.75, 2513.0], [4195.0, 6310.0]]}}}
{"jsonrpc": "2.0", "method": "subscription", "params": {"channel": "book.ETH-3OCT25.none.20.100ms", "data": {"timestamp": 1758604917918, "change_id": 87595136414, "instrument_name": "ETH-3OCT25", "bids": [[4187.0, 17808.0], [4186.75, 27410.0], [4186.5, 43933.0], [4186.25, 52944.0], [4186.0, 6030.0], [4185.5, 6797.0], [4185.25, 22655.0], [4184.5, 638.0], [4184.25, 5254.0], [4184.0, 21642.0], [4183.75, 13762.0], [4182.75, 629.0], [4182.5, 789.0], [4182.25, 2630.0], [4181.0, 1865.0], [4180.75, 6215.0], [4180.5, 563.0], [4180.25, 1875.0], [4180.0, 5986.0], [4179.75, 19926.0]], "asks": [[4187.25, 6400.0], [4187.5, 51868.0], [4187.75, 66837.0], [4188.0, 50116.0], [4188.25, 20160.0], [4188.75, 375.0], [4189.0, 1250.0], [4189.25, 491.0], [4189.5, 1638.0], [4190.25, 10.0], [4190.5, 5249.0], [4190.75, 17495.0], [4191.25, 4956.0], [4191.5, 16420.0], [4191.75, 620.0], [4192.25, 624.0], [4193.25, 628.0], [4193.75, 611.0], [4194.75, 2513.0], [4195.0, 6310.0]]}}}
{"jsonrpc": "2.0", "method": "subscription", "params": {"channel": "book.ETH-3OCT25.none.20.100ms", "data": {"timestamp": 1758604918475, "change_id": 87595137082, "instrument_name": "ETH-3OCT25", "bids": [[4187.0, 17808.0], [4186.75, 27410.0], [4186.5, 40718.0], [4186.25, 52944.0], [4186.0, 6030.0], [4185.5, 6797.0], [4185.25, 22655.0], [4184.5, 638.0], [4184.25, 5254.0], [4184.0, 21642.0], [4183.75, 13762.0], [4182.75, 629.0], [4182.5, 789.0], [4182.25, 2630.0], [4181.0, 1865.0], [4180.75, 6215.0], [4180.5, 563.0], [4180.25, 1875.0], [4180.0, 5986.0], [4179.75, 19926.0]], "asks": [[4187.25, 6400.0], [4187.5, 51868.0], [4187.75, 66837.0], [4188.0, 50116.0], [4188.25, 20160.0], [4188.75, 375.0], [4189.0, 1250.0], [4189.25, 491.0], [4189.5, 1638.0], [4190.25, 10.0], [4190.5, 5249.0], [4190.75, 17495.0], [4191.25, 4956.0], [4191.5, 16420.0], [4191.75, 620.0], [4192.25, 624.0], [4193.25, 628.0], [4193.75, 611.0], [4194.75, 2513.0], [4195.0, 6310.0]]}}}
{"jsonrpc": "2.0", "method": "subscription", "params": {"channel": "book.ETH-3OCT25.none.20.100ms", "data": {"timestamp": 1758604918757, "change_id": 87595137531, "instrument_name": "ETH-3OCT25", "bids": [[4187.0, 17808.0], [4186.75, 27410.0], [4186.5, 40718.0], [4186.25, 52944.0], [4186.0, 6030.0], [4185.5, 6797.0], [4185.25, 22655.0], [4184.5, 638.0], [4184.25, 5254.0], [4184.0, 21642.0], [4183.75, 13762.0], [4182.75, 629.0], [4182.5, 789.0], [4182.25, 2630.0], [4181.0, 1865.0], [4180.75, 6215.0], [4180.5, 563.0], [4180.25, 1875.0], [4180.0, 5986.0], [4179.75, 19926.0]], "asks": [[4187.25, 6400.0], [4187.5, 51868.0], [4187.75, 66837.0], [4188.0, 50116.0], [4188.25, 20160.0], [4188.75, 375.0], [4189.0, 1250.0], [4189.25, 491.0], [4189.5, 1638.0], [4190.25, 10.0], [4190.5, 5249.0], [4190.75, 17495.0], [4191.25, 4956.0], [4191.5, 16420.0], [4192.25, 624.0], [4193.25, 628.0], [4193.75, 611.0], [4194.75, 2513.0], [4195.0, 6310.0], [4195.25, 620.0]]}}}
{"jsonrpc": "2.0", "method": "subscription", "params": {"channel": "book.ETH-3OCT25.none.20.100ms", "data": {"timestamp": 1758604919091, "change_id": 87595137848, "instrument_name": "ETH-3OCT25", "bids": [[4187.0, 17808.0], [4186.75, 34478.0], [4186.5, 33650.0], [4186.25, 52944.0], [4186.0, 6030.0], [4185.5, 6797.0], [4185.25, 22655.0], [4184.5, 638.0], [4184.25, 5254.0], [4184.0, 21642.0], [4183.75, 13762.0], [4182.75, 629.0], [4182.5, 789.0], [4182.25, 2630.0], [4181.0, 1865.0], [4180.75, 6215.0], [4180.5, 563.0], [4180.25, 1875.0], [4180.0, 5986.0], [4179.75, 19926.0]], "asks": [[4187.25, 13468.0], [4187.5, 44800.0], [4187.75, 66837.0], [4188.0, 50116.0], [4188.25, 20160.0], [4188.75, 375.0], [4189.0, 1250.0], [4189.25, 491.0], [4189.5, 1638.0], [4190.25, 10.0], [4190.5, 5249.0], [4190.75, 17495.0], [4191.25, 4956.0], [4191.5, 16420.0], [4192.25, 624.0], [4193.25, 628.0], [4193.75, 611.0], [4194.75, 2513.0], [4195.0, 6310.0], [4195.25, 620.0]]}}}
{"jsonrpc": "2.0", "method": "subscription", "params": {"channel": "book.ETH-3OCT25.none.20.100ms", "data": {"timestamp": 1758604920167, "change_id": 87595139347, "instrument_name": "ETH-3OCT25", "bids": [[4187.0, 7095.0], [4186.75, 6190.0], [4186.5, 27250.0], [4186.25, 27250.0], [4186.0, 6030.0], [4185.5, 6797.0], [4185.25, 22655.0], [4184.5, 638.0], [4184.0, 638.0], [4182.75, 629.0], [4182.5, 789.0], [4182.25, 2630.0], [4181.0, 1865.0], [4180.75, 6215.0], [4180.5, 563.0], [4180.25, 1875.0], [4180.0, 5986.0], [4179.75, 19926.0], [4178.25, 44492.0], [4177.25, 2002.0]], "asks": [[4187.25, 13468.0], [4187.5, 49171.0], [4187.75, 66837.0], [4188.0, 50116.0], [4188.25, 20160.0], [4188.75, 375.0], [4189.0, 1250.0], [4189.25, 491.0], [4189.5, 1638.0], [4190.25, 10.0], [4190.5, 5249.0], [4190.75, 17495.0], [4191.25, 4956.0], [4191.5, 16420.0], [4192.25, 624.0], [4193.25, 628.0], [4193.75, 611.0], [4194.75, 2513.0], [4195.0, 6310.0], [4195.25, 620.0]]}}}
{"jsonrpc": "2.0", "method": "subscription", "params": {"channel": "book.ETH-3OCT25.none.20.100ms", "data": {"timestamp": 1758604920319, "change_id": 87595139740, "instrument_name": "ETH-3OCT25", "bids": [[4187.0, 11963.0], [4186.75, 6030.0], [4186.5, 34318.0], [4186.25, 27250.0], [4186.0, 9576.0], [4185.75, 29845.0], [4185.5, 6797.0], [4185.25, 22655.0], [4184.5, 638.0], [4184.0, 17513.0], [4183.0, 4457.0], [4182.75, 14858.0], [4182.5, 789.0], [4182.25, 2630.0], [4180.75, 1865.0], [4180.5, 6778.0], [4180.25, 1875.0], [4180.0, 8.0], [4179.75, 631.0], [4178.5, 13348.0]], "asks": [[4187.25, 13468.0], [4187.5, 69171.0], [4187.75, 66837.0], [4188.0, 50116.0], [4188.25, 160.0], [4188.75, 375.0], [4189.0, 1250.0], [4189.25, 491.0], [4189.5, 1638.0], [4190.25, 10.0], [4190.5, 5249.0], [4190.75, 17495.0], [4191.25, 4956.0], [4191.5, 16420.0], [4192.25, 624.0], [4193.25, 628.0], [4193.75, 611.0], [4194.75, 2513.0], [4195.0, 6310.0], [4195.25, 620.0]]}}}
{"jsonrpc": "2.0", "method": "subscription", "params": {"channel": "book.ETH-3OCT25.none.20.100ms", "data": {"timestamp": 1758604920598, "change_id": 87595140286, "instrument_name": "ETH-3OCT25", "bids": [[4187.0, 11963.0], [4186.75, 27250.0], [4186.5, 34318.0], [4186.25, 28255.0], [4186.0, 9576.0], [4185.75, 29845.0], [4185.5, 6797.0], [4185.25, 22655.0], [4184.5, 638.0], [4184.0, 17513.0], [4183.0, 4457.0], [4182.75, 14858.0], [4182.5, 789.0], [4182.25, 2630.0], [4180.75, 1865.0], [4180.5, 6778.0], [4180.25, 1875.0], [4180.0, 8.0], [4179.75, 631.0], [4178.5, 13348.0]], "asks": [[4187.25, 13468.0], [4187.5, 69171.0], [4187.75, 66837.0], [4188.0, 50116.0], [4188.25, 160.0], [4188.75, 375.0], [4189.0, 1250.0], [4189.25, 491.0], [4189.5, 1638.0], [4190.25, 10.0], [4190.5, 5249.0], [4190.75, 17495.0], [4191.25, 4956.0], [4191.5, 16420.0], [4192.25, 624.0], [4193.25, 628.0], [4193.75, 611.0], [4194.75, 2513.0], [4195.0, 6310.0], [4195.25, 620.0]]}}}
{"jsonrpc": "2.0", "method": "subscription", "params": {"channel": "book.ETH-3OCT25.none.20.100ms", "data": {"timestamp": 1758604921155, "change_id": 87595141643, "instrument_name": "ETH-3OCT25", "bids": [[4186.75, 6030.0], [4186.5, 6030.0], [4186.25, 6030.0], [4186.0, 28660.0], [4185.75, 5845.0], [4185.5, 30797.0], [4185.25, 22655.0], [4184.5, 638.0], [4184.0, 638.0], [4183.5, 17494.0], [4183.0, 4457.0], [4182.75, 14858.0], [4182.5, 789.0], [4182.25, 2630.0], [4180.5, 563.0], [4180.25, 8090.0], [4180.0, 8.0], [4179.75, 631.0], [4178.5, 13348.0], [4178.25, 44492.0]], "asks": [[4187.0, 18468.0], [4187.25, 78119.0], [4187.5, 53271.0], [4187.75, 25882.0], [4188.0, 28896.0], [4188.5, 1869.0], [4189.25, 4684.0], [4189.5, 15819.0], [4190.25, 10.0], [4190.5, 5249.0], [4190.75, 17495.0], [4191.25, 1232.0], [4191.5, 2002.0], [4192.25, 624.0], [4193.25, 628.0], [4193.75, 611.0], [4194.75, 2513.0], [4195.0, 6310.0], [4195.25, 620.0], [4196.0, 8.0]]}}}
{"jsonrpc": "2.0", "method": "subscription", "params": {"channel": "book.ETH-3OCT25.none.20.100ms", "data": {"timestamp": 1758604921422, "change_id": 87595142086, "instrument_name": "ETH-3OCT25", "bids": [[4186.75, 6030.0], [4186.5, 17993.0], [4186.25, 34318.0], [4186.0, 28798.0], [4185.75, 9445.0], [4185.5, 30797.0], [4185.25, 22655.0], [4184.5, 638.0], [4184.0, 638.0], [4183.5, 17494.0], [4183.0, 4457.0], [4182.75, 14858.0], [4182.5, 789.0], [4182.25, 2630.0], [4180.5, 563.0], [4180.25, 8090.0], [4180.0, 8.0], [4179.75, 631.0], [4178.5, 13348.0], [4178.25, 44492.0]], "asks": [[4187.0, 18468.0], [4187.25, 78119.0], [4187.5, 53271.0], [4187.75, 21380.0], [4188.5, 1869.0], [4189.25, 4684.0], [4189.5, 15819.0], [4190.25, 10.0], [4190.5, 5249.0], [4190.75, 17495.0], [4191.25, 1232.0], [4191.5, 2002.0], [4192.25, 624.0], [4193.25, 628.0], [4193.75, 611.0], [4194.75, 2513.0], [4195.0, 6310.0], [4195.25, 620.0], [4196.0, 8.0], [4196.25, 601.0]]}}}
{"jsonrpc": "2.0", "method": "subscription", "params": {"channel": "book.ETH-3OCT25.none.20.100ms", "data": {"timestamp": 1758604921810, "change_id": 87595142864, "instrument_name": "ETH-3OCT25", "bids": [[4186.75, 6030.0], [4186.5, 46281.0], [4186.25, 27250.0], [4186.0, 31135.0], [4185.75, 29845.0], [4185.5, 6797.0], [4185.25, 22655.0], [4184.0, 638.0], [4183.5, 17494.0], [4183.0, 4457.0], [4182.75, 14858.0], [4182.5, 789.0], [4182.25, 2630.0], [4180.5, 563.0], [4180.25, 8090.0], [4180.0, 8.0], [4179.75, 631.0], [4178.5, 13348.0], [4178.25, 44492.0], [4177.5, 19295.0]], "asks": [[4187.0, 18468.0], [4187.25, 78119.0], [4187.5, 53271.0], [4187.75, 21380.0], [4188.5, 1869.0], [4189.25, 4684.0], [4189.5, 15819.0], [4190.25, 10.0], [4190.5, 5249.0], [4190.75, 17495.0], [4191.25, 631.0], [4193.25, 628.0], [4193.75, 611.0], [4194.75, 2513.0], [4195.0, 6310.0], [4195.25, 620.0], [4196.0, 8.0], [4196.5, 5755.0], [4196.75, 19184.0], [4197.75, 13790.0]]}}}
{"jsonrpc": "2.0", "method": "subscription", "params": {"channel": "book.ETH-3OCT25.none.20.100ms", "data": {"timestamp": 1758604922114, "change_id": 87595143313, "instrument_name": "ETH-3OCT25", "bids": [[4186.75, 6030.0], [4186.5, 17993.0], [4186.25, 6030.0], [4186.0, 27410.0], [4185.75, 29845.0], [4185.25, 22655.0], [4184.0, 638.0], [4183.5, 17494.0], [4183.0, 4457.0], [4182.75, 14858.0], [4182.5, 789.0], [4182.25, 2630.0], [4180.5, 563.0], [4180.25, 8090.0], [4180.0, 8.0], [4179.75, 631.0], [4178.5, 13348.0], [4178.25, 44492.0], [4177.5, 19295.0], [4177.25, 2621.0]], "asks": [[4187.0, 18468.0], [4187.25, 78119.0], [4187.5, 53271.0], [4187.75, 33902.0], [4188.5, 1869.0], [4189.25, 4684.0], [4189.5, 15819.0], [4190.25, 10.0], [4190.5, 5249.0], [4190.75, 17495.0], [4191.25, 631.0], [4191.5, 2002.0], [4193.25, 628.0], [4193.75, 611.0], [4194.75, 2513.0], [4195.0, 6310.0], [4195.25, 620.0], [4196.0, 8.0], [4196.25, 601.0], [4196.5, 7757.0]]}}}
{"jsonrpc": "2.0", "method": "subscription", "params": {"channel": "book.ETH-3OCT25.none.20.100ms", "data": {"timestamp": 1758604922282, "change_id": 87595143653, "instrument_name": "ETH-3OCT25", "bids": [[4186.75, 6030.0], [4186.5, 17992.0], [4186.25, 6030.0], [4186.0, 34478.0], [4185.75, 29845.0], [4185.5, 5599.0], [4185.25, 22655.0], [4184.0, 638.0], [4183.75, 5248.0], [4183.5, 17494.0], [4183.0, 4457.0], [4182.75, 14858.0], [4182.5, 789.0], [4182.25, 2630.0], [4180.5, 2357.0], [4180.25, 8090.0], [4180.0, 8.0], [4179.75, 631.0], [4178.5, 13348.0], [4178.25, 44492.0]], "asks": [[4187.0, 18468.0], [4187.25, 78119.0], [4187.5, 53271.0], [4187.75, 33902.0], [4188.25, 561.0], [4188.5, 1869.0], [4189.25, 4684.0], [4189.5, 15819.0], [4190.25, 10.0], [4190.5, 5249.0], [4190.75, 17495.0], [4191.25, 1232.0], [4191.5, 2002.0], [4193.25, 628.0], [4193.75, 611.0], [4194.75, 2513.0], [4195.0, 6310.0], [4195.25, 620.0], [4196.0, 8.0], [4196.25, 601.0]]}}}
{"jsonrpc": "2.0", "method": "subscription", "params": {"channel": "book.ETH-3OCT25.none.20.100ms", "data": {"timestamp": 1758604922617, "change_id": 87595145020, "instrument_name": "ETH-3OCT25", "bids": [[4186.75, 6030.0], [4186.5, 7280.0], [4186.25, 16742.0], [4186.0, 27250.0], [4185.75, 12913.0], [4185.5, 160.0], [4185.25, 46655.0], [4184.0, 638.0], [4183.5, 619.0], [4183.25, 16875.0], [4182.75, 629.0], [4182.5, 789.0], [4182.25, 2630.0], [4181.0, 13950.0], [4180.75, 619.0], [4180.5, 2357.0], [4180.25, 8090.0], [4180.0, 8.0], [4179.75, 631.0], [4178.5, 13348.0]], "asks": [[4187.0, 18468.0], [4187.25, 78119.0], [4187.5, 53271.0], [4187.75, 21380.0], [4188.25, 561.0], [4188.5, 1869.0], [4189.25, 4684.0], [4189.5, 15819.0], [4190.25, 10.0], [4190.5, 5249.0], [4190.75, 17495.0], [4191.25, 1232.0], [4191.5, 2002.0], [4193.25, 628.0], [4193.75, 611.0], [4194.75, 2513.0], [4195.0, 6310.0], [4195.25, 620.0], [4196.0, 8.0], [4196.25, 601.0]]}}}
{"jsonrpc": "2.0", "method": "subscription", "params": {"channel": "book.ETH-3OCT25.none.20.100ms", "data": {"timestamp": 1758604922918, "change_id": 87595145568, "instrument_name": "ETH-3OCT25", "bids": [[4186.75, 6030.0], [4186.5, 7280.0], [4186.25, 16742.0], [4186.0, 27250.0], [4185.75, 12913.0], [4185.5, 4265.0], [4185.25, 46655.0], [4184.0, 638.0], [4183.5, 14271.0], [4183.25, 16875.0], [4182.75, 629.0], [4182.5, 789.0], [4182.25, 2630.0], [4180.75, 619.0], [4180.5, 2357.0], [4180.25, 8090.0], [4180.0, 8.0], [4179.75, 631.0], [4178.5, 13348.0], [4178.25, 44492.0]], "asks": [[4187.0, 18468.0], [4187.25, 78119.0], [4187.5, 82163.0], [4187.75, 21380.0], [4188.25, 561.0], [4188.5, 1869.0], [4189.25, 4684.0], [4189.5, 15819.0], [4190.25, 10.0], [4190.5, 5249.0], [4190.75, 17495.0], [4191.25, 1232.0], [4191.5, 2002.0], [4193.25, 628.0], [4193.75, 611.0], [4194.75, 2513.0], [4195.0, 6310.0], [4195.25, 620.0], [4196.0, 8.0], [4196.25, 601.0]]}}}
{"jsonrpc": "2.0", "method": "subscription", "params": {"channel": "book.ETH-3OCT25.none.20.100ms", "data": {"timestamp": 1758604923174, "change_id": 87595145932, "instrument_name": "ETH-3OCT25", "bids": [[4186.75, 6030.0], [4186.5, 7280.0], [4186.25, 16742.0], [4186.0, 27250.0], [4185.75, 12913.0], [4185.5, 4265.0], [4185.25, 46655.0], [4184.0, 638.0], [4183.5, 619.0], [4183.25, 16875.0], [4182.75, 629.0], [4182.5, 789.0], [4182.25, 16292.0], [4180.75, 619.0], [4180.5, 2357.0], [4180.25, 8090.0], [4180.0, 8.0], [4179.75, 631.0], [4178.5, 13348.0], [4178.25, 44492.0]], "asks": [[4187.0, 18468.0], [4187.25, 78119.0], [4187.5, 82163.0], [4187.75, 21380.0], [4188.25, 561.0], [4188.5, 1869.0], [4189.25, 4684.0], [4189.5, 15819.0], [4190.25, 10.0], [4190.5, 5249.0], [4190.75, 17495.0], [4191.25, 1232.0], [4191.5, 2002.0], [4193.25, 628.0], [4193.75, 611.0], [4194.75, 2513.0], [4195.0, 6310.0], [4195.25, 620.0], [4196.0, 8.0], [4196.25, 601.0]]}}}
