{"jsonrpc": "2.0", "id": 1, "result": ["book.ETH-6FEB26.none.20.100ms"], "usIn": 1769164205158461, "usOut": 1769164205158639, "usDiff": 178, "testnet": false}
{"jsonrpc": "2.0", "method": "subscription", "params": {"channel": "book.ETH-6FEB26.none.20.100ms", "data": {"timestamp": 1769164204642, "change_id": 105849478350, "instrument_name": "ETH-6FEB26", "bids": [[2926.25, 4324.0], [2926.0, 80.0], [2925.75, 50.0], [2923.5, 2066.0], [2923.25, 6920.0], [2921.75, 1057.0], [2921.5, 5046.0], [2919.0, 4538.0], [2918.75, 15203.0], [2917.75, 400.0], [2917.25, 40000.0], [2916.5, 60880.0], [2913.25, 40000.0], [2908.0, 29517.0], [2906.0, 40000.0], [2903.75, 29826.0], [2897.25, 19586.0], [2892.5, 19584.0], [2871.5, 20099.0], [2856.25, 10009.0]], "asks": [[2926.75, 1104.0], [2927.0, 6713.0], [2927.25, 10924.0], [2927.5, 50.0], [2927.75, 80.0], [2928.75, 2079.0], [2929.0, 8472.0], [2929.25, 5052.0], [2931.0, 299.0], [2931.25, 5492.0], [2931.5, 15049.0], [2935.0, 29973.0], [2935.5, 40400.0], [2936.25, 1000.0], [2938.25, 29160.0], [2941.0, 29241.0], [2941.25, 40000.0], [2944.25, 40000.0], [2948.25, 30749.0], [2953.75, 20500.0]]}}}
{"jsonrpc": "2.0", "method": "subscription", "params": {"channel": "book.ETH-6FEB26.none.20.100ms", "data": {"timestamp": 1769164205306, "change_id": 105849479345, "instrument_name": "ETH-6FEB26", "bids": [[2926.25, 4324.0], [2926.0, 80.0], [2925.75, 50.0], [2923.5, 2066.0], [2923.25, 6920.0], [2919.5, 1506.0], [2919.25, 5046.0], [2919.0, 4538.0], [2918.75, 15203.0], [2917.75, 400.0], [2917.25, 40000.0], [2916.5, 60880.0], [2913.25, 40000.0], [2908.0, 29517.0], [2906.0, 40000.0], [2903.75, 29826.0], [2897.25, 19586.0], [2892.5, 19584.0], [2871.5, 20099.0], [2856.25, 10009.0]], "asks": [[2926.75, 1104.0], [2927.0, 6713.0], [2927.25, 10924.0], [2927.5, 50.0], [2927.75, 80.0], [2928.75, 2079.0], [2929.0, 8472.0], [2929.25, 5052.0], [2931.0, 299.0], [2931.25, 5492.0], [2931.5, 15049.0], [2935.0, 29973.0], [2935.5, 40400.0], [2936.25, 1000.0], [2938.25, 29160.0], [2941.0, 29241.0], [2941.25, 40000.0], [2944.25, 40000.0], [2948.25, 30749.0], [2953.75, 20500.0]]}}}
{"jsonrpc": "2.0", "method": "subscription", "params": {"channel": "book.ETH-6FEB26.none.20.100ms", "data": {"timestamp": 1769164205459, "change_id": 105849479471, "instrument_name": "ETH-6FEB26", "bids": [[2926.25, 625.0], [2926.0, 1199.0], [2925.75, 3749.0], [2923.5, 2066.0], [2923.25, 6920.0], [2919.5, 1506.0], [2919.25, 5046.0], [2919.0, 4538.0], [2918.75, 15203.0], [2917.75, 400.0], [2917.25, 40000.0], [2916.5, 60880.0], [2913.25, 40000.0], [2908.0, 29517.0], [2906.0, 40000.0], [2903.75, 29826.0], [2897.25, 19586.0], [2892.5, 19584.0], [2871.5, 20099.0], [2856.25, 10009.0]], "asks": [[2926.75, 3699.0], [2927.0, 3014.0], [2927.25, 10924.0], [2927.5, 50.0], [2927.75, 80.0], [2928.75, 2079.0], [2929.0, 8472.0], [2929.25, 5052.0], [2931.0, 299.0], [2931.25, 5492.0], [2931.5, 15049.0], [2935.0, 29973.0], [2935.5, 40400.0], [2936.25, 1000.0], [2938.25, 29160.0], [2941.0, 29241.0], [2941.25, 40000.0], [2944.25, 40000.0], [2948.25, 30749.0], [2953.75, 20500.0]]}}}
{"jsonrpc": "2.0", "method": "subscription", "params": {"channel": "book.ETH-6FEB26.none.20.100ms", "data": {"timestamp": 1769164206044, "change_id": 105849479911, "instrument_name": "ETH-6FEB26", "bids": [[2926.25, 625.0], [2926.0, 1199.0], [2925.75, 3749.0], [2923.5, 2066.0], [2923.25, 6920.0], [2919.5, 1506.0], [2919.25, 5046.0], [2919.0, 4538.0], [2918.75, 15203.0], [2917.75, 400.0], [2917.25, 40000.0], [2916.5, 60880.0], [2913.25, 40000.0], [2908.0, 29517.0], [2906.0, 40000.0], [2903.75, 29826.0], [2897.25, 19586.0], [2892.5, 19584.0], [2871.5, 20099.0], [2856.25, 10009.0]], "asks": [[2926.5, 3699.0], [2927.0, 3014.0], [2927.25, 10924.0], [2927.5, 50.0], [2927.75, 80.0], [2928.75, 2079.0], [2929.0, 8472.0], [2929.25, 5052.0], [2931.0, 299.0], [2931.25, 5492.0], [2931.5, 15049.0], [2935.0, 29973.0], [2935.5, 40400.0], [2936.25, 1000.0], [2938.25, 29160.0], [2941.0, 29241.0], [2941.25, 40000.0], [2944.25, 40000.0], [2948.25, 30749.0], [2953.75, 20500.0]]}}}
{"jsonrpc": "2.0", "method": "subscription", "params": {"channel": "book.ETH-6FEB26.none.20.100ms", "data": {"timestamp": 1769164206618, "change_id": 105849480533, "instrument_name": "ETH-6FEB26", "bids": [[2926.25, 625.0], [2926.0, 80.0], [2925.75, 1154.0], [2925.5, 3699.0], [2923.5, 2066.0], [2923.25, 6920.0], [2919.5, 1506.0], [2919.25, 5046.0], [2919.0, 4538.0], [2918.75, 15203.0], [2917.75, 400.0], [2917.25, 40000.0], [2916.5, 60880.0], [2913.25, 40000.0], [2908.0, 29517.0], [2906.0, 40000.0], [2903.75, 29826.0], [2897.25, 19586.0], [2892.5, 19584.0], [2871.5, 20099.0]], "asks": [[2926.5, 3699.0], [2927.0, 3014.0], [2927.25, 10924.0], [2927.5, 50.0], [2927.75, 80.0], [2928.75, 2079.0], [2929.0, 8472.0], [2929.25, 5052.0], [2931.0, 299.0], [2931.25, 5492.0], [2931.5, 15049.0], [2935.0, 29973.0], [2935.5, 40400.0], [2936.25, 1000.0], [2938.25, 29160.0], [2941.0, 29241.0], [2941.25, 40000.0], [2944.25, 40000.0], [2948.25, 30749.0], [2953.75, 20500.0]]}}}
{"jsonrpc": "2.0", "method": "subscription", "params": {"channel": "book.ETH-6FEB26.none.20.100ms", "data": {"timestamp": 1769164207145, "change_id": 105849480959, "instrument_name": "ETH-6FEB26", "bids": [[2926.25, 625.0], [2926.0, 80.0], [2925.75, 1154.0], [2925.5, 3699.0], [2923.5, 2066.0], [2923.25, 6920.0], [2920.0, 1506.0], [2919.75, 5046.0], [2919.0, 4538.0], [2918.75, 15203.0], [2917.75, 400.0], [2917.25, 40000.0], [2916.5, 60880.0], [2913.25, 40000.0], [2908.0, 29517.0], [2906.0, 40000.0], [2903.75, 29826.0], [2897.25, 19586.0], [2892.5, 19584.0], [2871.5, 20099.0]], "asks": [[2926.5, 3699.0], [2927.0, 3014.0], [2927.25, 10924.0], [2927.5, 50.0], [2927.75, 80.0], [2928.75, 2079.0], [2929.0, 8472.0], [2929.25, 5052.0], [2931.0, 299.0], [2931.25, 5492.0], [2931.5, 15049.0], [2935.0, 29973.0], [2935.5, 40400.0], [2936.25, 1000.0], [2938.25, 29160.0], [2941.0, 29241.0], [2941.25, 40000.0], [2944.25, 40000.0], [2948.25, 30749.0], [2953.75, 20500.0]]}}}
{"jsonrpc": "2.0", "method": "subscription", "params": {"channel": "book.ETH-6FEB26.none.20.100ms", "data": {"timestamp": 1769164208637, "change_id": 105849482333, "instrument_name": "ETH-6FEB26", "bids": [[2926.25, 625.0], [2926.0, 80.0], [2925.75, 1154.0], [2925.5, 3699.0], [2923.5, 2066.0], [2923.25, 6920.0], [2920.0, 1506.0], [2919.75, 5046.0], [2919.0, 4538.0], [2918.75, 15203.0], [2917.75, 400.0], [2917.25, 40000.0], [2916.5, 60880.0], [2913.25, 40000.0], [2908.0, 29517.0], [2906.0, 40000.0], [2903.75, 29826.0], [2897.25, 19586.0], [2892.5, 19584.0], [2871.5, 20099.0]], "asks": [[2926.5, 3699.0], [2927.0, 3014.0], [2927.25, 10924.0], [2927.5, 50.0], [2927.75, 80.0], [2929.0, 1508.0], [2929.25, 5052.0], [2929.75, 2121.0], [2930.0, 7104.0], [2931.0, 299.0], [2931.25, 5492.0], [2931.5, 15049.0], [2935.0, 29973.0], [2935.5, 40400.0], [2936.25, 1000.0], [2938.25, 29160.0], [2941.0, 29241.0], [2941.25, 40000.0], [2944.25, 40000.0], [2948.25, 30749.0]]}}}
{"jsonrpc": "2.0", "method": "subscription", "params": {"channel": "book.ETH-6FEB26.none.20.100ms", "data": {"timestamp": 1769164209190, "change_id": 105849482828, "instrument_name": "ETH-6FEB26", "bids": [[2926.25, 625.0], [2926.0, 1199.0], [2925.75, 3749.0], [2923.5, 2066.0], [2923.25, 6920.0], [2920.0, 1506.0], [2919.75, 5046.0], [2919.0, 4538.0], [2918.75, 15203.0], [2917.75, 400.0], [2917.25, 40000.0], [2916.5, 60880.0], [2913.25, 40000.0], [2908.0, 29517.0], [2906.0, 40000.0], [2903.75, 29826.0], [2897.25, 19586.0], [2892.5, 19584.0], [2871.5, 20099.0], [2856.25, 10009.0]], "asks": [[2926.5, 3699.0], [2927.0, 3014.0], [2927.25, 10924.0], [2927.5, 50.0], [2927.75, 80.0], [2929.0, 1508.0], [2929.25, 5052.0], [2929.75, 2121.0], [2930.0, 7104.0], [2931.0, 299.0], [2931.25, 5492.0], [2931.5, 15049.0], [2935.0, 29973.0], [2935.5, 40400.0], [2936.25, 1000.0], [2938.25, 29160.0], [2941.0, 29241.0], [2941.25, 40000.0], [2944.25, 40000.0], [2948.25, 30749.0]]}}}
{"jsonrpc": "2.0", "method": "subscription", "params": {"channel": "book.ETH-6FEB26.none.20.100ms", "data": {"timestamp": 1769164209524, "change_id": 105849483404, "instrument_name": "ETH-6FEB26", "bids": [[2926.5, 625.0], [2926.0, 1199.0], [2925.75, 3749.0], [2923.5, 2066.0], [2923.25, 6920.0], [2920.5, 1506.0], [2920.25, 5046.0], [2919.0, 4538.0], [2918.75, 15203.0], [2917.75, 400.0], [2917.25, 40000.0], [2916.5, 60880.0], [2913.25, 40000.0], [2908.0, 29517.0], [2906.0, 40000.0], [2903.75, 29826.0], [2897.25, 19586.0], [2892.5, 19584.0], [2871.5, 20099.0], [2856.25, 10009.0]], "asks": [[2926.75, 3699.0], [2927.25, 625.0], [2927.5, 50.0], [2927.75, 80.0], [2929.0, 1508.0], [2929.25, 5052.0], [2929.75, 2121.0], [2930.0, 7104.0], [2931.0, 299.0], [2931.25, 5492.0], [2931.5, 15049.0], [2935.0, 29973.0], [2935.5, 40400.0], [2936.25, 1000.0], [2938.25, 29160.0], [2941.0, 29241.0], [2941.25, 40000.0], [2944.25, 40000.0], [2948.25, 30749.0], [2953.75, 20500.0]]}}}
{"jsonrpc": "2.0", "method": "subscription", "params": {"channel": "book.ETH-6FEB26.none.20.100ms", "data": {"timestamp": 1769164209899, "change_id": 105849483641, "instrument_name": "ETH-6FEB26", "bids": [[2926.5, 625.0], [2926.0, 1199.0], [2925.75, 3749.0], [2923.5, 2066.0], [2923.25, 6920.0], [2920.5, 1506.0], [2920.25, 5046.0], [2919.0, 4538.0], [2918.75, 15203.0], [2917.75, 400.0], [2917.25, 40000.0], [2916.5, 60880.0], [2913.25, 40000.0], [2908.0, 29517.0], [2906.0, 40000.0], [2903.75, 29826.0], [2897.25, 19586.0], [2892.5, 19584.0], [2871.5, 20099.0], [2856.25, 10009.0]], "asks": [[2926.75, 3699.0], [2927.0, 3201.0], [2927.25, 10723.0], [2927.5, 50.0], [2927.75, 80.0], [2929.0, 1508.0], [2929.25, 5052.0], [2929.75, 2121.0], [2930.0, 7104.0], [2931.0, 299.0], [2931.25, 5492.0], [2931.5, 15049.0], [2935.0, 29973.0], [2935.5, 40400.0], [2936.25, 1000.0], [2938.25, 29160.0], [2941.0, 29241.0], [2941.25, 40000.0], [2944.25, 40000.0], [2948.25, 30749.0]]}}}
{"jsonrpc": "2.0", "method": "subscription", "params": {"channel": "book.ETH-6FEB26.none.20.100ms", "data": {"timestamp": 1769164212187, "change_id": 105849485736, "instrument_name": "ETH-6FEB26", "bids": [[2926.0, 705.0], [2925.75, 1154.0], [2925.5, 3699.0], [2923.5, 2066.0], [2923.25, 6920.0], [2921.25, 1506.0], [2921.0, 5046.0], [2919.0, 4538.0], [2918.75, 15203.0], [2917.75, 400.0], [2917.25, 40000.0], [2916.5, 60880.0], [2913.25, 40000.0], [2908.0, 29517.0], [2906.0, 40000.0], [2903.75, 29826.0], [2897.25, 19586.0], [2892.5, 19584.0], [2871.5, 20099.0], [2856.25, 10009.0]], "asks": [[2926.5, 3699.0], [2927.0, 3201.0], [2927.25, 10723.0], [2927.5, 50.0], [2927.75, 80.0], [2929.0, 1508.0], [2929.25, 5052.0], [2929.75, 2121.0], [2930.0, 7104.0], [2931.0, 299.0], [2931.25, 5492.0], [2931.5, 15049.0], [2935.0, 29973.0], [2935.5, 40400.0], [2936.25, 1000.0], [2938.25, 29160.0], [2941.0, 29241.0], [2941.25, 40000.0], [2944.25, 40000.0], [2948.25, 30749.0]]}}}
{"jsonrpc": "2.0", "method": "subscription", "params": {"channel": "book.ETH-6FEB26.none.20.100ms", "data": {"timestamp": 1769164213695, "change_id": 105849487217, "instrument_name": "ETH-6FEB26", "bids": [[2926.25, 625.0], [2926.0, 80.0], [2925.75, 1154.0], [2925.5, 3699.0], [2923.5, 2066.0], [2923.25, 6920.0], [2921.25, 1506.0], [2921.0, 5046.0], [2919.0, 4538.0], [2918.75, 15203.0], [2917.75, 400.0], [2917.25, 40000.0], [2916.5, 60880.0], [2913.25, 40000.0], [2908.0, 29517.0], [2906.0, 40000.0], [2903.75, 29826.0], [2897.25, 19586.0], [2892.5, 19584.0], [2871.5, 20099.0]], "asks": [[2926.5, 3699.0], [2927.0, 3201.0], [2927.25, 10723.0], [2927.5, 50.0], [2927.75, 80.0], [2929.0, 1508.0], [2929.25, 5052.0], [2929.75, 2121.0], [2930.0, 7104.0], [2931.0, 299.0], [2931.25, 5492.0], [2931.5, 15049.0], [2935.0, 29973.0], [2935.5, 40400.0], [2936.25, 1000.0], [2938.25, 29160.0], [2941.0, 29241.0], [2941.25, 40000.0], [2944.25, 40000.0], [2948.25, 30749.0]]}}}
{"jsonrpc": "2.0", "method": "subscription", "params": {"channel": "book.ETH-6FEB26.none.20.100ms", "data": {"timestamp": 1769164214806, "change_id": 105849488566, "instrument_name": "ETH-6FEB26", "bids": [[2925.75, 675.0], [2925.5, 1128.0], [2925.25, 3779.0], [2921.0, 2106.0], [2920.75, 7054.0], [2919.5, 1506.0], [2919.25, 5046.0], [2919.0, 4538.0], [2918.75, 15203.0], [2917.75, 400.0], [2917.25, 40000.0], [2916.5, 60880.0], [2913.25, 40000.0], [2908.0, 29517.0], [2906.0, 40000.0], [2903.75, 29826.0], [2897.25, 19586.0], [2892.5, 19584.0], [2871.5, 20099.0], [2856.25, 10009.0]], "asks": [[2926.0, 3699.0], [2927.0, 625.0], [2927.5, 50.0], [2927.75, 80.0], [2929.0, 1508.0], [2929.25, 5052.0], [2929.75, 2121.0], [2930.0, 7104.0], [2931.0, 299.0], [2931.25, 5492.0], [2931.5, 15049.0], [2935.0, 29973.0], [2935.5, 40400.0], [2936.25, 1000.0], [2938.25, 29160.0], [2941.0, 29241.0], [2941.25, 40000.0], [2944.25, 40000.0], [2948.25, 30749.0], [2953.75, 20500.0]]}}}
{"jsonrpc": "2.0", "method": "subscription", "params": {"channel": "book.ETH-6FEB26.none.20.100ms", "data": {"timestamp": 1769164214978, "change_id": 105849488645, "instrument_name": "ETH-6FEB26", "bids": [[2925.75, 675.0], [2925.5, 1128.0], [2925.25, 3779.0], [2923.25, 2081.0], [2923.0, 6971.0], [2919.5, 1506.0], [2919.25, 5046.0], [2919.0, 4538.0], [2918.75, 15203.0], [2917.75, 400.0], [2917.25, 40000.0], [2916.5, 60880.0], [2913.25, 40000.0], [2908.0, 29517.0], [2906.0, 40000.0], [2903.75, 29826.0], [2897.25, 19586.0], [2892.5, 19584.0], [2871.5, 20099.0], [2856.25, 10009.0]], "asks": [[2926.25, 3699.0], [2927.0, 625.0], [2927.5, 50.0], [2927.75, 80.0], [2929.0, 1508.0], [2929.25, 5052.0], [2929.75, 2121.0], [2930.0, 7104.0], [2931.0, 299.0], [2931.25, 5492.0], [2931.5, 15049.0], [2935.0, 29973.0], [2935.5, 40400.0], [2936.25, 1000.0], [2938.25, 29160.0], [2941.0, 29241.0], [2941.25, 40000.0], [2944.25, 40000.0], [2948.25, 30749.0], [2953.75, 20500.0]]}}}
{"jsonrpc": "2.0", "method": "subscription", "params": {"channel": "book.ETH-6FEB26.none.20.100ms", "data": {"timestamp": 1769164215731, "change_id": 105849489463, "instrument_name": "ETH-6FEB26", "bids": [[2926.0, 625.0], [2925.75, 1154.0], [2925.5, 3699.0], [2925.25, 80.0], [2923.25, 2081.0], [2923.0, 6971.0], [2919.5, 1506.0], [2919.25, 5046.0], [2919.0, 4538.0], [2918.75, 15203.0], [2917.75, 400.0], [2917.25, 40000.0], [2916.5, 60880.0], [2913.25, 40000.0], [2908.0, 29517.0], [2906.0, 40000.0], [2903.75, 29826.0], [2897.25, 19586.0], [2892.5, 19584.0], [2871.5, 20099.0]], "asks": [[2926.25, 3699.0], [2927.0, 625.0], [2927.5, 50.0], [2927.75, 80.0], [2929.0, 1508.0], [2929.25, 5052.0], [2929.75, 2121.0], [2930.0, 7104.0], [2931.0, 299.0], [2931.25, 5492.0], [2931.5, 15049.0], [2935.0, 29973.0], [2935.5, 40400.0], [2936.25, 1000.0], [2938.25, 29160.0], [2941.0, 29241.0], [2941.25, 40000.0], [2944.25, 40000.0], [2948.25, 30749.0], [2953.75, 20500.0]]}}}
{"jsonrpc": "2.0", "method": "subscription", "params": {"channel": "book.ETH-6FEB26.none.20.100ms", "data": {"timestamp": 1769164216871, "change_id": 105849490650, "instrument_name": "ETH-6FEB26", "bids": [[2926.0, 625.0], [2925.75, 1234.0], [2925.5, 3699.0], [2923.25, 2081.0], [2923.0, 6971.0], [2919.5, 1506.0], [2919.25, 5046.0], [2919.0, 4538.0], [2918.75, 15203.0], [2917.75, 400.0], [2917.25, 40000.0], [2916.5, 60880.0], [2913.25, 40000.0], [2908.0, 29517.0], [2906.0, 40000.0], [2903.75, 29826.0], [2897.25, 19586.0], [2892.5, 19584.0], [2871.5, 20099.0], [2856.25, 10009.0]], "asks": [[2926.5, 3699.0], [2927.0, 625.0], [2927.5, 50.0], [2927.75, 80.0], [2929.0, 1508.0], [2929.25, 5052.0], [2929.75, 2121.0], [2930.0, 7104.0], [2931.0, 299.0], [2931.25, 5492.0], [2931.5, 15049.0], [2935.0, 29973.0], [2935.5, 40400.0], [2936.25, 1000.0], [2938.25, 29160.0], [2941.0, 29241.0], [2941.25, 40000.0], [2944.25, 40000.0], [2948.25, 30749.0], [2953.75, 20500.0]]}}}
{"jsonrpc": "2.0", "method": "subscription", "params": {"channel": "book.ETH-6FEB26.none.20.100ms", "data": {"timestamp": 1769164217073, "change_id": 105849490855, "instrument_name": "ETH-6FEB26", "bids": [[2926.25, 625.0], [2925.75, 1234.0], [2925.5, 3699.0], [2923.25, 2081.0], [2923.0, 6971.0], [2919.5, 1506.0], [2919.25, 5046.0], [2919.0, 4538.0], [2918.75, 15203.0], [2917.75, 400.0], [2917.25, 40000.0], [2916.5, 60880.0], [2913.25, 40000.0], [2908.0, 29517.0], [2906.0, 40000.0], [2903.75, 29826.0], [2897.25, 19586.0], [2892.5, 19584.0], [2871.5, 20099.0], [2856.25, 10009.0]], "asks": [[2926.5, 3699.0], [2927.0, 625.0], [2927.5, 50.0], [2927.75, 80.0], [2929.0, 1508.0], [2929.25, 5052.0], [2929.75, 2121.0], [2930.0, 7104.0], [2931.0, 299.0], [2931.25, 5492.0], [2931.5, 15049.0], [2935.0, 29973.0], [2935.5, 40400.0], [2936.25, 1000.0], [2938.25, 29160.0], [2941.0, 29241.0], [2941.25, 40000.0], [2944.25, 40000.0], [2948.25, 30749.0], [2953.75, 20500.0]]}}}
{"jsonrpc": "2.0", "method": "subscription", "params": {"channel": "book.ETH-6FEB26.none.20.100ms", "data": {"timestamp": 1769164217259, "change_id": 105849491237, "instrument_name": "ETH-6FEB26", "bids": [[2926.25, 625.0], [2925.75, 1234.0], [2925.5, 3699.0], [2923.25, 2081.0], [2923.0, 6971.0], [2919.5, 1506.0], [2919.25, 5046.0], [2919.0, 4538.0], [2918.75, 15203.0], [2917.75, 400.0], [2917.25, 40000.0], [2916.5, 60880.0], [2913.25, 40000.0], [2908.0, 29517.0], [2906.0, 40000.0], [2903.75, 29826.0], [2897.25, 19586.0], [2892.5, 19584.0], [2871.5, 20099.0], [2856.25, 10009.0]], "asks": [[2926.5, 3699.0], [2926.75, 3201.0], [2927.0, 10723.0], [2927.5, 50.0], [2927.75, 80.0], [2929.0, 1508.0], [2929.25, 5052.0], [2929.75, 2121.0], [2930.0, 7104.0], [2931.0, 299.0], [2931.25, 5492.0], [2931.5, 15049.0], [2935.0, 29973.0], [2935.5, 40400.0], [2936.25, 1000.0], [2938.25, 29160.0], [2941.0, 29241.0], [2941.25, 40000.0], [2944.25, 40000.0], [2948.25, 30749.0]]}}}
{"jsonrpc": "2.0", "method": "subscription", "params": {"channel": "book.ETH-6FEB26.none.20.100ms", "data": {"timestamp": 1769164218000, "change_id": 105849491626, "instrument_name": "ETH-6FEB26", "bids": [[2926.25, 625.0], [2926.0, 1143.0], [2925.75, 3829.0], [2923.25, 2081.0], [2923.0, 6971.0], [2919.5, 1506.0], [2919.25, 5046.0], [2919.0, 4538.0], [2918.75, 15203.0], [2917.75, 400.0], [2917.25, 40000.0], [2916.5, 60880.0], [2913.25, 40000.0], [2908.0, 29517.0], [2906.0, 40000.0], [2903.75, 29826.0], [2897.25, 19586.0], [2892.5, 19584.0], [2871.5, 20099.0], [2856.25, 10009.0]], "asks": [[2926.5, 3699.0], [2926.75, 3201.0], [2927.0, 10723.0], [2927.5, 50.0], [2927.75, 80.0], [2929.0, 1508.0], [2929.25, 5052.0], [2929.75, 2121.0], [2930.0, 7104.0], [2931.0, 299.0], [2931.25, 5492.0], [2931.5, 15049.0], [2935.0, 29973.0], [2935.5, 40400.0], [2936.25, 1000.0], [2938.25, 29160.0], [2941.0, 29241.0], [2941.25, 40000.0], [2944.25, 40000.0], [2948.25, 30749.0]]}}}
{"jsonrpc": "2.0", "method": "subscription", "params": {"channel": "book.ETH-6FEB26.none.20.100ms", "data": {"timestamp": 1769164218745, "change_id": 105849492618, "instrument_name": "ETH-6FEB26", "bids": [[2926.25, 1729.0], [2926.0, 3699.0], [2925.75, 130.0], [2923.25, 2081.0], [2923.0, 6971.0], [2920.0, 1506.0], [2919.75, 5046.0], [2919.0, 4538.0], [2918.75, 15203.0], [2917.75, 400.0], [2917.25, 40000.0], [2916.5, 60880.0], [2913.25, 40000.0], [2908.0, 29517.0], [2906.0, 40000.0], [2903.75, 29826.0], [2897.25, 19586.0], [2892.5, 19584.0], [2871.5, 20099.0], [2856.25, 10009.0]], "asks": [[2926.75, 3699.0], [2927.25, 201.0], [2927.5, 675.0], [2927.75, 80.0], [2929.0, 1508.0], [2929.25, 5052.0], [2929.75, 2121.0], [2930.0, 7104.0], [2931.0, 299.0], [2931.25, 5492.0], [2931.5, 15049.0], [2935.0, 29973.0], [2935.5, 40400.0], [2936.25, 1000.0], [2938.25, 29160.0], [2941.0, 29241.0], [2941.25, 40000.0], [2944.25, 40000.0], [2948.25, 30749.0], [2953.75, 20500.0]]}}}
{"jsonrpc": "2.0", "method": "subscription", "params": {"channel": "book.ETH-6FEB26.none.20.100ms", "data": {"timestamp": 1769164219139, "change_id": 105849493050, "instrument_name": "ETH-6FEB26", "bids": [[2926.5, 625.0], [2926.25, 1104.0], [2926.0, 3699.0], [2925.75, 130.0], [2923.25, 2081.0], [2923.0, 6971.0], [2920.0, 1506.0], [2919.75, 5046.0], [2919.0, 4538.0], [2918.75, 15203.0], [2917.75, 400.0], [2917.25, 40000.0], [2916.5, 60880.0], [2913.25, 40000.0], [2908.0, 29517.0], [2906.0, 40000.0], [2903.75, 29826.0], [2897.25, 19586.0], [2892.5, 19584.0], [2871.5, 20099.0]], "asks": [[2927.0, 3699.0], [2927.25, 201.0], [2927.5, 675.0], [2927.75, 80.0], [2929.0, 1508.0], [2929.25, 5052.0], [2929.75, 2121.0], [2930.0, 7104.0], [2931.0, 299.0], [2931.25, 5492.0], [2931.5, 15049.0], [2935.0, 29973.0], [2935.5, 40400.0], [2936.25, 1000.0], [2938.25, 29160.0], [2941.0, 29241.0], [2941.25, 40000.0], [2944.25, 40000.0], [2948.25, 30749.0], [2953.75, 20500.0]]}}}
{"jsonrpc": "2.0", "method": "subscription", "params": {"channel": "book.ETH-6FEB26.none.20.100ms", "data": {"timestamp": 1769164219458, "change_id": 105849493629, "instrument_name": "ETH-6FEB26", "bids": [[2926.5, 625.0], [2926.25, 1104.0], [2926.0, 3699.0], [2925.75, 130.0], [2923.25, 2081.0], [2923.0, 6971.0], [2920.0, 1506.0], [2919.75, 5046.0], [2919.0, 4538.0], [2918.75, 15203.0], [2917.75, 400.0], [2917.25, 40000.0], [2916.5, 60880.0], [2913.25, 40000.0], [2908.0, 29517.0], [2906.0, 40000.0], [2903.75, 29826.0], [2897.25, 19586.0], [2892.5, 19584.0], [2871.5, 20099.0]], "asks": [[2926.75, 3699.0], [2927.0, 3014.0], [2927.25, 10299.0], [2927.5, 675.0], [2927.75, 80.0], [2929.0, 1508.0], [2929.25, 5052.0], [2929.75, 2121.0], [2930.0, 7104.0], [2931.0, 299.0], [2931.25, 5492.0], [2931.5, 15049.0], [2935.0, 29973.0], [2935.5, 40400.0], [2936.25, 1000.0], [2938.25, 29160.0], [2941.0, 29241.0], [2941.25, 40000.0], [2944.25, 40000.0], [2948.25, 30749.0]]}}}
{"jsonrpc": "2.0", "method": "subscription", "params": {"channel": "book.ETH-6FEB26.none.20.100ms", "data": {"timestamp": 1769164220509, "change_id": 105849494574, "instrument_name": "ETH-6FEB26", "bids": [[2926.5, 625.0], [2926.0, 1143.0], [2925.75, 3829.0], [2923.25, 2081.0], [2923.0, 6971.0], [2920.0, 1506.0], [2919.75, 5046.0], [2919.0, 4538.0], [2918.75, 15203.0], [2917.75, 400.0], [2917.25, 40000.0], [2916.5, 60880.0], [2913.25, 40000.0], [2908.0, 29517.0], [2906.0, 40000.0], [2903.75, 29826.0], [2897.25, 19586.0], [2892.5, 19584.0], [2871.5, 20099.0], [2856.25, 10009.0]], "asks": [[2926.75, 3699.0], [2927.25, 201.0], [2927.5, 675.0], [2927.75, 80.0], [2929.0, 1508.0], [2929.25, 5052.0], [2929.75, 2121.0], [2930.0, 7104.0], [2931.0, 299.0], [2931.25, 5492.0], [2931.5, 15049.0], [2935.0, 29973.0], [2935.5, 40400.0], [2936.25, 1000.0], [2938.25, 29160.0], [2941.0, 29241.0], [2941.25, 40000.0], [2944.25, 40000.0], [2948.25, 30749.0], [2953.75, 20500.0]]}}}
{"jsonrpc": "2.0", "method": "subscription", "params": {"channel": "book.ETH-6FEB26.none.20.100ms", "data": {"timestamp": 1769164220867, "change_id": 105849494777, "instrument_name": "ETH-6FEB26", "bids": [[2926.5, 625.0], [2926.0, 1143.0], [2925.75, 3829.0], [2923.25, 2081.0], [2923.0, 6971.0], [2920.0, 1506.0], [2919.75, 5046.0], [2919.0, 4538.0], [2918.75, 15203.0], [2917.75, 400.0], [2917.25, 40000.0], [2916.5, 60880.0], [2913.25, 40000.0], [2908.0, 29517.0], [2906.0, 40000.0], [2903.75, 29826.0], [2897.25, 19586.0], [2892.5, 19584.0], [2871.5, 20099.0], [2856.25, 10009.0]], "asks": [[2926.75, 3699.0], [2927.0, 10098.0], [2927.25, 201.0], [2927.5, 675.0], [2927.75, 80.0], [2929.0, 1508.0], [2929.25, 5052.0], [2929.75, 2121.0], [2930.0, 7104.0], [2931.0, 299.0], [2931.25, 5492.0], [2931.5, 15049.0], [2935.0, 29973.0], [2935.5, 40400.0], [2936.25, 1000.0], [2938.25, 29160.0], [2941.0, 29241.0], [2941.25, 40000.0], [2944.25, 40000.0], [2948.25, 30749.0]]}}}
{"jsonrpc": "2.0", "method": "subscription", "params": {"channel": "book.ETH-6FEB26.none.20.100ms", "data": {"timestamp": 1769164221523, "change_id": 105849495649, "instrument_name": "ETH-6FEB26", "bids": [[2926.5, 1753.0], [2926.25, 3779.0], [2925.75, 50.0], [2923.25, 2081.0], [2923.0, 6971.0], [2920.25, 5046.0], [2919.0, 4538.0], [2918.75, 15203.0], [2917.75, 400.0], [2917.25, 40000.0], [2916.5, 60880.0], [2913.25, 40000.0], [2908.0, 29517.0], [2906.0, 40000.0], [2903.75, 29826.0], [2897.25, 19586.0], [2892.5, 19584.0], [2871.5, 20099.0], [2856.25, 10009.0]], "asks": [[2927.0, 3699.0], [2927.25, 201.0], [2927.5, 675.0], [2929.0, 1508.0], [2929.25, 5052.0], [2930.75, 2077.0], [2931.0, 7258.0], [2931.25, 5492.0], [2931.5, 15049.0], [2935.0, 29973.0], [2935.5, 40400.0], [2936.25, 1000.0], [2938.25, 29160.0], [2941.0, 29241.0], [2941.25, 40000.0], [2944.25, 40000.0], [2948.25, 30749.0], [2953.75, 20500.0], [2956.75, 19404.0], [2966.0, 200.0]]}}}
{"jsonrpc": "2.0", "method": "subscription", "params": {"channel": "book.ETH-6FEB26.none.20.100ms", "data": {"timestamp": 1769164221777, "change_id": 105849495906, "instrument_name": "ETH-6FEB26", "bids": [[2926.75, 625.0], [2926.5, 1128.0], [2926.25, 3779.0], [2925.75, 50.0], [2923.25, 2081.0], [2923.0, 6971.0], [2920.5, 1506.0], [2920.25, 5046.0], [2919.0, 4538.0], [2918.75, 15203.0], [2917.75, 400.0], [2917.25, 40000.0], [2916.5, 60880.0], [2913.25, 40000.0], [2908.0, 29517.0], [2906.0, 40000.0], [2903.75, 29826.0], [2897.25, 19586.0], [2892.5, 19584.0], [2871.5, 20099.0]], "asks": [[2927.0, 3699.0], [2927.5, 50.0], [2928.0, 625.0], [2928.5, 80.0], [2929.0, 1508.0], [2929.25, 7106.0], [2929.5, 6880.0], [2931.0, 299.0], [2931.25, 5492.0], [2931.5, 15049.0], [2935.0, 29973.0], [2935.5, 40400.0], [2936.25, 1000.0], [2938.25, 29160.0], [2941.0, 29241.0], [2941.25, 40000.0], [2944.25, 40000.0], [2948.25, 30749.0], [2953.75, 20500.0], [2956.75, 19404.0]]}}}
{"jsonrpc": "2.0", "method": "subscription", "params": {"channel": "book.ETH-6FEB26.none.20.100ms", "data": {"timestamp": 1769164222128, "change_id": 105849496217, "instrument_name": "ETH-6FEB26", "bids": [[2926.75, 625.0], [2926.5, 1128.0], [2926.25, 3779.0], [2925.75, 50.0], [2923.25, 2081.0], [2923.0, 6971.0], [2920.5, 1506.0], [2920.25, 5046.0], [2919.0, 4538.0], [2918.75, 15203.0], [2917.75, 400.0], [2917.25, 40000.0], [2916.5, 60880.0], [2913.25, 40000.0], [2908.0, 29517.0], [2906.0, 40000.0], [2903.75, 29826.0], [2897.25, 19586.0], [2892.5, 19584.0], [2871.5, 20099.0]], "asks": [[2927.0, 3699.0], [2927.25, 3029.0], [2927.5, 10149.0], [2928.0, 625.0], [2928.5, 80.0], [2929.0, 1508.0], [2929.25, 7106.0], [2929.5, 6880.0], [2931.0, 299.0], [2931.25, 5492.0], [2931.5, 15049.0], [2935.0, 29973.0], [2935.5, 40400.0], [2936.25, 1000.0], [2938.25, 29160.0], [2941.0, 29241.0], [2941.25, 40000.0], [2944.25, 40000.0], [2948.25, 30749.0], [2953.75, 20500.0]]}}}
{"jsonrpc": "2.0", "method": "subscription", "params": {"channel": "book.ETH-6FEB26.none.20.100ms", "data": {"timestamp": 1769164222760, "change_id": 105849496943, "instrument_name": "ETH-6FEB26", "bids": [[2926.75, 625.0], [2926.5, 1128.0], [2926.25, 3779.0], [2925.75, 50.0], [2923.25, 2081.0], [2923.0, 6971.0], [2921.0, 1506.0], [2920.75, 5046.0], [2919.0, 4538.0], [2918.75, 15203.0], [2917.75, 400.0], [2917.25, 40000.0], [2916.5, 60880.0], [2913.25, 40000.0], [2908.0, 29517.0], [2906.0, 40000.0], [2903.75, 29826.0], [2897.25, 19586.0], [2892.5, 19584.0], [2871.5, 20099.0]], "asks": [[2927.25, 3699.0], [2927.5, 50.0], [2928.0, 625.0], [2928.5, 80.0], [2929.0, 1508.0], [2929.25, 5052.0], [2930.75, 2062.0], [2931.0, 7208.0], [2931.25, 5492.0], [2931.5, 15049.0], [2935.0, 29973.0], [2935.5, 40400.0], [2936.25, 1000.0], [2938.25, 29160.0], [2941.0, 29241.0], [2941.25, 40000.0], [2944.25, 40000.0], [2948.25, 30749.0], [2953.75, 20500.0], [2956.75, 19404.0]]}}}
{"jsonrpc": "2.0", "method": "subscription", "params": {"channel": "book.ETH-6FEB26.none.20.100ms", "data": {"timestamp": 1769164222976, "change_id": 105849497114, "instrument_name": "ETH-6FEB26", "bids": [[2926.75, 625.0], [2926.5, 1128.0], [2926.25, 3779.0], [2925.75, 50.0], [2923.25, 2081.0], [2923.0, 6971.0], [2921.0, 1506.0], [2920.75, 5046.0], [2919.0, 4538.0], [2918.75, 15203.0], [2917.75, 400.0], [2917.25, 40000.0], [2916.5, 60880.0], [2913.25, 40000.0], [2908.0, 29517.0], [2906.0, 40000.0], [2903.75, 29826.0], [2897.25, 19586.0], [2892.5, 19584.0], [2871.5, 20099.0]], "asks": [[2927.0, 3699.0], [2927.25, 3029.0], [2927.5, 10149.0], [2928.0, 625.0], [2928.5, 80.0], [2929.0, 1508.0], [2929.25, 5052.0], [2929.5, 7081.0], [2931.0, 299.0], [2931.25, 5492.0], [2931.5, 15049.0], [2935.0, 29973.0], [2935.5, 40400.0], [2936.25, 1000.0], [2938.25, 29160.0], [2941.0, 29241.0], [2941.25, 40000.0], [2944.25, 40000.0], [2948.25, 30749.0], [2953.75, 20500.0]]}}}
{"jsonrpc": "2.0", "method": "subscription", "params": {"channel": "book.ETH-6FEB26.none.20.100ms", "data": {"timestamp": 1769164225437, "change_id": 105849499517, "instrument_name": "ETH-6FEB26", "bids": [[2926.75, 625.0], [2926.5, 1128.0], [2926.25, 3779.0], [2925.75, 50.0], [2923.25, 2081.0], [2923.0, 6971.0], [2921.0, 1506.0], [2920.75, 5046.0], [2919.0, 4538.0], [2918.75, 15203.0], [2917.75, 400.0], [2917.25, 40000.0], [2916.5, 60880.0], [2913.25, 40000.0], [2908.0, 29517.0], [2906.0, 40000.0], [2903.75, 29826.0], [2897.25, 19586.0], [2892.5, 19584.0], [2871.5, 20099.0]], "asks": [[2927.0, 3699.0], [2927.25, 3029.0], [2927.5, 10149.0], [2928.0, 625.0], [2928.5, 80.0], [2929.0, 1508.0], [2929.25, 7212.0], [2929.5, 7236.0], [2931.0, 299.0], [2931.25, 5492.0], [2931.5, 15049.0], [2935.0, 29973.0], [2935.5, 40400.0], [2936.25, 1000.0], [2938.25, 29160.0], [2941.0, 29241.0], [2941.25, 40000.0], [2944.25, 40000.0], [2948.25, 30749.0], [2953.75, 20500.0]]}}}
{"jsonrpc": "2.0", "method": "subscription", "params": {"channel": "book.ETH-6FEB26.none.20.100ms", "data": {"timestamp": 1769164226316, "change_id": 105849500241, "instrument_name": "ETH-6FEB26", "bids": [[2926.75, 625.0], [2926.5, 1128.0], [2926.25, 3779.0], [2925.75, 50.0], [2923.25, 2081.0], [2923.0, 6971.0], [2921.5, 1506.0], [2921.25, 5046.0], [2919.0, 4538.0], [2918.75, 15203.0], [2917.75, 400.0], [2917.25, 40000.0], [2916.5, 60880.0], [2913.25, 40000.0], [2908.0, 29517.0], [2906.0, 40000.0], [2903.75, 29826.0], [2897.25, 19586.0], [2892.5, 19584.0], [2871.5, 20099.0]], "asks": [[2927.0, 3699.0], [2927.25, 3029.0], [2927.5, 10149.0], [2928.0, 625.0], [2928.5, 80.0], [2929.0, 1508.0], [2929.25, 7212.0], [2929.5, 7236.0], [2931.0, 299.0], [2931.25, 5492.0], [2931.5, 15049.0], [2935.0, 29973.0], [2935.5, 40400.0], [2936.25, 1000.0], [2938.25, 29160.0], [2941.0, 29241.0], [2941.25, 40000.0], [2944.25, 40000.0], [2948.25, 30749.0], [2953.75, 20500.0]]}}}
{"jsonrpc": "2.0", "method": "subscription", "params": {"channel": "book.ETH-6FEB26.none.20.100ms", "data": {"timestamp": 1769164226567, "change_id": 105849500366, "instrument_name": "ETH-6FEB26", "bids": [[2926.75, 625.0], [2926.5, 1128.0], [2926.25, 3779.0], [2925.75, 50.0], [2923.25, 2081.0], [2923.0, 6971.0], [2921.5, 1506.0], [2921.25, 5046.0], [2919.0, 4538.0], [2918.75, 15203.0], [2917.75, 400.0], [2917.25, 40000.0], [2916.5, 60880.0], [2913.25, 40000.0], [2908.0, 29517.0], [2906.0, 40000.0], [2903.75, 29826.0], [2897.25, 19586.0], [2892.5, 19584.0], [2871.5, 20099.0]], "asks": [[2927.0, 3699.0], [2927.25, 3029.0], [2927.5, 10149.0], [2928.0, 625.0], [2928.5, 80.0], [2929.0, 1508.0], [2929.25, 5052.0], [2930.0, 2161.0], [2930.25, 7239.0], [2931.0, 299.0], [2931.25, 5492.0], [2931.5, 15049.0], [2935.0, 29973.0], [2935.5, 40400.0], [2936.25, 1000.0], [2938.25, 29160.0], [2941.0, 29241.0], [2941.25, 40000.0], [2944.25, 40000.0], [2948.25, 30749.0]]}}}
{"jsonrpc": "2.0", "method": "subscription", "params": {"channel": "book.ETH-6FEB26.none.20.100ms", "data": {"timestamp": 1769164229367, "change_id": 105849502874, "instrument_name": "ETH-6FEB26", "bids": [[2926.75, 625.0], [2926.5, 1128.0], [2926.25, 3779.0], [2925.75, 50.0], [2923.25, 2081.0], [2923.0, 6971.0], [2921.5, 1506.0], [2921.25, 5046.0], [2919.0, 4538.0], [2918.75, 15203.0], [2917.75, 400.0], [2917.25, 40000.0], [2916.5, 60880.0], [2913.25, 40000.0], [2908.0, 29517.0], [2906.0, 40000.0], [2903.75, 29826.0], [2897.25, 19586.0], [2892.5, 19584.0], [2871.5, 20099.0]], "asks": [[2927.0, 3699.0], [2927.5, 50.0], [2928.0, 625.0], [2928.5, 80.0], [2929.0, 1508.0], [2929.25, 5052.0], [2931.0, 2388.0], [2931.25, 12620.0], [2931.5, 15049.0], [2935.0, 29973.0], [2935.5, 40400.0], [2936.25, 1000.0], [2938.25, 29160.0], [2941.0, 29241.0], [2941.25, 40000.0], [2944.25, 40000.0], [2948.25, 30749.0], [2953.75, 20500.0], [2956.75, 19404.0], [2966.0, 200.0]]}}}
{"jsonrpc": "2.0", "method": "subscription", "params": {"channel": "book.ETH-6FEB26.none.20.100ms", "data": {"timestamp": 1769164229777, "change_id": 105849503306, "instrument_name": "ETH-6FEB26", "bids": [[2927.0, 625.0], [2926.5, 1128.0], [2926.25, 3779.0], [2925.75, 50.0], [2923.25, 2081.0], [2923.0, 6971.0], [2921.75, 1506.0], [2921.5, 5046.0], [2919.0, 4538.0], [2918.75, 15203.0], [2917.75, 400.0], [2917.25, 40000.0], [2916.5, 60880.0], [2913.25, 40000.0], [2908.0, 29517.0], [2906.0, 40000.0], [2903.75, 29826.0], [2897.25, 19586.0], [2892.5, 19584.0], [2871.5, 20099.0]], "asks": [[2927.25, 3699.0], [2927.5, 50.0], [2928.0, 625.0], [2928.5, 80.0], [2929.0, 1508.0], [2929.25, 7117.0], [2929.5, 6918.0], [2931.0, 299.0], [2931.25, 5492.0], [2931.5, 15049.0], [2935.0, 29973.0], [2935.5, 40400.0], [2936.25, 1000.0], [2938.25, 29160.0], [2941.0, 29241.0], [2941.25, 40000.0], [2944.25, 40000.0], [2948.25, 30749.0], [2953.75, 20500.0], [2956.75, 19404.0]]}}}
{"jsonrpc": "2.0", "method": "subscription", "params": {"channel": "book.ETH-6FEB26.none.20.100ms", "data": {"timestamp": 1769164230065, "change_id": 105849504207, "instrument_name": "ETH-6FEB26", "bids": [[2927.0, 1753.0], [2926.75, 3779.0], [2925.75, 50.0], [2923.25, 2081.0], [2923.0, 6971.0], [2919.75, 5046.0], [2919.0, 4538.0], [2918.75, 15203.0], [2917.75, 400.0], [2917.25, 40000.0], [2916.5, 60880.0], [2913.25, 40000.0], [2908.0, 29517.0], [2906.0, 40000.0], [2903.75, 29826.0], [2897.25, 19586.0], [2892.5, 19584.0], [2871.5, 20099.0], [2856.25, 10009.0]], "asks": [[2927.5, 3749.0], [2928.0, 625.0], [2928.5, 80.0], [2930.75, 5052.0], [2931.0, 299.0], [2931.25, 5492.0], [2931.5, 15049.0], [2932.5, 2132.0], [2932.75, 7144.0], [2935.0, 29973.0], [2935.5, 40400.0], [2936.25, 1000.0], [2938.25, 29160.0], [2941.0, 29241.0], [2941.25, 40000.0], [2944.25, 40000.0], [2948.25, 30749.0], [2953.75, 20500.0], [2956.75, 19404.0], [2966.0, 200.0]]}}}
{"jsonrpc": "2.0", "method": "subscription", "params": {"channel": "book.ETH-6FEB26.none.20.100ms", "data": {"timestamp": 1769164230387, "change_id": 105849504976, "instrument_name": "ETH-6FEB26", "bids": [[2927.0, 625.0], [2926.75, 1184.0], [2926.5, 3699.0], [2925.75, 50.0], [2923.25, 2081.0], [2923.0, 6971.0], [2919.75, 5046.0], [2919.0, 4538.0], [2918.75, 15203.0], [2917.75, 400.0], [2917.25, 40000.0], [2916.5, 60880.0], [2913.25, 40000.0], [2908.0, 29517.0], [2906.0, 40000.0], [2903.75, 29826.0], [2897.25, 19586.0], [2892.5, 19584.0], [2871.5, 20099.0], [2856.25, 10009.0]], "asks": [[2927.5, 3749.0], [2927.75, 2947.0], [2928.0, 9872.0], [2928.5, 80.0], [2929.75, 2075.0], [2930.0, 6950.0], [2930.75, 5052.0], [2931.0, 299.0], [2931.25, 5492.0], [2931.5, 15049.0], [2934.75, 8947.0], [2935.0, 29973.0], [2935.5, 40400.0], [2936.25, 1000.0], [2938.25, 29160.0], [2941.0, 29241.0], [2941.25, 40000.0], [2944.25, 40000.0], [2948.25, 30749.0], [2953.75, 20500.0]]}}}
{"jsonrpc": "2.0", "method": "subscription", "params": {"channel": "book.ETH-6FEB26.none.20.100ms", "data": {"timestamp": 1769164230663, "change_id": 105849505034, "instrument_name": "ETH-6FEB26", "bids": [[2927.0, 625.0], [2926.75, 1184.0], [2926.5, 3699.0], [2925.75, 50.0], [2923.25, 2081.0], [2923.0, 6971.0], [2919.75, 5046.0], [2919.0, 4538.0], [2918.75, 15203.0], [2917.75, 400.0], [2917.25, 40000.0], [2916.5, 60880.0], [2913.25, 40000.0], [2908.0, 29517.0], [2906.0, 40000.0], [2903.75, 29826.0], [2897.25, 19586.0], [2892.5, 19584.0], [2871.5, 20099.0], [2856.25, 10009.0]], "asks": [[2927.5, 3749.0], [2928.0, 625.0], [2928.5, 80.0], [2929.75, 2075.0], [2930.0, 6950.0], [2930.75, 5052.0], [2931.0, 299.0], [2931.25, 5492.0], [2931.5, 15049.0], [2934.75, 8947.0], [2935.0, 29973.0], [2935.5, 40400.0], [2936.25, 1000.0], [2938.25, 29160.0], [2941.0, 29241.0], [2941.25, 40000.0], [2944.25, 40000.0], [2948.25, 30749.0], [2953.75, 20500.0], [2956.75, 19404.0]]}}}
{"jsonrpc": "2.0", "method": "subscription", "params": {"channel": "book.ETH-6FEB26.none.20.100ms", "data": {"timestamp": 1769164231098, "change_id": 105849505503, "instrument_name": "ETH-6FEB26", "bids": [[2927.0, 625.0], [2926.75, 1184.0], [2926.5, 3699.0], [2925.75, 50.0], [2923.25, 2081.0], [2923.0, 6971.0], [2919.75, 5046.0], [2919.0, 4538.0], [2918.75, 15203.0], [2917.75, 400.0], [2917.25, 40000.0], [2916.5, 60880.0], [2913.25, 40000.0], [2908.0, 29517.0], [2906.0, 40000.0], [2903.75, 29826.0], [2897.25, 19586.0], [2892.5, 19584.0], [2871.5, 20099.0], [2856.25, 10009.0]], "asks": [[2927.25, 3699.0], [2927.5, 50.0], [2927.75, 3201.0], [2928.0, 10725.0], [2928.5, 80.0], [2929.75, 2075.0], [2930.0, 6950.0], [2930.75, 5052.0], [2931.0, 299.0], [2931.25, 5492.0], [2931.5, 15049.0], [2934.75, 8947.0], [2935.0, 29973.0], [2935.5, 40400.0], [2936.25, 1000.0], [2938.25, 29160.0], [2941.0, 29241.0], [2941.25, 40000.0], [2944.25, 40000.0], [2948.25, 30749.0]]}}}
{"jsonrpc": "2.0", "method": "subscription", "params": {"channel": "book.ETH-6FEB26.none.20.100ms", "data": {"timestamp": 1769164231291, "change_id": 105849505917, "instrument_name": "ETH-6FEB26", "bids": [[2927.0, 625.0], [2926.75, 1184.0], [2926.5, 3699.0], [2925.75, 50.0], [2923.25, 2081.0], [2923.0, 6971.0], [2919.75, 5046.0], [2919.0, 4538.0], [2918.75, 15203.0], [2917.75, 400.0], [2917.25, 40000.0], [2916.5, 60880.0], [2913.25, 40000.0], [2908.0, 29517.0], [2906.0, 40000.0], [2903.75, 29826.0], [2897.25, 19586.0], [2892.5, 19584.0], [2871.5, 20099.0], [2856.25, 10009.0]], "asks": [[2927.25, 3699.0], [2927.5, 50.0], [2928.0, 625.0], [2928.5, 80.0], [2929.75, 2075.0], [2930.0, 6950.0], [2930.75, 5052.0], [2931.0, 299.0], [2931.25, 5492.0], [2931.5, 15049.0], [2934.75, 8947.0], [2935.0, 29973.0], [2935.5, 40400.0], [2936.25, 1000.0], [2938.25, 29160.0], [2941.0, 29241.0], [2941.25, 40000.0], [2944.25, 40000.0], [2948.25, 30749.0], [2953.75, 20500.0]]}}}
{"jsonrpc": "2.0", "method": "subscription", "params": {"channel": "book.ETH-6FEB26.none.20.100ms", "data": {"timestamp": 1769164231654, "change_id": 105849506119, "instrument_name": "ETH-6FEB26", "bids": [[2927.0, 625.0], [2926.75, 1184.0], [2926.5, 3699.0], [2925.75, 50.0], [2923.25, 2081.0], [2923.0, 6971.0], [2920.0, 1506.0], [2919.75, 5046.0], [2919.0, 4538.0], [2918.75, 15203.0], [2917.75, 400.0], [2917.25, 40000.0], [2916.5, 60880.0], [2913.25, 40000.0], [2908.0, 29517.0], [2906.0, 40000.0], [2903.75, 29826.0], [2897.25, 19586.0], [2892.5, 19584.0], [2871.5, 20099.0]], "asks": [[2927.25, 3699.0], [2927.5, 3065.0], [2927.75, 10100.0], [2928.0, 625.0], [2928.5, 80.0], [2929.75, 2075.0], [2930.0, 6950.0], [2930.5, 1508.0], [2930.75, 5052.0], [2931.0, 299.0], [2931.25, 5492.0], [2931.5, 15049.0], [2934.75, 8947.0], [2935.0, 29973.0], [2935.5, 40400.0], [2936.25, 1000.0], [2938.25, 29160.0], [2941.0, 29241.0], [2941.25, 40000.0], [2944.25, 40000.0]]}}}
{"jsonrpc": "2.0", "method": "subscription", "params": {"channel": "book.ETH-6FEB26.none.20.100ms", "data": {"timestamp": 1769164231999, "change_id": 105849506485, "instrument_name": "ETH-6FEB26", "bids": [[2927.0, 625.0], [2926.75, 80.0], [2926.5, 1104.0], [2926.25, 3699.0], [2925.75, 50.0], [2923.25, 2081.0], [2923.0, 6971.0], [2920.0, 1506.0], [2919.75, 5046.0], [2919.0, 4538.0], [2918.75, 15203.0], [2917.75, 400.0], [2917.25, 40000.0], [2916.5, 60880.0], [2913.25, 40000.0], [2908.0, 29517.0], [2906.0, 40000.0], [2903.75, 29826.0], [2897.25, 19586.0], [2892.5, 19584.0]], "asks": [[2927.25, 3699.0], [2927.5, 3065.0], [2927.75, 10100.0], [2928.0, 625.0], [2928.5, 80.0], [2929.75, 2075.0], [2930.0, 6950.0], [2930.5, 1508.0], [2930.75, 5052.0], [2931.0, 299.0], [2931.25, 5492.0], [2931.5, 15049.0], [2934.75, 8947.0], [2935.0, 29973.0], [2935.5, 40400.0], [2936.25, 1000.0], [2938.25, 29160.0], [2941.0, 29241.0], [2941.25, 40000.0], [2944.25, 40000.0]]}}}
{"jsonrpc": "2.0", "method": "subscription", "params": {"channel": "book.ETH-6FEB26.none.20.100ms", "data": {"timestamp": 1769164232396, "change_id": 105849507351, "instrument_name": "ETH-6FEB26", "bids": [[2927.0, 625.0], [2926.75, 1184.0], [2926.5, 3699.0], [2925.75, 50.0], [2923.25, 2081.0], [2923.0, 6971.0], [2920.0, 5046.0], [2919.0, 4538.0], [2918.75, 15203.0], [2917.75, 400.0], [2917.25, 40000.0], [2916.5, 60880.0], [2913.25, 40000.0], [2908.0, 29517.0], [2906.0, 40000.0], [2903.75, 29826.0], [2897.25, 19586.0], [2892.5, 19584.0], [2871.5, 20099.0], [2856.25, 10009.0]], "asks": [[2927.25, 3699.0], [2927.5, 50.0], [2928.0, 625.0], [2928.5, 80.0], [2930.5, 1508.0], [2930.75, 5052.0], [2931.0, 299.0], [2931.25, 5492.0], [2931.5, 22151.0], [2934.75, 8947.0], [2935.0, 29973.0], [2935.5, 40400.0], [2936.25, 1000.0], [2938.25, 29160.0], [2941.0, 29241.0], [2941.25, 40000.0], [2944.25, 40000.0], [2948.25, 30749.0], [2953.75, 20500.0], [2956.75, 19404.0]]}}}
{"jsonrpc": "2.0", "method": "subscription", "params": {"channel": "book.ETH-6FEB26.none.20.100ms", "data": {"timestamp": 1769164232705, "change_id": 105849507473, "instrument_name": "ETH-6FEB26", "bids": [[2927.0, 625.0], [2926.75, 1184.0], [2926.5, 3699.0], [2925.75, 50.0], [2923.25, 2081.0], [2923.0, 6971.0], [2920.25, 1506.0], [2920.0, 5046.0], [2919.0, 4538.0], [2918.75, 15203.0], [2917.75, 400.0], [2917.25, 40000.0], [2916.5, 60880.0], [2913.25, 40000.0], [2908.0, 29517.0], [2906.0, 40000.0], [2903.75, 29826.0], [2897.25, 19586.0], [2892.5, 19584.0], [2871.5, 20099.0]], "asks": [[2927.25, 3699.0], [2927.5, 3065.0], [2927.75, 10100.0], [2928.0, 625.0], [2928.5, 80.0], [2929.5, 2093.0], [2929.75, 7012.0], [2930.5, 1508.0], [2930.75, 5052.0], [2931.0, 299.0], [2931.25, 5492.0], [2931.5, 15049.0], [2934.75, 8947.0], [2935.0, 29973.0], [2935.5, 40400.0], [2936.25, 1000.0], [2938.25, 29160.0], [2941.0, 29241.0], [2941.25, 40000.0], [2944.25, 40000.0]]}}}
{"jsonrpc": "2.0", "method": "subscription", "params": {"channel": "book.ETH-6FEB26.none.20.100ms", "data": {"timestamp": 1769164233396, "change_id": 105849508300, "instrument_name": "ETH-6FEB26", "bids": [[2927.0, 625.0], [2926.75, 80.0], [2926.5, 3699.0], [2925.75, 50.0], [2923.25, 2081.0], [2923.0, 6971.0], [2920.25, 1506.0], [2920.0, 5046.0], [2919.0, 4538.0], [2918.75, 15203.0], [2917.75, 400.0], [2917.25, 40000.0], [2916.5, 60880.0], [2913.25, 40000.0], [2908.0, 29517.0], [2906.0, 40000.0], [2903.75, 29826.0], [2897.25, 19586.0], [2892.5, 19584.0], [2871.5, 20099.0]], "asks": [[2927.25, 3699.0], [2927.5, 50.0], [2928.0, 625.0], [2928.5, 80.0], [2929.5, 2093.0], [2929.75, 7012.0], [2930.5, 1508.0], [2930.75, 5052.0], [2931.0, 299.0], [2931.25, 5492.0], [2931.5, 15049.0], [2934.75, 8947.0], [2935.0, 29973.0], [2935.5, 40400.0], [2936.25, 1000.0], [2938.25, 29160.0], [2941.0, 29241.0], [2941.25, 40000.0], [2944.25, 40000.0], [2948.25, 30749.0]]}}}
{"jsonrpc": "2.0", "method": "subscription", "params": {"channel": "book.ETH-6FEB26.none.20.100ms", "data": {"timestamp": 1769164233765, "change_id": 105849508655, "instrument_name": "ETH-6FEB26", "bids": [[2926.75, 705.0], [2926.5, 1104.0], [2926.25, 3699.0], [2925.75, 50.0], [2923.25, 2081.0], [2923.0, 6971.0], [2920.25, 1506.0], [2920.0, 5046.0], [2919.0, 4538.0], [2918.75, 15203.0], [2917.75, 400.0], [2917.25, 40000.0], [2916.5, 60880.0], [2913.25, 40000.0], [2908.0, 29517.0], [2906.0, 40000.0], [2903.75, 29826.0], [2897.25, 19586.0], [2892.5, 19584.0], [2871.5, 20099.0]], "asks": [[2927.0, 3699.0], [2927.5, 10149.0], [2927.75, 625.0], [2928.5, 80.0], [2929.5, 2093.0], [2929.75, 7012.0], [2930.5, 1508.0], [2930.75, 5052.0], [2931.0, 299.0], [2931.25, 5492.0], [2931.5, 15049.0], [2934.75, 8947.0], [2935.0, 29973.0], [2935.5, 40400.0], [2936.25, 1000.0], [2938.25, 29160.0], [2941.0, 29241.0], [2941.25, 40000.0], [2944.25, 40000.0], [2948.25, 30749.0]]}}}
{"jsonrpc": "2.0", "method": "subscription", "params": {"channel": "book.ETH-6FEB26.none.20.100ms", "data": {"timestamp": 1769164233767, "change_id": 105849508656, "instrument_name": "ETH-6FEB26", "bids": [[2926.75, 705.0], [2926.5, 1104.0], [2926.25, 3699.0], [2925.75, 50.0], [2923.25, 2081.0], [2923.0, 6971.0], [2920.25, 1506.0], [2920.0, 5046.0], [2919.0, 4538.0], [2918.75, 15203.0], [2917.75, 400.0], [2917.25, 40000.0], [2916.5, 60880.0], [2913.25, 40000.0], [2908.0, 29517.0], [2906.0, 40000.0], [2903.75, 29826.0], [2897.25, 19586.0], [2892.5, 19584.0], [2871.5, 20099.0]], "asks": [[2927.0, 3699.0], [2927.25, 3029.0], [2927.5, 10149.0], [2927.75, 625.0], [2928.5, 80.0], [2929.5, 2093.0], [2929.75, 7012.0], [2930.5, 1508.0], [2930.75, 5052.0], [2931.0, 299.0], [2931.25, 5492.0], [2931.5, 15049.0], [2934.75, 8947.0], [2935.0, 29973.0], [2935.5, 40400.0], [2936.25, 1000.0], [2938.25, 29160.0], [2941.0, 29241.0], [2941.25, 40000.0], [2944.25, 40000.0]]}}}
{"jsonrpc": "2.0", "method": "subscription", "params": {"channel": "book.ETH-6FEB26.none.20.100ms", "data": {"timestamp": 1769164234194, "change_id": 105849509070, "instrument_name": "ETH-6FEB26", "bids": [[2926.75, 705.0], [2926.5, 1104.0], [2926.25, 3699.0], [2925.75, 50.0], [2923.25, 2081.0], [2923.0, 6971.0], [2920.75, 1506.0], [2920.5, 5046.0], [2919.0, 4538.0], [2918.75, 15203.0], [2917.75, 400.0], [2917.25, 40000.0], [2916.5, 60880.0], [2913.25, 40000.0], [2908.0, 29517.0], [2906.0, 40000.0], [2903.75, 29826.0], [2897.25, 19586.0], [2892.5, 19584.0], [2871.5, 20099.0]], "asks": [[2927.0, 3699.0], [2927.25, 3029.0], [2927.5, 10149.0], [2927.75, 625.0], [2928.5, 80.0], [2929.5, 2093.0], [2929.75, 7012.0], [2930.5, 1508.0], [2930.75, 5052.0], [2931.0, 299.0], [2931.25, 5492.0], [2931.5, 15049.0], [2934.75, 8947.0], [2935.0, 29973.0], [2935.5, 40400.0], [2936.25, 1000.0], [2938.25, 29160.0], [2941.0, 29241.0], [2941.25, 40000.0], [2944.25, 40000.0]]}}}
{"jsonrpc": "2.0", "method": "subscription", "params": {"channel": "book.ETH-6FEB26.none.20.100ms", "data": {"timestamp": 1769164234471, "change_id": 105849509539, "instrument_name": "ETH-6FEB26", "bids": [[2926.75, 705.0], [2926.5, 1104.0], [2926.25, 3699.0], [2925.75, 50.0], [2923.25, 2081.0], [2923.0, 6971.0], [2920.75, 1506.0], [2920.5, 5046.0], [2919.0, 4538.0], [2918.75, 15203.0], [2917.75, 400.0], [2917.25, 40000.0], [2916.5, 60880.0], [2913.25, 40000.0], [2908.0, 29517.0], [2906.0, 40000.0], [2903.75, 29826.0], [2897.25, 19586.0], [2892.5, 19584.0], [2871.5, 20099.0]], "asks": [[2927.25, 6728.0], [2927.5, 10149.0], [2927.75, 625.0], [2928.5, 80.0], [2929.5, 2093.0], [2929.75, 7012.0], [2930.5, 1508.0], [2930.75, 5052.0], [2931.0, 299.0], [2931.25, 5492.0], [2931.5, 15049.0], [2934.75, 8947.0], [2935.0, 29973.0], [2935.5, 40400.0], [2936.25, 1000.0], [2938.25, 29160.0], [2941.0, 29241.0], [2941.25, 40000.0], [2944.25, 40000.0], [2948.25, 30749.0]]}}}
{"jsonrpc": "2.0", "method": "subscription", "params": {"channel": "book.ETH-6FEB26.none.20.100ms", "data": {"timestamp": 1769164235049, "change_id": 105849509809, "instrument_name": "ETH-6FEB26", "bids": [[2927.0, 625.0], [2926.75, 1184.0], [2926.5, 3699.0], [2925.75, 50.0], [2923.25, 2081.0], [2923.0, 6971.0], [2920.75, 1506.0], [2920.5, 5046.0], [2919.0, 4538.0], [2918.75, 15203.0], [2917.75, 400.0], [2917.25, 40000.0], [2916.5, 60880.0], [2913.25, 40000.0], [2908.0, 29517.0], [2906.0, 40000.0], [2903.75, 29826.0], [2897.25, 19586.0], [2892.5, 19584.0], [2871.5, 20099.0]], "asks": [[2927.25, 3699.0], [2927.5, 10149.0], [2927.75, 625.0], [2928.5, 80.0], [2929.5, 2093.0], [2929.75, 7012.0], [2930.5, 1508.0], [2930.75, 5052.0], [2931.0, 299.0], [2931.25, 5492.0], [2931.5, 15049.0], [2934.75, 8947.0], [2935.0, 29973.0], [2935.5, 40400.0], [2936.25, 1000.0], [2938.25, 29160.0], [2941.0, 29241.0], [2941.25, 40000.0], [2944.25, 40000.0], [2948.25, 30749.0]]}}}
{"jsonrpc": "2.0", "method": "subscription", "params": {"channel": "book.ETH-6FEB26.none.20.100ms", "data": {"timestamp": 1769164235743, "change_id": 105849510716, "instrument_name": "ETH-6FEB26", "bids": [[2927.0, 625.0], [2926.75, 3779.0], [2925.75, 50.0], [2923.25, 2081.0], [2923.0, 6971.0], [2920.75, 1506.0], [2920.5, 5046.0], [2919.0, 4538.0], [2918.75, 15203.0], [2917.75, 400.0], [2917.25, 40000.0], [2916.5, 60880.0], [2913.25, 40000.0], [2908.0, 29517.0], [2906.0, 40000.0], [2903.75, 29826.0], [2897.25, 19586.0], [2892.5, 19584.0], [2871.5, 20099.0], [2856.25, 10009.0]], "asks": [[2927.5, 3749.0], [2928.25, 625.0], [2928.5, 80.0], [2930.5, 1508.0], [2930.75, 5052.0], [2931.0, 299.0], [2931.25, 5492.0], [2931.5, 15049.0], [2932.5, 2156.0], [2932.75, 7224.0], [2934.75, 8947.0], [2935.0, 29973.0], [2935.5, 40400.0], [2936.25, 1000.0], [2938.25, 29160.0], [2941.0, 29241.0], [2941.25, 40000.0], [2944.25, 40000.0], [2948.25, 30749.0], [2953.75, 20500.0]]}}}
{"jsonrpc": "2.0", "method": "subscription", "params": {"channel": "book.ETH-6FEB26.none.20.100ms", "data": {"timestamp": 1769164235986, "change_id": 105849510882, "instrument_name": "ETH-6FEB26", "bids": [[2927.0, 625.0], [2926.75, 3779.0], [2925.75, 50.0], [2923.25, 2081.0], [2923.0, 6971.0], [2920.75, 1506.0], [2920.5, 5046.0], [2919.0, 4538.0], [2918.75, 15203.0], [2917.75, 400.0], [2917.25, 40000.0], [2916.5, 60880.0], [2913.25, 40000.0], [2908.0, 29517.0], [2906.0, 40000.0], [2903.75, 29826.0], [2897.25, 19586.0], [2892.5, 19584.0], [2871.5, 20099.0], [2856.25, 10009.0]], "asks": [[2927.5, 6764.0], [2927.75, 10100.0], [2928.25, 625.0], [2928.5, 80.0], [2929.5, 2163.0], [2929.75, 7245.0], [2930.5, 1508.0], [2930.75, 5052.0], [2931.0, 299.0], [2931.25, 5492.0], [2931.5, 15049.0], [2934.75, 8947.0], [2935.0, 29973.0], [2935.5, 40400.0], [2936.25, 1000.0], [2938.25, 29160.0], [2941.0, 29241.0], [2941.25, 40000.0], [2944.25, 40000.0], [2948.25, 30749.0]]}}}
{"jsonrpc": "2.0", "method": "subscription", "params": {"channel": "book.ETH-6FEB26.none.20.100ms", "data": {"timestamp": 1769164236566, "change_id": 105849511555, "instrument_name": "ETH-6FEB26", "bids": [[2927.0, 625.0], [2926.75, 3779.0], [2925.75, 50.0], [2923.25, 2081.0], [2923.0, 6971.0], [2920.75, 1506.0], [2920.5, 5046.0], [2919.0, 4538.0], [2918.75, 15203.0], [2917.75, 400.0], [2917.25, 40000.0], [2916.5, 60880.0], [2913.25, 40000.0], [2908.0, 29517.0], [2906.0, 40000.0], [2903.75, 29826.0], [2897.25, 19586.0], [2892.5, 19584.0], [2871.5, 20099.0], [2856.25, 10009.0]], "asks": [[2927.5, 3749.0], [2928.25, 625.0], [2928.5, 80.0], [2929.5, 2163.0], [2929.75, 7245.0], [2930.5, 1508.0], [2930.75, 5052.0], [2931.0, 299.0], [2931.25, 5492.0], [2931.5, 15049.0], [2934.75, 8947.0], [2935.0, 29973.0], [2935.5, 40400.0], [2936.25, 1000.0], [2938.25, 29160.0], [2941.0, 29241.0], [2941.25, 40000.0], [2944.25, 40000.0], [2948.25, 30749.0], [2953.75, 20500.0]]}}}
{"jsonrpc": "2.0", "method": "subscription", "params": {"channel": "book.ETH-6FEB26.none.20.100ms", "data": {"timestamp": 1769164236928, "change_id": 105849511744, "instrument_name": "ETH-6FEB26", "bids": [[2927.0, 625.0], [2926.75, 3779.0], [2925.75, 50.0], [2923.25, 2081.0], [2923.0, 6971.0], [2920.75, 1506.0], [2920.5, 5046.0], [2919.0, 4538.0], [2918.75, 15203.0], [2917.75, 400.0], [2917.25, 40000.0], [2916.5, 60880.0], [2913.25, 40000.0], [2908.0, 29517.0], [2906.0, 40000.0], [2903.75, 29826.0], [2897.25, 19586.0], [2892.5, 19584.0], [2871.5, 20099.0], [2856.25, 10009.0]], "asks": [[2927.5, 6764.0], [2927.75, 10100.0], [2928.25, 625.0], [2928.5, 80.0], [2929.5, 2163.0], [2929.75, 7245.0], [2930.5, 1508.0], [2930.75, 5052.0], [2931.0, 299.0], [2931.25, 5492.0], [2931.5, 15049.0], [2934.75, 8947.0], [2935.0, 29973.0], [2935.5, 40400.0], [2936.25, 1000.0], [2938.25, 29160.0], [2941.0, 29241.0], [2941.25, 40000.0], [2944.25, 40000.0], [2948.25, 30749.0]]}}}
{"jsonrpc": "2.0", "method": "subscription", "params": {"channel": "book.ETH-6FEB26.none.20.100ms", "data": {"timestamp": 1769164237405, "change_id": 105849512401, "instrument_name": "ETH-6FEB26", "bids": [[2927.0, 1753.0], [2926.75, 3779.0], [2925.75, 50.0], [2923.25, 2081.0], [2923.0, 6971.0], [2920.75, 1506.0], [2920.5, 5046.0], [2919.0, 4538.0], [2918.75, 15203.0], [2917.75, 400.0], [2917.25, 40000.0], [2916.5, 60880.0], [2913.25, 40000.0], [2908.0, 29517.0], [2906.0, 40000.0], [2903.75, 29826.0], [2897.25, 19586.0], [2892.5, 19584.0], [2871.5, 20099.0], [2856.25, 10009.0]], "asks": [[2927.5, 3749.0], [2928.25, 625.0], [2928.5, 80.0], [2930.25, 2070.0], [2930.5, 8444.0], [2930.75, 5052.0], [2931.0, 299.0], [2931.25, 5492.0], [2931.5, 15049.0], [2934.75, 8947.0], [2935.0, 29973.0], [2935.5, 40400.0], [2936.25, 1000.0], [2938.25, 29160.0], [2941.0, 29241.0], [2941.25, 40000.0], [2944.25, 40000.0], [2948.25, 30749.0], [2953.75, 20500.0], [2956.75, 19404.0]]}}}
{"jsonrpc": "2.0", "method": "subscription", "params": {"channel": "book.ETH-6FEB26.none.20.100ms", "data": {"timestamp": 1769164237573, "change_id": 105849512423, "instrument_name": "ETH-6FEB26", "bids": [[2927.0, 1753.0], [2926.75, 3779.0], [2925.75, 50.0], [2923.25, 2081.0], [2923.0, 6971.0], [2921.25, 1506.0], [2921.0, 5046.0], [2919.0, 4538.0], [2918.75, 15203.0], [2917.75, 400.0], [2917.25, 40000.0], [2916.5, 60880.0], [2913.25, 40000.0], [2908.0, 29517.0], [2906.0, 40000.0], [2903.75, 29826.0], [2897.25, 19586.0], [2892.5, 19584.0], [2871.5, 20099.0], [2856.25, 10009.0]], "asks": [[2927.5, 3749.0], [2928.25, 625.0], [2928.5, 80.0], [2930.25, 2070.0], [2930.5, 8444.0], [2930.75, 5052.0], [2931.0, 299.0], [2931.25, 5492.0], [2931.5, 15049.0], [2934.75, 8947.0], [2935.0, 29973.0], [2935.5, 40400.0], [2936.25, 1000.0], [2938.25, 29160.0], [2941.0, 29241.0], [2941.25, 40000.0], [2944.25, 40000.0], [2948.25, 30749.0], [2953.75, 20500.0], [2956.75, 19404.0]]}}}
{"jsonrpc": "2.0", "method": "subscription", "params": {"channel": "book.ETH-6FEB26.none.20.100ms", "data": {"timestamp": 1769164237981, "change_id": 105849512668, "instrument_name": "ETH-6FEB26", "bids": [[2927.0, 625.0], [2926.75, 1184.0], [2926.5, 3699.0], [2925.75, 50.0], [2923.25, 2081.0], [2923.0, 6971.0], [2921.25, 1506.0], [2921.0, 5046.0], [2919.0, 4538.0], [2918.75, 15203.0], [2917.75, 400.0], [2917.25, 40000.0], [2916.5, 60880.0], [2913.25, 40000.0], [2908.0, 29517.0], [2906.0, 40000.0], [2903.75, 29826.0], [2897.25, 19586.0], [2892.5, 19584.0], [2871.5, 20099.0]], "asks": [[2927.5, 6764.0], [2927.75, 10100.0], [2928.0, 625.0], [2928.5, 80.0], [2930.25, 2070.0], [2930.5, 8444.0], [2930.75, 5052.0], [2931.0, 299.0], [2931.25, 5492.0], [2931.5, 15049.0], [2934.75, 8947.0], [2935.0, 29973.0], [2935.5, 40400.0], [2936.25, 1000.0], [2938.25, 29160.0], [2941.0, 29241.0], [2941.25, 40000.0], [2944.25, 40000.0], [2948.25, 30749.0], [2953.75, 20500.0]]}}}
{"jsonrpc": "2.0", "method": "subscription", "params": {"channel": "book.ETH-6FEB26.none.20.100ms", "data": {"timestamp": 1769164238093, "change_id": 105849512825, "instrument_name": "ETH-6FEB26", "bids": [[2927.0, 625.0], [2926.75, 1184.0], [2926.5, 3699.0], [2925.75, 50.0], [2923.25, 2081.0], [2923.0, 6971.0], [2921.25, 1506.0], [2921.0, 5046.0], [2919.0, 4538.0], [2918.75, 15203.0], [2917.75, 400.0], [2917.25, 40000.0], [2916.5, 60880.0], [2913.25, 40000.0], [2908.0, 29517.0], [2906.0, 40000.0], [2903.75, 29826.0], [2897.25, 19586.0], [2892.5, 19584.0], [2871.5, 20099.0]], "asks": [[2927.25, 3699.0], [2927.5, 3065.0], [2927.75, 10100.0], [2928.0, 625.0], [2928.5, 80.0], [2930.25, 2070.0], [2930.5, 8444.0], [2930.75, 5052.0], [2931.0, 299.0], [2931.25, 5492.0], [2931.5, 15049.0], [2934.75, 8947.0], [2935.0, 29973.0], [2935.5, 40400.0], [2936.25, 1000.0], [2938.25, 29160.0], [2941.0, 29241.0], [2941.25, 40000.0], [2944.25, 40000.0], [2948.25, 30749.0]]}}}
{"jsonrpc": "2.0", "method": "subscription", "params": {"channel": "book.ETH-6FEB26.none.20.100ms", "data": {"timestamp": 1769164238455, "change_id": 105849513318, "instrument_name": "ETH-6FEB26", "bids": [[2927.0, 625.0], [2926.75, 1184.0], [2926.5, 3699.0], [2925.75, 50.0], [2923.25, 2081.0], [2923.0, 6971.0], [2921.25, 1506.0], [2921.0, 5046.0], [2919.0, 4538.0], [2918.75, 15203.0], [2917.75, 400.0], [2917.25, 40000.0], [2916.5, 60880.0], [2913.25, 40000.0], [2908.0, 29517.0], [2906.0, 40000.0], [2903.75, 29826.0], [2897.25, 19586.0], [2892.5, 19584.0], [2871.5, 20099.0]], "asks": [[2927.25, 3699.0], [2927.5, 50.0], [2928.0, 625.0], [2928.5, 80.0], [2930.25, 2070.0], [2930.5, 8444.0], [2930.75, 5052.0], [2931.0, 299.0], [2931.25, 5492.0], [2931.5, 15049.0], [2934.75, 8947.0], [2935.0, 29973.0], [2935.5, 40400.0], [2936.25, 1000.0], [2938.25, 29160.0], [2941.0, 29241.0], [2941.25, 40000.0], [2944.25, 40000.0], [2948.25, 30749.0], [2953.75, 20500.0]]}}}
{"jsonrpc": "2.0", "method": "subscription", "params": {"channel": "book.ETH-6FEB26.none.20.100ms", "data": {"timestamp": 1769164239056, "change_id": 105849513588, "instrument_name": "ETH-6FEB26", "bids": [[2926.75, 1184.0], [2926.5, 3699.0], [2925.75, 50.0], [2923.25, 2081.0], [2923.0, 6971.0], [2921.25, 1506.0], [2921.0, 5046.0], [2919.0, 4538.0], [2918.75, 15203.0], [2917.75, 400.0], [2917.25, 40000.0], [2916.5, 60880.0], [2913.25, 40000.0], [2908.0, 29517.0], [2906.0, 40000.0], [2903.75, 29826.0], [2897.25, 19586.0], [2892.5, 19584.0], [2871.5, 20099.0], [2856.25, 10009.0]], "asks": [[2927.25, 3699.0], [2927.5, 3065.0], [2927.75, 10100.0], [2928.0, 625.0], [2928.5, 80.0], [2930.25, 2070.0], [2930.5, 8444.0], [2930.75, 5052.0], [2931.0, 299.0], [2931.25, 5492.0], [2931.5, 15049.0], [2934.75, 8947.0], [2935.0, 29973.0], [2935.5, 40400.0], [2936.25, 1000.0], [2938.25, 29160.0], [2941.0, 29241.0], [2941.25, 40000.0], [2944.25, 40000.0], [2948.25, 30749.0]]}}}
{"jsonrpc": "2.0", "method": "subscription", "params": {"channel": "book.ETH-6FEB26.none.20.100ms", "data": {"timestamp": 1769164239301, "change_id": 105849514149, "instrument_name": "ETH-6FEB26", "bids": [[2926.75, 705.0], [2926.5, 3699.0], [2925.75, 50.0], [2923.25, 2081.0], [2923.0, 6971.0], [2921.25, 1506.0], [2921.0, 5046.0], [2919.0, 4538.0], [2918.75, 15203.0], [2917.75, 400.0], [2917.25, 40000.0], [2916.5, 60880.0], [2913.25, 40000.0], [2908.0, 29517.0], [2906.0, 40000.0], [2903.75, 29826.0], [2897.25, 19586.0], [2892.5, 19584.0], [2871.5, 20099.0], [2856.25, 10009.0]], "asks": [[2927.25, 3699.0], [2927.5, 50.0], [2928.0, 625.0], [2928.5, 80.0], [2930.25, 2070.0], [2930.5, 8444.0], [2930.75, 5052.0], [2931.0, 299.0], [2931.25, 5492.0], [2931.5, 15049.0], [2934.75, 8947.0], [2935.0, 29973.0], [2935.5, 40400.0], [2936.25, 1000.0], [2938.25, 29160.0], [2941.0, 29241.0], [2941.25, 40000.0], [2944.25, 40000.0], [2948.25, 30749.0], [2953.75, 20500.0]]}}}
{"jsonrpc": "2.0", "method": "subscription", "params": {"channel": "book.ETH-6FEB26.none.20.100ms", "data": {"timestamp": 1769164239658, "change_id": 105849514318, "instrument_name": "ETH-6FEB26", "bids": [[2926.75, 1809.0], [2926.5, 3699.0], [2925.75, 50.0], [2923.25, 2081.0], [2923.0, 6971.0], [2921.25, 1506.0], [2921.0, 5046.0], [2919.0, 4538.0], [2918.75, 15203.0], [2917.75, 400.0], [2917.25, 40000.0], [2916.5, 60880.0], [2913.25, 40000.0], [2908.0, 29517.0], [2906.0, 40000.0], [2903.75, 29826.0], [2897.25, 19586.0], [2892.5, 19584.0], [2871.5, 20099.0], [2856.25, 10009.0]], "asks": [[2927.25, 3699.0], [2927.5, 3251.0], [2927.75, 10725.0], [2928.5, 80.0], [2930.25, 2070.0], [2930.5, 8444.0], [2930.75, 5052.0], [2931.0, 299.0], [2931.25, 5492.0], [2931.5, 15049.0], [2934.75, 8947.0], [2935.0, 29973.0], [2935.5, 40400.0], [2936.25, 1000.0], [2938.25, 29160.0], [2941.0, 29241.0], [2941.25, 40000.0], [2944.25, 40000.0], [2948.25, 30749.0], [2953.75, 20500.0]]}}}
{"jsonrpc": "2.0", "method": "subscription", "params": {"channel": "book.ETH-6FEB26.none.20.100ms", "data": {"timestamp": 1769164240563, "change_id": 105849515158, "instrument_name": "ETH-6FEB26", "bids": [[2926.75, 1809.0], [2926.5, 3699.0], [2925.75, 50.0], [2923.25, 2081.0], [2923.0, 6971.0], [2921.25, 1506.0], [2921.0, 5046.0], [2919.0, 4538.0], [2918.75, 15203.0], [2917.75, 400.0], [2917.25, 40000.0], [2916.5, 60880.0], [2913.25, 40000.0], [2908.0, 29517.0], [2906.0, 40000.0], [2903.75, 29826.0], [2897.25, 19586.0], [2892.5, 19584.0], [2871.5, 20099.0], [2856.25, 10009.0]], "asks": [[2927.25, 3699.0], [2927.5, 50.0], [2927.75, 625.0], [2928.5, 80.0], [2930.25, 2070.0], [2930.5, 8444.0], [2930.75, 5052.0], [2931.0, 299.0], [2931.25, 5492.0], [2931.5, 15049.0], [2934.75, 8947.0], [2935.0, 29973.0], [2935.5, 40400.0], [2936.25, 1000.0], [2938.25, 29160.0], [2941.0, 29241.0], [2941.25, 40000.0], [2944.25, 40000.0], [2948.25, 30749.0], [2953.75, 20500.0]]}}}
{"jsonrpc": "2.0", "method": "subscription", "params": {"channel": "book.ETH-6FEB26.none.20.100ms", "data": {"timestamp": 1769164240962, "change_id": 105849515397, "instrument_name": "ETH-6FEB26", "bids": [[2927.0, 625.0], [2926.75, 1184.0], [2926.5, 3699.0], [2925.75, 50.0], [2923.25, 2081.0], [2923.0, 6971.0], [2921.25, 1506.0], [2921.0, 5046.0], [2919.0, 4538.0], [2918.75, 15203.0], [2917.75, 400.0], [2917.25, 40000.0], [2916.5, 60880.0], [2913.25, 40000.0], [2908.0, 29517.0], [2906.0, 40000.0], [2903.75, 29826.0], [2897.25, 19586.0], [2892.5, 19584.0], [2871.5, 20099.0]], "asks": [[2927.25, 3699.0], [2927.5, 3251.0], [2927.75, 10725.0], [2928.5, 80.0], [2930.25, 2070.0], [2930.5, 8444.0], [2930.75, 5052.0], [2931.0, 299.0], [2931.25, 5492.0], [2931.5, 15049.0], [2934.75, 8947.0], [2935.0, 29973.0], [2935.5, 40400.0], [2936.25, 1000.0], [2938.25, 29160.0], [2941.0, 29241.0], [2941.25, 40000.0], [2944.25, 40000.0], [2948.25, 30749.0], [2953.75, 20500.0]]}}}
{"jsonrpc": "2.0", "method": "subscription", "params": {"channel": "book.ETH-6FEB26.none.20.100ms", "data": {"timestamp": 1769164241324, "change_id": 105849515947, "instrument_name": "ETH-6FEB26", "bids": [[2927.0, 625.0], [2926.75, 1184.0], [2926.5, 3699.0], [2925.75, 50.0], [2923.25, 2081.0], [2923.0, 6971.0], [2921.75, 1506.0], [2921.5, 5046.0], [2919.0, 4538.0], [2918.75, 15203.0], [2917.75, 400.0], [2917.25, 40000.0], [2916.5, 60880.0], [2913.25, 40000.0], [2908.0, 29517.0], [2906.0, 40000.0], [2903.75, 29826.0], [2897.25, 19586.0], [2892.5, 19584.0], [2871.5, 20099.0]], "asks": [[2927.25, 3699.0], [2927.5, 3251.0], [2927.75, 10725.0], [2928.5, 80.0], [2930.25, 2070.0], [2930.5, 8444.0], [2930.75, 5052.0], [2931.0, 299.0], [2931.25, 5492.0], [2931.5, 15049.0], [2934.75, 8947.0], [2935.0, 29973.0], [2935.5, 40400.0], [2936.25, 1000.0], [2938.25, 29160.0], [2941.0, 29241.0], [2941.25, 40000.0], [2944.25, 40000.0], [2948.25, 30749.0], [2953.75, 20500.0]]}}}
{"jsonrpc": "2.0", "method": "subscription", "params": {"channel": "book.ETH-6FEB26.none.20.100ms", "data": {"timestamp": 1769164241437, "change_id": 105849516064, "instrument_name": "ETH-6FEB26", "bids": [[2927.0, 625.0], [2926.75, 1184.0], [2926.5, 3699.0], [2925.75, 50.0], [2923.25, 2081.0], [2923.0, 6971.0], [2921.75, 1506.0], [2921.5, 5046.0], [2919.0, 4538.0], [2918.75, 15203.0], [2917.75, 400.0], [2917.25, 40000.0], [2916.5, 60880.0], [2913.25, 40000.0], [2908.0, 29517.0], [2906.0, 40000.0], [2903.75, 29826.0], [2897.25, 19586.0], [2892.5, 19584.0], [2871.5, 20099.0]], "asks": [[2927.25, 3699.0], [2927.5, 50.0], [2927.75, 625.0], [2928.5, 80.0], [2930.25, 2070.0], [2930.5, 8444.0], [2930.75, 5052.0], [2931.0, 299.0], [2931.25, 5492.0], [2931.5, 15049.0], [2934.75, 8947.0], [2935.0, 29973.0], [2935.5, 40400.0], [2936.25, 1000.0], [2938.25, 29160.0], [2941.0, 29241.0], [2941.25, 40000.0], [2944.25, 40000.0], [2948.25, 30749.0], [2953.75, 20500.0]]}}}
{"jsonrpc": "2.0", "method": "subscription", "params": {"channel": "book.ETH-6FEB26.none.20.100ms", "data": {"timestamp": 1769164241804, "change_id": 105849516149, "instrument_name": "ETH-6FEB26", "bids": [[2927.0, 625.0], [2926.75, 1184.0], [2926.5, 3699.0], [2925.75, 50.0], [2923.25, 2081.0], [2923.0, 6971.0], [2921.75, 1506.0], [2921.5, 5046.0], [2919.0, 4538.0], [2918.75, 15203.0], [2917.75, 400.0], [2917.25, 40000.0], [2916.5, 60880.0], [2913.25, 40000.0], [2908.0, 29517.0], [2906.0, 40000.0], [2903.75, 29826.0], [2897.25, 19586.0], [2892.5, 19584.0], [2871.5, 20099.0]], "asks": [[2927.25, 3699.0], [2927.5, 3251.0], [2927.75, 10725.0], [2928.5, 80.0], [2930.25, 2070.0], [2930.5, 8444.0], [2930.75, 5052.0], [2931.0, 299.0], [2931.25, 5492.0], [2931.5, 15049.0], [2934.75, 8947.0], [2935.0, 29973.0], [2935.5, 40400.0], [2936.25, 1000.0], [2938.25, 29160.0], [2941.0, 29241.0], [2941.25, 40000.0], [2944.25, 40000.0], [2948.25, 30749.0], [2953.75, 20500.0]]}}}
{"jsonrpc": "2.0", "method": "subscription", "params": {"channel": "book.ETH-6FEB26.none.20.100ms", "data": {"timestamp": 1769164242494, "change_id": 105849516958, "instrument_name": "ETH-6FEB26", "bids": [[2927.0, 625.0], [2926.75, 1184.0], [2926.5, 3699.0], [2925.75, 50.0], [2923.25, 2081.0], [2923.0, 6971.0], [2921.75, 1506.0], [2921.5, 5046.0], [2919.0, 4538.0], [2918.75, 15203.0], [2917.75, 400.0], [2917.25, 40000.0], [2916.5, 60880.0], [2913.25, 40000.0], [2908.0, 29517.0], [2906.0, 40000.0], [2903.75, 29826.0], [2897.25, 19586.0], [2892.5, 19584.0], [2871.5, 20099.0]], "asks": [[2927.25, 3699.0], [2927.5, 50.0], [2927.75, 625.0], [2928.5, 80.0], [2930.25, 2070.0], [2930.5, 8444.0], [2930.75, 5052.0], [2931.0, 299.0], [2931.25, 5492.0], [2931.5, 15049.0], [2934.75, 8947.0], [2935.0, 29973.0], [2935.5, 40400.0], [2936.25, 1000.0], [2938.25, 29160.0], [2941.0, 29241.0], [2941.25, 40000.0], [2944.25, 40000.0], [2948.25, 30749.0], [2953.75, 20500.0]]}}}
{"jsonrpc": "2.0", "method": "subscription", "params": {"channel": "book.ETH-6FEB26.none.20.100ms", "data": {"timestamp": 1769164242972, "change_id": 105849517196, "instrument_name": "ETH-6FEB26", "bids": [[2927.0, 625.0], [2926.75, 1184.0], [2926.5, 3699.0], [2925.75, 50.0], [2923.25, 2081.0], [2923.0, 6971.0], [2921.75, 1506.0], [2921.5, 5046.0], [2919.0, 4538.0], [2918.75, 15203.0], [2917.75, 400.0], [2917.25, 40000.0], [2916.5, 60880.0], [2913.25, 40000.0], [2908.0, 29517.0], [2906.0, 40000.0], [2903.75, 29826.0], [2897.25, 19586.0], [2892.5, 19584.0], [2871.5, 20099.0]], "asks": [[2927.5, 6764.0], [2927.75, 10100.0], [2928.25, 625.0], [2928.5, 80.0], [2930.25, 2070.0], [2930.5, 8444.0], [2930.75, 5052.0], [2931.0, 299.0], [2931.25, 5492.0], [2931.5, 15049.0], [2934.75, 8947.0], [2935.0, 29973.0], [2935.5, 40400.0], [2936.25, 1000.0], [2938.25, 29160.0], [2941.0, 29241.0], [2941.25, 40000.0], [2944.25, 40000.0], [2948.25, 30749.0], [2953.75, 20500.0]]}}}
{"jsonrpc": "2.0", "method": "subscription", "params": {"channel": "book.ETH-6FEB26.none.20.100ms", "data": {"timestamp": 1769164243265, "change_id": 105849517633, "instrument_name": "ETH-6FEB26", "bids": [[2927.0, 625.0], [2926.75, 1184.0], [2926.5, 3699.0], [2925.75, 50.0], [2923.25, 2081.0], [2923.0, 6971.0], [2921.75, 1506.0], [2921.5, 5046.0], [2919.0, 4538.0], [2918.75, 15203.0], [2917.75, 400.0], [2917.25, 40000.0], [2916.5, 60880.0], [2913.25, 40000.0], [2908.0, 29517.0], [2906.0, 40000.0], [2903.75, 29826.0], [2897.25, 19586.0], [2892.5, 19584.0], [2871.5, 20099.0]], "asks": [[2927.25, 3699.0], [2927.5, 3065.0], [2927.75, 10100.0], [2928.0, 625.0], [2928.5, 80.0], [2930.25, 2070.0], [2930.5, 8444.0], [2930.75, 5052.0], [2931.0, 299.0], [2931.25, 5492.0], [2931.5, 15049.0], [2934.75, 8947.0], [2935.0, 29973.0], [2935.5, 40400.0], [2936.25, 1000.0], [2938.25, 29160.0], [2941.0, 29241.0], [2941.25, 40000.0], [2944.25, 40000.0], [2948.25, 30749.0]]}}}
{"jsonrpc": "2.0", "method": "subscription", "params": {"channel": "book.ETH-6FEB26.none.20.100ms", "data": {"timestamp": 1769164243549, "change_id": 105849517837, "instrument_name": "ETH-6FEB26", "bids": [[2927.0, 625.0], [2926.75, 1184.0], [2926.5, 3699.0], [2925.75, 50.0], [2923.25, 2081.0], [2923.0, 6971.0], [2921.75, 1506.0], [2921.5, 5046.0], [2919.0, 4538.0], [2918.75, 15203.0], [2917.75, 400.0], [2917.25, 40000.0], [2916.5, 60880.0], [2913.25, 40000.0], [2908.0, 29517.0], [2906.0, 40000.0], [2903.75, 29826.0], [2897.25, 19586.0], [2892.5, 19584.0], [2871.5, 20099.0]], "asks": [[2927.25, 3699.0], [2927.5, 50.0], [2928.0, 625.0], [2928.5, 80.0], [2930.25, 2070.0], [2930.5, 8444.0], [2930.75, 5052.0], [2931.0, 299.0], [2931.25, 5492.0], [2931.5, 15049.0], [2934.75, 8947.0], [2935.0, 29973.0], [2935.5, 40400.0], [2936.25, 1000.0], [2938.25, 29160.0], [2941.0, 29241.0], [2941.25, 40000.0], [2944.25, 40000.0], [2948.25, 30749.0], [2953.75, 20500.0]]}}}
{"jsonrpc": "2.0", "method": "subscription", "params": {"channel": "book.ETH-6FEB26.none.20.100ms", "data": {"timestamp": 1769164243972, "change_id": 105849518075, "instrument_name": "ETH-6FEB26", "bids": [[2927.0, 625.0], [2926.75, 1184.0], [2926.5, 3699.0], [2925.75, 50.0], [2923.25, 2081.0], [2923.0, 6971.0], [2921.75, 1506.0], [2921.5, 5046.0], [2919.0, 4538.0], [2918.75, 15203.0], [2917.75, 400.0], [2917.25, 40000.0], [2916.5, 60880.0], [2913.25, 40000.0], [2908.0, 29517.0], [2906.0, 40000.0], [2903.75, 29826.0], [2897.25, 19586.0], [2892.5, 19584.0], [2871.5, 20099.0]], "asks": [[2927.5, 6764.0], [2927.75, 10100.0], [2928.0, 625.0], [2928.5, 80.0], [2930.25, 2070.0], [2930.5, 8444.0], [2930.75, 5052.0], [2931.0, 299.0], [2931.25, 5492.0], [2931.5, 15049.0], [2934.75, 8947.0], [2935.0, 29973.0], [2935.5, 40400.0], [2936.25, 1000.0], [2938.25, 29160.0], [2941.0, 29241.0], [2941.25, 40000.0], [2944.25, 40000.0], [2948.25, 30749.0], [2953.75, 20500.0]]}}}
{"jsonrpc": "2.0", "method": "subscription", "params": {"channel": "book.ETH-6FEB26.none.20.100ms", "data": {"timestamp": 1769164244398, "change_id": 105849519391, "instrument_name": "ETH-6FEB26", "bids": [[2927.0, 625.0], [2926.75, 1184.0], [2926.5, 3699.0], [2925.75, 50.0], [2923.25, 2081.0], [2923.0, 6971.0], [2921.75, 1506.0], [2921.5, 5046.0], [2919.0, 4538.0], [2918.75, 15203.0], [2917.75, 400.0], [2917.25, 40000.0], [2916.5, 60880.0], [2913.25, 40000.0], [2908.0, 29517.0], [2906.0, 40000.0], [2903.75, 29826.0], [2897.25, 19586.0], [2892.5, 19584.0], [2871.5, 20099.0]], "asks": [[2927.5, 3749.0], [2928.0, 625.0], [2928.5, 80.0], [2930.25, 2070.0], [2930.5, 8444.0], [2930.75, 5052.0], [2931.0, 299.0], [2931.25, 5492.0], [2931.5, 15049.0], [2934.75, 8947.0], [2935.0, 29973.0], [2935.5, 40400.0], [2936.25, 1000.0], [2938.25, 29160.0], [2941.0, 29241.0], [2941.25, 40000.0], [2944.25, 40000.0], [2948.25, 30749.0], [2953.75, 20500.0], [2956.75, 19404.0]]}}}
{"jsonrpc": "2.0", "method": "subscription", "params": {"channel": "book.ETH-6FEB26.none.20.100ms", "data": {"timestamp": 1769164244761, "change_id": 105849519474, "instrument_name": "ETH-6FEB26", "bids": [[2927.0, 625.0], [2926.75, 1184.0], [2926.5, 3699.0], [2925.75, 50.0], [2923.25, 2081.0], [2923.0, 6971.0], [2921.75, 1506.0], [2921.5, 5046.0], [2919.0, 4538.0], [2918.75, 15203.0], [2917.75, 400.0], [2917.25, 40000.0], [2916.5, 60880.0], [2913.25, 40000.0], [2908.0, 29517.0], [2906.0, 40000.0], [2903.75, 29826.0], [2897.25, 19586.0], [2892.5, 19584.0], [2871.5, 20099.0]], "asks": [[2927.5, 6764.0], [2927.75, 10100.0], [2928.0, 625.0], [2928.5, 80.0], [2930.25, 2070.0], [2930.5, 8444.0], [2930.75, 5052.0], [2931.0, 299.0], [2931.25, 5492.0], [2931.5, 15049.0], [2934.75, 8947.0], [2935.0, 29973.0], [2935.5, 40400.0], [2936.25, 1000.0], [2938.25, 29160.0], [2941.0, 29241.0], [2941.25, 40000.0], [2944.25, 40000.0], [2948.25, 30749.0], [2953.75, 20500.0]]}}}
{"jsonrpc": "2.0", "method": "subscription", "params": {"channel": "book.ETH-6FEB26.none.20.100ms", "data": {"timestamp": 1769164245446, "change_id": 105849520287, "instrument_name": "ETH-6FEB26", "bids": [[2927.0, 625.0], [2926.75, 1184.0], [2926.5, 3699.0], [2925.75, 50.0], [2923.25, 2081.0], [2923.0, 6971.0], [2921.75, 1506.0], [2921.5, 5046.0], [2919.0, 4538.0], [2918.75, 15203.0], [2917.75, 400.0], [2917.25, 40000.0], [2916.5, 60880.0], [2913.25, 40000.0], [2908.0, 29517.0], [2906.0, 40000.0], [2903.75, 29826.0], [2897.25, 19586.0], [2892.5, 19584.0], [2871.5, 20099.0]], "asks": [[2927.5, 3749.0], [2928.0, 625.0], [2928.5, 80.0], [2930.25, 2070.0], [2930.5, 8444.0], [2930.75, 5052.0], [2931.0, 299.0], [2931.25, 5492.0], [2931.5, 15049.0], [2934.75, 8947.0], [2935.0, 29973.0], [2935.5, 40400.0], [2936.25, 1000.0], [2938.25, 29160.0], [2941.0, 29241.0], [2941.25, 40000.0], [2944.25, 40000.0], [2948.25, 30749.0], [2953.75, 20500.0], [2956.75, 19404.0]]}}}
{"jsonrpc": "2.0", "method": "subscription", "params": {"channel": "book.ETH-6FEB26.none.20.100ms", "data": {"timestamp": 1769164245826, "change_id": 105849520395, "instrument_name": "ETH-6FEB26", "bids": [[2927.0, 1753.0], [2926.75, 3779.0], [2925.75, 50.0], [2923.25, 2081.0], [2923.0, 6971.0], [2921.75, 1506.0], [2921.5, 5046.0], [2919.0, 4538.0], [2918.75, 15203.0], [2917.75, 400.0], [2917.25, 40000.0], [2916.5, 60880.0], [2913.25, 40000.0], [2908.0, 29517.0], [2906.0, 40000.0], [2903.75, 29826.0], [2897.25, 19586.0], [2892.5, 19584.0], [2871.5, 20099.0], [2856.25, 10009.0]], "asks": [[2927.5, 6764.0], [2927.75, 10100.0], [2928.0, 625.0], [2928.5, 80.0], [2930.25, 2070.0], [2930.5, 8444.0], [2930.75, 5052.0], [2931.0, 299.0], [2931.25, 5492.0], [2931.5, 15049.0], [2934.75, 8947.0], [2935.0, 29973.0], [2935.5, 40400.0], [2936.25, 1000.0], [2938.25, 29160.0], [2941.0, 29241.0], [2941.25, 40000.0], [2944.25, 40000.0], [2948.25, 30749.0], [2953.75, 20500.0]]}}}
{"jsonrpc": "2.0", "method": "subscription", "params": {"channel": "book.ETH-6FEB26.none.20.100ms", "data": {"timestamp": 1769164246340, "change_id": 105849521320, "instrument_name": "ETH-6FEB26", "bids": [[2927.25, 625.0], [2926.75, 80.0], [2925.75, 50.0], [2923.25, 2081.0], [2923.0, 6971.0], [2919.5, 1506.0], [2919.25, 5046.0], [2919.0, 4538.0], [2918.75, 15203.0], [2917.75, 400.0], [2917.25, 40000.0], [2916.5, 60880.0], [2913.25, 40000.0], [2908.0, 29517.0], [2906.0, 40000.0], [2903.75, 29826.0], [2897.25, 19586.0], [2892.5, 19584.0], [2871.5, 20099.0], [2856.25, 10009.0]], "asks": [[2927.5, 50.0], [2927.75, 3699.0], [2928.0, 625.0], [2928.5, 80.0], [2930.5, 1508.0], [2930.75, 5052.0], [2931.0, 299.0], [2931.25, 5492.0], [2931.5, 22014.0], [2934.75, 8947.0], [2935.0, 29973.0], [2935.5, 40400.0], [2936.25, 1000.0], [2938.25, 29160.0], [2941.0, 29241.0], [2941.25, 40000.0], [2948.25, 30749.0], [2948.5, 40000.0], [2953.75, 20500.0], [2956.75, 19404.0]]}}}
{"jsonrpc": "2.0", "method": "subscription", "params": {"channel": "book.ETH-6FEB26.none.20.100ms", "data": {"timestamp": 1769164246478, "change_id": 105849521460, "instrument_name": "ETH-6FEB26", "bids": [[2927.25, 625.0], [2927.0, 3699.0], [2926.75, 80.0], [2925.75, 50.0], [2923.25, 2081.0], [2923.0, 6971.0], [2919.5, 1506.0], [2919.25, 5046.0], [2919.0, 4538.0], [2918.75, 15203.0], [2917.75, 400.0], [2917.25, 40000.0], [2916.5, 60880.0], [2913.25, 40000.0], [2908.0, 29517.0], [2906.0, 40000.0], [2903.75, 29826.0], [2897.25, 19586.0], [2892.5, 19584.0], [2871.5, 20099.0]], "asks": [[2927.5, 7934.0], [2927.75, 3699.0], [2928.0, 625.0], [2928.5, 80.0], [2929.5, 2115.0], [2929.75, 7085.0], [2930.5, 1508.0], [2930.75, 5052.0], [2931.0, 299.0], [2931.25, 5492.0], [2931.5, 15049.0], [2934.75, 8947.0], [2935.0, 29973.0], [2935.5, 40400.0], [2936.25, 1000.0], [2938.25, 29160.0], [2941.0, 29241.0], [2941.25, 40000.0], [2948.25, 30749.0], [2948.5, 40000.0]]}}}
{"jsonrpc": "2.0", "method": "subscription", "params": {"channel": "book.ETH-6FEB26.none.20.100ms", "data": {"timestamp": 1769164246960, "change_id": 105849522181, "instrument_name": "ETH-6FEB26", "bids": [[2927.25, 625.0], [2927.0, 3699.0], [2926.75, 80.0], [2925.75, 50.0], [2923.25, 2081.0], [2923.0, 6971.0], [2920.0, 1506.0], [2919.75, 5046.0], [2919.0, 4538.0], [2918.75, 15203.0], [2917.75, 400.0], [2917.25, 40000.0], [2916.5, 60880.0], [2913.25, 40000.0], [2908.0, 29517.0], [2906.0, 40000.0], [2903.75, 29826.0], [2897.25, 19586.0], [2892.5, 19584.0], [2871.5, 20099.0]], "asks": [[2927.5, 50.0], [2927.75, 3699.0], [2928.25, 210.0], [2928.5, 625.0], [2929.25, 80.0], [2930.5, 1508.0], [2930.75, 5052.0], [2931.0, 2421.0], [2931.25, 12731.0], [2931.5, 15049.0], [2934.75, 8947.0], [2935.0, 29973.0], [2935.5, 40400.0], [2936.25, 1000.0], [2938.25, 29160.0], [2941.0, 29241.0], [2941.25, 40000.0], [2948.25, 30749.0], [2948.5, 40000.0], [2953.75, 20500.0]]}}}
{"jsonrpc": "2.0", "method": "subscription", "params": {"channel": "book.ETH-6FEB26.none.20.100ms", "data": {"timestamp": 1769164247330, "change_id": 105849522873, "instrument_name": "ETH-6FEB26", "bids": [[2927.25, 625.0], [2926.75, 80.0], [2925.75, 50.0], [2923.25, 2081.0], [2923.0, 6971.0], [2920.0, 1506.0], [2919.75, 5046.0], [2919.0, 4538.0], [2918.75, 15203.0], [2917.75, 400.0], [2917.25, 40000.0], [2916.5, 60880.0], [2913.25, 40000.0], [2908.0, 29517.0], [2906.0, 40000.0], [2903.75, 29826.0], [2897.25, 19586.0], [2892.5, 19584.0], [2871.5, 20099.0], [2856.25, 10009.0]], "asks": [[2927.5, 50.0], [2927.75, 13799.0], [2928.25, 625.0], [2929.25, 80.0], [2930.5, 1508.0], [2930.75, 5052.0], [2931.0, 2421.0], [2931.25, 12731.0], [2931.5, 15049.0], [2934.75, 8947.0], [2935.0, 29973.0], [2935.5, 40400.0], [2936.25, 1000.0], [2938.25, 29160.0], [2941.0, 29241.0], [2941.25, 40000.0], [2948.25, 30749.0], [2948.5, 40000.0], [2953.75, 20500.0], [2956.75, 19404.0]]}}}
{"jsonrpc": "2.0", "method": "subscription", "params": {"channel": "book.ETH-6FEB26.none.20.100ms", "data": {"timestamp": 1769164247626, "change_id": 105849523088, "instrument_name": "ETH-6FEB26", "bids": [[2927.25, 625.0], [2927.0, 1128.0], [2926.75, 3779.0], [2925.75, 50.0], [2923.25, 2081.0], [2923.0, 6971.0], [2920.0, 1506.0], [2919.75, 5046.0], [2919.0, 4538.0], [2918.75, 15203.0], [2917.75, 400.0], [2917.25, 40000.0], [2916.5, 60880.0], [2913.25, 40000.0], [2908.0, 29517.0], [2906.0, 40000.0], [2903.75, 29826.0], [2897.25, 19586.0], [2892.5, 19584.0], [2871.5, 20099.0]], "asks": [[2927.5, 3749.0], [2928.25, 625.0], [2928.75, 80.0], [2930.5, 1508.0], [2930.75, 5052.0], [2931.0, 2421.0], [2931.25, 12731.0], [2931.5, 15049.0], [2934.75, 8947.0], [2935.0, 29973.0], [2935.5, 40400.0], [2936.25, 1000.0], [2938.25, 29160.0], [2941.0, 29241.0], [2941.25, 40000.0], [2948.25, 30749.0], [2948.5, 40000.0], [2953.75, 20500.0], [2956.75, 19404.0], [2966.0, 200.0]]}}}
{"jsonrpc": "2.0", "method": "subscription", "params": {"channel": "book.ETH-6FEB26.none.20.100ms", "data": {"timestamp": 1769164247720, "change_id": 105849523139, "instrument_name": "ETH-6FEB26", "bids": [[2927.25, 625.0], [2927.0, 1128.0], [2926.75, 3779.0], [2925.75, 50.0], [2923.25, 2081.0], [2923.0, 6971.0], [2920.0, 1506.0], [2919.75, 5046.0], [2919.0, 4538.0], [2918.75, 15203.0], [2917.75, 400.0], [2917.25, 40000.0], [2916.5, 60880.0], [2913.25, 40000.0], [2908.0, 29517.0], [2906.0, 40000.0], [2903.75, 29826.0], [2897.25, 19586.0], [2892.5, 19584.0], [2871.5, 20099.0]], "asks": [[2927.5, 13848.0], [2928.25, 625.0], [2928.75, 80.0], [2930.5, 1508.0], [2930.75, 5052.0], [2931.0, 2421.0], [2931.25, 12731.0], [2931.5, 15049.0], [2934.75, 8947.0], [2935.0, 29973.0], [2935.5, 40400.0], [2936.25, 1000.0], [2938.25, 29160.0], [2941.0, 29241.0], [2941.25, 40000.0], [2948.25, 30749.0], [2948.5, 40000.0], [2953.75, 20500.0], [2956.75, 19404.0], [2966.0, 200.0]]}}}
{"jsonrpc": "2.0", "method": "subscription", "params": {"channel": "book.ETH-6FEB26.none.20.100ms", "data": {"timestamp": 1769164249282, "change_id": 105849524749, "instrument_name": "ETH-6FEB26", "bids": [[2927.25, 625.0], [2927.0, 3699.0], [2926.75, 80.0], [2925.75, 50.0], [2923.25, 2081.0], [2923.0, 6971.0], [2920.0, 1506.0], [2919.75, 5046.0], [2919.0, 4538.0], [2918.75, 15203.0], [2917.75, 400.0], [2917.25, 40000.0], [2916.5, 60880.0], [2913.25, 40000.0], [2908.0, 29517.0], [2906.0, 40000.0], [2903.75, 29826.0], [2897.25, 19586.0], [2892.5, 19584.0], [2871.5, 20099.0]], "asks": [[2927.5, 10149.0], [2927.75, 3699.0], [2928.25, 625.0], [2928.75, 80.0], [2930.5, 1508.0], [2930.75, 5052.0], [2931.0, 2421.0], [2931.25, 12731.0], [2931.5, 15049.0], [2934.75, 8947.0], [2935.0, 29973.0], [2935.5, 40400.0], [2936.25, 1000.0], [2938.25, 29160.0], [2941.0, 29241.0], [2941.25, 40000.0], [2948.25, 30749.0], [2948.5, 40000.0], [2953.75, 20500.0], [2956.75, 19404.0]]}}}
{"jsonrpc": "2.0", "method": "subscription", "params": {"channel": "book.ETH-6FEB26.none.20.100ms", "data": {"timestamp": 1769164250328, "change_id": 105849525677, "instrument_name": "ETH-6FEB26", "bids": [[2927.25, 625.0], [2927.0, 3699.0], [2926.75, 80.0], [2925.75, 50.0], [2923.25, 2081.0], [2923.0, 6971.0], [2920.5, 1506.0], [2920.25, 5046.0], [2919.0, 4538.0], [2918.75, 15203.0], [2917.75, 400.0], [2917.25, 40000.0], [2916.5, 60880.0], [2913.25, 40000.0], [2908.0, 29517.0], [2906.0, 40000.0], [2903.75, 29826.0], [2897.25, 19586.0], [2892.5, 19584.0], [2871.5, 20099.0]], "asks": [[2927.5, 10149.0], [2927.75, 3699.0], [2928.25, 625.0], [2928.75, 80.0], [2930.5, 1508.0], [2930.75, 5052.0], [2931.0, 2421.0], [2931.25, 12731.0], [2931.5, 15049.0], [2934.75, 8947.0], [2935.0, 29973.0], [2935.5, 40400.0], [2936.25, 1000.0], [2938.25, 29160.0], [2941.0, 29241.0], [2941.25, 40000.0], [2948.25, 30749.0], [2948.5, 40000.0], [2953.75, 20500.0], [2956.75, 19404.0]]}}}
{"jsonrpc": "2.0", "method": "subscription", "params": {"channel": "book.ETH-6FEB26.none.20.100ms", "data": {"timestamp": 1769164256417, "change_id": 105849530831, "instrument_name": "ETH-6FEB26", "bids": [[2927.25, 625.0], [2927.0, 3699.0], [2926.75, 80.0], [2925.75, 50.0], [2923.25, 2081.0], [2923.0, 6971.0], [2920.5, 1506.0], [2920.25, 5046.0], [2919.0, 4538.0], [2918.75, 15203.0], [2917.75, 400.0], [2917.25, 40000.0], [2916.5, 60880.0], [2913.25, 40000.0], [2908.0, 29517.0], [2906.0, 40000.0], [2903.75, 29826.0], [2897.25, 19586.0], [2892.5, 19584.0], [2871.5, 20099.0]], "asks": [[2927.5, 10149.0], [2927.75, 1104.0], [2928.0, 3699.0], [2928.25, 625.0], [2928.75, 80.0], [2930.5, 1508.0], [2930.75, 5052.0], [2931.0, 2421.0], [2931.25, 12731.0], [2931.5, 15049.0], [2934.75, 8947.0], [2935.0, 29973.0], [2935.5, 40400.0], [2936.25, 1000.0], [2938.25, 29160.0], [2941.0, 29241.0], [2941.25, 40000.0], [2948.25, 30749.0], [2948.5, 40000.0], [2953.75, 20500.0]]}}}
{"jsonrpc": "2.0", "method": "subscription", "params": {"channel": "book.ETH-6FEB26.none.20.100ms", "data": {"timestamp": 1769164257953, "change_id": 105849531996, "instrument_name": "ETH-6FEB26", "bids": [[2927.25, 625.0], [2927.0, 1128.0], [2926.75, 3779.0], [2925.75, 50.0], [2923.25, 2081.0], [2923.0, 6971.0], [2920.5, 1506.0], [2920.25, 5046.0], [2919.0, 4538.0], [2918.75, 15203.0], [2917.75, 400.0], [2917.25, 40000.0], [2916.5, 60880.0], [2913.25, 40000.0], [2908.0, 29517.0], [2906.0, 40000.0], [2903.75, 29826.0], [2897.25, 19586.0], [2892.5, 19584.0], [2871.5, 20099.0]], "asks": [[2927.5, 10149.0], [2927.75, 3699.0], [2928.25, 625.0], [2928.75, 80.0], [2930.5, 1508.0], [2930.75, 5052.0], [2931.0, 2421.0], [2931.25, 12731.0], [2931.5, 15049.0], [2934.75, 8947.0], [2935.0, 29973.0], [2935.5, 40400.0], [2936.25, 1000.0], [2938.25, 29160.0], [2941.0, 29241.0], [2941.25, 40000.0], [2948.25, 30749.0], [2948.5, 40000.0], [2953.75, 20500.0], [2956.75, 19404.0]]}}}
{"jsonrpc": "2.0", "method": "subscription", "params": {"channel": "book.ETH-6FEB26.none.20.100ms", "data": {"timestamp": 1769164259497, "change_id": 105849533862, "instrument_name": "ETH-6FEB26", "bids": [[2927.25, 705.0], [2927.0, 3699.0], [2925.75, 50.0], [2924.75, 2120.0], [2924.5, 7102.0], [2921.0, 1506.0], [2920.75, 5046.0], [2919.0, 4538.0], [2918.75, 15203.0], [2917.75, 400.0], [2917.25, 40000.0], [2916.5, 60880.0], [2913.25, 40000.0], [2908.0, 29517.0], [2906.0, 40000.0], [2903.75, 29826.0], [2897.25, 19586.0], [2892.5, 19584.0], [2871.5, 20099.0], [2856.25, 10009.0]], "asks": [[2927.5, 50.0], [2927.75, 1104.0], [2928.0, 3699.0], [2928.5, 210.0], [2928.75, 705.0], [2930.5, 1508.0], [2930.75, 5052.0], [2931.0, 299.0], [2931.25, 5492.0], [2931.5, 15049.0], [2934.25, 2089.0], [2934.5, 6997.0], [2934.75, 8947.0], [2935.0, 29973.0], [2935.5, 40400.0], [2936.25, 1000.0], [2938.25, 29160.0], [2941.0, 29241.0], [2941.25, 40000.0], [2948.25, 30749.0]]}}}
{"jsonrpc": "2.0", "method": "subscription", "params": {"channel": "book.ETH-6FEB26.none.20.100ms", "data": {"timestamp": 1769164259753, "change_id": 105849534101, "instrument_name": "ETH-6FEB26", "bids": [[2927.25, 705.0], [2927.0, 3699.0], [2925.75, 50.0], [2924.75, 2120.0], [2924.5, 7102.0], [2921.0, 1506.0], [2920.75, 5046.0], [2919.0, 4538.0], [2918.75, 15203.0], [2917.75, 400.0], [2917.25, 40000.0], [2916.5, 60880.0], [2913.25, 40000.0], [2908.0, 29517.0], [2906.0, 40000.0], [2903.75, 29826.0], [2897.25, 19586.0], [2892.5, 19584.0], [2871.5, 20099.0], [2856.25, 10009.0]], "asks": [[2927.5, 50.0], [2927.75, 3978.0], [2928.0, 13800.0], [2928.5, 625.0], [2928.75, 80.0], [2930.5, 3394.0], [2930.75, 12015.0], [2931.0, 299.0], [2931.25, 5492.0], [2931.5, 15049.0], [2934.75, 8947.0], [2935.0, 29973.0], [2935.5, 40400.0], [2936.25, 1000.0], [2938.25, 29160.0], [2941.0, 29241.0], [2941.25, 40000.0], [2948.25, 30749.0], [2948.5, 40000.0], [2953.75, 20500.0]]}}}
{"jsonrpc": "2.0", "method": "subscription", "params": {"channel": "book.ETH-6FEB26.none.20.100ms", "data": {"timestamp": 1769164260031, "change_id": 105849534259, "instrument_name": "ETH-6FEB26", "bids": [[2927.25, 705.0], [2927.0, 3699.0], [2925.75, 50.0], [2924.75, 2120.0], [2924.5, 7102.0], [2921.0, 1506.0], [2920.75, 5046.0], [2919.0, 4538.0], [2918.75, 15203.0], [2917.75, 400.0], [2917.25, 40000.0], [2916.5, 60880.0], [2913.25, 40000.0], [2908.0, 29517.0], [2906.0, 40000.0], [2903.75, 29826.0], [2897.25, 19586.0], [2892.5, 19584.0], [2871.5, 20099.0], [2856.25, 10009.0]], "asks": [[2927.5, 50.0], [2927.75, 1104.0], [2928.0, 3699.0], [2928.5, 625.0], [2928.75, 80.0], [2930.5, 3394.0], [2930.75, 12015.0], [2931.0, 299.0], [2931.25, 5492.0], [2931.5, 15049.0], [2934.75, 8947.0], [2935.0, 29973.0], [2935.5, 40400.0], [2936.25, 1000.0], [2938.25, 29160.0], [2941.0, 29241.0], [2941.25, 40000.0], [2948.25, 30749.0], [2948.5, 40000.0], [2953.75, 20500.0]]}}}
{"jsonrpc": "2.0", "method": "subscription", "params": {"channel": "book.ETH-6FEB26.none.20.100ms", "data": {"timestamp": 1769164260595, "change_id": 105849534982, "instrument_name": "ETH-6FEB26", "bids": [[2927.25, 705.0], [2927.0, 3699.0], [2925.75, 50.0], [2924.75, 2120.0], [2924.5, 7102.0], [2921.0, 1506.0], [2920.75, 5046.0], [2919.0, 4538.0], [2918.75, 15203.0], [2917.75, 400.0], [2917.25, 40000.0], [2916.5, 60880.0], [2913.25, 40000.0], [2908.0, 29517.0], [2906.0, 40000.0], [2903.75, 29826.0], [2897.25, 19586.0], [2892.5, 19584.0], [2871.5, 20099.0], [2856.25, 10009.0]], "asks": [[2927.5, 50.0], [2927.75, 11204.0], [2928.0, 3699.0], [2928.5, 625.0], [2928.75, 80.0], [2930.5, 3394.0], [2930.75, 12015.0], [2931.0, 299.0], [2931.25, 5492.0], [2931.5, 15049.0], [2934.75, 8947.0], [2935.0, 29973.0], [2935.5, 40400.0], [2936.25, 1000.0], [2938.25, 29160.0], [2941.0, 29241.0], [2941.25, 40000.0], [2948.25, 30749.0], [2948.5, 40000.0], [2953.75, 20500.0]]}}}
{"jsonrpc": "2.0", "method": "subscription", "params": {"channel": "book.ETH-6FEB26.none.20.100ms", "data": {"timestamp": 1769164260965, "change_id": 105849535167, "instrument_name": "ETH-6FEB26", "bids": [[2927.25, 705.0], [2927.0, 3699.0], [2925.75, 50.0], [2924.75, 2120.0], [2924.5, 7102.0], [2921.0, 1506.0], [2920.75, 5046.0], [2919.0, 4538.0], [2918.75, 15203.0], [2917.75, 400.0], [2917.25, 40000.0], [2916.5, 60880.0], [2913.25, 40000.0], [2908.0, 29517.0], [2906.0, 40000.0], [2903.75, 29826.0], [2897.25, 19586.0], [2892.5, 19584.0], [2871.5, 20099.0], [2856.25, 10009.0]], "asks": [[2927.5, 50.0], [2927.75, 14903.0], [2928.5, 625.0], [2928.75, 80.0], [2930.5, 3394.0], [2930.75, 12015.0], [2931.0, 299.0], [2931.25, 5492.0], [2931.5, 15049.0], [2934.75, 8947.0], [2935.0, 29973.0], [2935.5, 40400.0], [2936.25, 1000.0], [2938.25, 29160.0], [2941.0, 29241.0], [2941.25, 40000.0], [2948.25, 30749.0], [2948.5, 40000.0], [2953.75, 20500.0], [2956.75, 19404.0]]}}}
{"jsonrpc": "2.0", "method": "subscription", "params": {"channel": "book.ETH-6FEB26.none.20.100ms", "data": {"timestamp": 1769164261560, "change_id": 105849536691, "instrument_name": "ETH-6FEB26", "bids": [[2927.75, 4324.0], [2927.25, 80.0], [2925.75, 50.0], [2924.75, 2120.0], [2924.5, 7102.0], [2921.75, 5046.0], [2920.0, 400.0], [2918.75, 15203.0], [2917.25, 40000.0], [2916.5, 60880.0], [2913.25, 40000.0], [2908.0, 29517.0], [2906.0, 40000.0], [2903.75, 29826.0], [2897.25, 19586.0], [2892.5, 19584.0], [2871.5, 20099.0], [2856.25, 10009.0]], "asks": [[2928.25, 1104.0], [2928.5, 3699.0], [2929.0, 625.0], [2929.5, 80.0], [2930.5, 1508.0], [2930.75, 5052.0], [2933.5, 6351.0], [2933.75, 22189.0], [2934.75, 8947.0], [2935.0, 29973.0], [2935.25, 11940.0], [2935.5, 40000.0], [2937.25, 400.0], [2938.25, 29160.0], [2941.0, 29241.0], [2941.25, 40000.0], [2948.25, 30749.0], [2948.5, 40000.0], [2953.75, 20500.0], [2956.75, 19404.0]]}}}
{"jsonrpc": "2.0", "method": "subscription", "params": {"channel": "book.ETH-6FEB26.none.20.100ms", "data": {"timestamp": 1769164261857, "change_id": 105849537599, "instrument_name": "ETH-6FEB26", "bids": [[2928.0, 625.0], [2927.75, 1184.0], [2927.5, 3699.0], [2925.75, 50.0], [2924.75, 2120.0], [2924.5, 7102.0], [2920.0, 400.0], [2919.75, 40000.0], [2918.75, 15203.0], [2916.5, 60880.0], [2913.25, 40000.0], [2908.0, 29517.0], [2906.0, 40000.0], [2903.75, 29826.0], [2897.25, 19586.0], [2892.5, 19584.0], [2871.5, 20099.0], [2856.25, 10009.0]], "asks": [[2928.5, 13801.0], [2929.0, 625.0], [2929.5, 80.0], [2930.5, 1508.0], [2930.75, 5052.0], [2931.75, 299.0], [2932.0, 3138.0], [2932.25, 7163.0], [2933.5, 4220.0], [2933.75, 15049.0], [2934.75, 8947.0], [2935.0, 29973.0], [2937.0, 1000.0], [2937.25, 40400.0], [2938.25, 29160.0], [2941.0, 29241.0], [2941.25, 40000.0], [2948.25, 30749.0], [2948.5, 40000.0], [2953.75, 20500.0]]}}}
{"jsonrpc": "2.0", "method": "subscription", "params": {"channel": "book.ETH-6FEB26.none.20.100ms", "data": {"timestamp": 1769164262208, "change_id": 105849538026, "instrument_name": "ETH-6FEB26", "bids": [[2928.0, 1753.0], [2927.75, 3779.0], [2925.75, 50.0], [2924.75, 2120.0], [2924.5, 7102.0], [2920.5, 1506.0], [2920.25, 5046.0], [2920.0, 400.0], [2919.75, 40000.0], [2918.75, 15203.0], [2916.5, 60880.0], [2913.25, 40000.0], [2908.0, 29517.0], [2906.0, 40000.0], [2903.75, 29826.0], [2897.25, 19586.0], [2892.5, 19584.0], [2871.5, 20099.0], [2856.25, 10009.0]], "asks": [[2928.5, 3699.0], [2929.0, 625.0], [2929.5, 80.0], [2930.5, 1508.0], [2930.75, 5052.0], [2931.75, 299.0], [2932.0, 1000.0], [2932.25, 2084.0], [2932.5, 6980.0], [2933.5, 4220.0], [2933.75, 15049.0], [2934.75, 8947.0], [2935.0, 29973.0], [2937.0, 1000.0], [2937.25, 40400.0], [2938.25, 29160.0], [2941.0, 29241.0], [2941.25, 40000.0], [2948.25, 30749.0], [2948.5, 40000.0]]}}}
{"jsonrpc": "2.0", "method": "subscription", "params": {"channel": "book.ETH-6FEB26.none.20.100ms", "data": {"timestamp": 1769164262499, "change_id": 105849538637, "instrument_name": "ETH-6FEB26", "bids": [[2928.0, 1753.0], [2927.75, 3779.0], [2925.75, 50.0], [2924.75, 2120.0], [2924.5, 7102.0], [2920.5, 1506.0], [2920.25, 5046.0], [2920.0, 400.0], [2919.75, 40000.0], [2918.75, 15203.0], [2916.5, 60880.0], [2913.25, 40000.0], [2908.0, 29517.0], [2906.0, 40000.0], [2903.75, 29826.0], [2897.25, 19586.0], [2892.5, 19584.0], [2871.5, 20099.0], [2856.25, 10009.0]], "asks": [[2928.5, 6715.0], [2928.75, 10103.0], [2929.0, 625.0], [2929.5, 80.0], [2930.5, 1508.0], [2930.75, 7137.0], [2931.0, 6985.0], [2932.25, 299.0], [2932.5, 1000.0], [2933.5, 4220.0], [2933.75, 15049.0], [2934.75, 8947.0], [2935.0, 29973.0], [2937.25, 40400.0], [2937.5, 1000.0], [2938.25, 29160.0], [2941.0, 29241.0], [2941.25, 40000.0], [2948.25, 30749.0], [2948.5, 40000.0]]}}}
{"jsonrpc": "2.0", "method": "subscription", "params": {"channel": "book.ETH-6FEB26.none.20.100ms", "data": {"timestamp": 1769164262806, "change_id": 105849538908, "instrument_name": "ETH-6FEB26", "bids": [[2928.0, 625.0], [2927.75, 1184.0], [2927.5, 3699.0], [2925.75, 50.0], [2924.75, 2120.0], [2924.5, 7102.0], [2921.0, 1506.0], [2920.75, 5046.0], [2920.0, 400.0], [2919.75, 40000.0], [2918.75, 15203.0], [2916.5, 60880.0], [2913.25, 40000.0], [2908.0, 29517.0], [2906.0, 40000.0], [2903.75, 29826.0], [2897.25, 19586.0], [2892.5, 19584.0], [2871.5, 20099.0], [2856.25, 10009.0]], "asks": [[2928.25, 3699.0], [2929.0, 625.0], [2929.5, 80.0], [2930.5, 1508.0], [2930.75, 7137.0], [2931.0, 6985.0], [2932.25, 299.0], [2932.5, 1000.0], [2933.5, 4220.0], [2933.75, 15049.0], [2934.75, 8947.0], [2935.0, 29973.0], [2937.25, 40400.0], [2937.5, 1000.0], [2938.25, 29160.0], [2941.0, 29241.0], [2941.25, 40000.0], [2948.25, 30749.0], [2948.5, 40000.0], [2953.75, 20500.0]]}}}
{"jsonrpc": "2.0", "method": "subscription", "params": {"channel": "book.ETH-6FEB26.none.20.100ms", "data": {"timestamp": 1769164263122, "change_id": 105849539290, "instrument_name": "ETH-6FEB26", "bids": [[2928.0, 625.0], [2927.75, 1184.0], [2927.5, 3699.0], [2925.75, 50.0], [2924.75, 2120.0], [2924.5, 7102.0], [2921.0, 1506.0], [2920.75, 5046.0], [2920.0, 400.0], [2919.75, 40000.0], [2918.75, 15203.0], [2916.5, 60880.0], [2913.25, 40000.0], [2908.0, 29517.0], [2906.0, 40000.0], [2903.75, 29826.0], [2897.25, 19586.0], [2892.5, 19584.0], [2871.5, 20099.0], [2856.25, 10009.0]], "asks": [[2928.25, 3699.0], [2928.5, 10102.0], [2929.0, 625.0], [2929.5, 80.0], [2930.5, 1508.0], [2930.75, 7137.0], [2931.0, 6985.0], [2932.25, 299.0], [2932.5, 1000.0], [2933.5, 4220.0], [2933.75, 15049.0], [2934.75, 8947.0], [2935.0, 29973.0], [2937.25, 40400.0], [2937.5, 1000.0], [2938.25, 29160.0], [2941.0, 29241.0], [2941.25, 40000.0], [2948.25, 30749.0], [2948.5, 40000.0]]}}}
{"jsonrpc": "2.0", "method": "subscription", "params": {"channel": "book.ETH-6FEB26.none.20.100ms", "data": {"timestamp": 1769164263389, "change_id": 105849539744, "instrument_name": "ETH-6FEB26", "bids": [[2928.0, 625.0], [2927.75, 1184.0], [2927.5, 3699.0], [2925.75, 50.0], [2924.75, 2120.0], [2924.5, 7102.0], [2921.0, 1506.0], [2920.75, 5046.0], [2920.0, 400.0], [2919.75, 40000.0], [2918.75, 15203.0], [2916.5, 60880.0], [2913.25, 40000.0], [2908.0, 29517.0], [2906.0, 40000.0], [2903.75, 29826.0], [2897.25, 19586.0], [2892.5, 19584.0], [2871.5, 20099.0], [2856.25, 10009.0]], "asks": [[2928.25, 3699.0], [2929.0, 625.0], [2929.5, 80.0], [2930.5, 1508.0], [2930.75, 7137.0], [2931.0, 6985.0], [2932.25, 299.0], [2932.5, 1000.0], [2933.5, 4220.0], [2933.75, 15049.0], [2934.75, 8947.0], [2935.0, 29973.0], [2937.25, 40400.0], [2937.5, 1000.0], [2938.25, 29160.0], [2941.0, 29241.0], [2941.25, 40000.0], [2948.25, 30749.0], [2948.5, 40000.0], [2953.75, 20500.0]]}}}
{"jsonrpc": "2.0", "method": "subscription", "params": {"channel": "book.ETH-6FEB26.none.20.100ms", "data": {"timestamp": 1769164263877, "change_id": 105849540274, "instrument_name": "ETH-6FEB26", "bids": [[2928.0, 625.0], [2927.75, 1184.0], [2927.5, 3699.0], [2925.75, 50.0], [2924.75, 2120.0], [2924.5, 7102.0], [2921.5, 1506.0], [2921.25, 5046.0], [2920.0, 400.0], [2919.75, 40000.0], [2918.75, 15203.0], [2916.5, 60880.0], [2913.25, 40000.0], [2908.0, 29517.0], [2906.0, 40000.0], [2903.75, 29826.0], [2897.25, 19586.0], [2892.5, 19584.0], [2871.5, 20099.0], [2856.25, 10009.0]], "asks": [[2928.5, 3699.0], [2929.0, 625.0], [2929.5, 80.0], [2930.5, 1508.0], [2930.75, 5052.0], [2932.25, 2419.0], [2932.5, 8232.0], [2933.5, 4220.0], [2933.75, 15049.0], [2934.75, 8947.0], [2935.0, 29973.0], [2937.25, 40400.0], [2937.5, 1000.0], [2938.25, 29160.0], [2941.0, 29241.0], [2941.25, 40000.0], [2948.25, 30749.0], [2948.5, 40000.0], [2953.75, 20500.0], [2956.75, 19404.0]]}}}
{"jsonrpc": "2.0", "method": "subscription", "params": {"channel": "book.ETH-6FEB26.none.20.100ms", "data": {"timestamp": 1769164264180, "change_id": 105849540584, "instrument_name": "ETH-6FEB26", "bids": [[2928.25, 625.0], [2927.75, 1184.0], [2927.5, 3699.0], [2925.75, 50.0], [2924.75, 2120.0], [2924.5, 7102.0], [2921.5, 1506.0], [2921.25, 5046.0], [2920.0, 400.0], [2919.75, 40000.0], [2918.75, 15203.0], [2916.5, 60880.0], [2913.25, 40000.0], [2908.0, 29517.0], [2906.0, 40000.0], [2903.75, 29826.0], [2897.25, 19586.0], [2892.5, 19584.0], [2871.5, 20099.0], [2856.25, 10009.0]], "asks": [[2928.5, 13801.0], [2929.0, 625.0], [2929.5, 80.0], [2930.5, 1508.0], [2930.75, 7184.0], [2931.0, 7144.0], [2932.25, 299.0], [2932.5, 1000.0], [2933.5, 4220.0], [2933.75, 15049.0], [2934.75, 8947.0], [2935.0, 29973.0], [2937.25, 40400.0], [2937.5, 1000.0], [2938.25, 29160.0], [2941.0, 29241.0], [2941.25, 40000.0], [2948.25, 30749.0], [2948.5, 40000.0], [2953.75, 20500.0]]}}}
{"jsonrpc": "2.0", "method": "subscription", "params": {"channel": "book.ETH-6FEB26.none.20.100ms", "data": {"timestamp": 1769164264616, "change_id": 105849541144, "instrument_name": "ETH-6FEB26", "bids": [[2928.25, 625.0], [2928.0, 1128.0], [2927.75, 3779.0], [2925.75, 50.0], [2924.75, 2120.0], [2924.5, 7102.0], [2921.5, 1506.0], [2921.25, 5046.0], [2920.0, 400.0], [2919.75, 40000.0], [2918.75, 15203.0], [2916.5, 60880.0], [2913.25, 40000.0], [2908.0, 29517.0], [2906.0, 40000.0], [2903.75, 29826.0], [2897.25, 19586.0], [2892.5, 19584.0], [2871.5, 20099.0], [2856.25, 10009.0]], "asks": [[2928.5, 13801.0], [2929.0, 625.0], [2929.5, 80.0], [2930.5, 1508.0], [2930.75, 7184.0], [2931.0, 7144.0], [2932.25, 299.0], [2932.5, 1000.0], [2933.5, 4220.0], [2933.75, 15049.0], [2934.75, 8947.0], [2935.0, 29973.0], [2937.25, 40400.0], [2937.5, 1000.0], [2938.25, 29160.0], [2941.0, 29241.0], [2941.25, 40000.0], [2948.25, 30749.0], [2948.5, 40000.0], [2953.75, 20500.0]]}}}
{"jsonrpc": "2.0", "method": "subscription", "params": {"channel": "book.ETH-6FEB26.none.20.100ms", "data": {"timestamp": 1769164265128, "change_id": 105849541577, "instrument_name": "ETH-6FEB26", "bids": [[2928.25, 625.0], [2928.0, 1128.0], [2927.75, 3779.0], [2925.75, 50.0], [2924.75, 2120.0], [2924.5, 7102.0], [2921.5, 1506.0], [2921.25, 5046.0], [2920.0, 400.0], [2919.75, 40000.0], [2918.75, 15203.0], [2916.5, 60880.0], [2913.25, 40000.0], [2908.0, 29517.0], [2906.0, 40000.0], [2903.75, 29826.0], [2897.25, 19586.0], [2892.5, 19584.0], [2871.5, 20099.0], [2856.25, 10009.0]], "asks": [[2928.5, 3699.0], [2929.0, 625.0], [2929.5, 80.0], [2930.5, 1508.0], [2930.75, 5052.0], [2932.25, 2354.0], [2932.5, 8013.0], [2933.5, 4220.0], [2933.75, 15049.0], [2934.75, 8947.0], [2935.0, 29973.0], [2937.25, 40400.0], [2937.5, 1000.0], [2938.25, 29160.0], [2941.0, 29241.0], [2941.25, 40000.0], [2948.25, 30749.0], [2948.5, 40000.0], [2953.75, 20500.0], [2956.75, 19404.0]]}}}
{"jsonrpc": "2.0", "method": "subscription", "params": {"channel": "book.ETH-6FEB26.none.20.100ms", "data": {"timestamp": 1769164265478, "change_id": 105849542107, "instrument_name": "ETH-6FEB26", "bids": [[2928.25, 625.0], [2928.0, 1128.0], [2927.75, 3779.0], [2925.75, 50.0], [2924.75, 2120.0], [2924.5, 7102.0], [2921.5, 1506.0], [2921.25, 5046.0], [2920.0, 400.0], [2919.75, 40000.0], [2918.75, 15203.0], [2916.5, 60880.0], [2913.25, 40000.0], [2908.0, 29517.0], [2906.0, 40000.0], [2903.75, 29826.0], [2897.25, 19586.0], [2892.5, 19584.0], [2871.5, 20099.0], [2856.25, 10009.0]], "asks": [[2928.5, 13802.0], [2929.0, 625.0], [2929.5, 80.0], [2930.5, 1508.0], [2930.75, 5052.0], [2931.0, 7201.0], [2932.25, 299.0], [2932.5, 1000.0], [2933.5, 4220.0], [2933.75, 15049.0], [2934.75, 8947.0], [2935.0, 29973.0], [2937.25, 40400.0], [2937.5, 1000.0], [2938.25, 29160.0], [2941.0, 29241.0], [2941.25, 40000.0], [2948.25, 30749.0], [2948.5, 40000.0], [2953.75, 20500.0]]}}}
