{"jsonrpc": "2.0", "id": 1, "result": ["book.ETH-7NOV25.none.20.100ms"], "usIn": 1761647178015979, "usOut": 1761647178016174, "usDiff": 195, "testnet": false}
{"jsonrpc": "2.0", "method": "subscription", "params": {"channel": "book.ETH-7NOV25.none.20.100ms", "data": {"timestamp": 1761647177582, "change_id": 93757050519, "instrument_name": "ETH-7NOV25", "bids": [[4124.25, 252.0], [4124.0, 2186.0], [4123.75, 4413.0], [4123.5, 7688.0], [4123.25, 2983.0], [4123.0, 7853.0], [4121.25, 341.0], [4120.0, 4275.0], [4119.75, 14320.0], [4119.25, 344.0], [4118.75, 343.0], [4118.5, 1713.0], [4118.25, 5926.0], [4117.25, 356.0], [4116.75, 2243.0], [4116.5, 6323.0], [4116.25, 351.0], [4115.75, 18948.0], [4115.25, 7027.0], [4115.0, 17872.0]], "asks": [[4124.5, 8409.0], [4124.75, 3023.0], [4125.0, 2975.0], [4125.25, 2292.0], [4126.0, 356.0], [4127.75, 1834.0], [4128.0, 6502.0], [4128.25, 4105.0], [4128.5, 13753.0], [4129.0, 346.0], [4129.25, 150.0], [4131.25, 343.0], [4131.75, 448.0], [4132.0, 11570.0], [4132.25, 41172.0], [4134.5, 350.0], [4134.75, 200.0], [4135.0, 356.0], [4135.25, 36398.0], [4136.0, 357.0]]}}}
{"jsonrpc": "2.0", "method": "subscription", "params": {"channel": "book.ETH-7NOV25.none.20.100ms", "data": {"timestamp": 1761647178362, "change_id": 93757051087, "instrument_name": "ETH-7NOV25", "bids": [[4124.0, 2186.0], [4123.75, 4413.0], [4123.5, 8334.0], [4123.25, 5276.0], [4123.0, 7853.0], [4121.25, 341.0], [4120.0, 4275.0], [4119.75, 14320.0], [4119.25, 344.0], [4118.75, 343.0], [4118.5, 1713.0], [4118.25, 5926.0], [4117.25, 356.0], [4116.75, 2243.0], [4116.5, 6323.0], [4116.25, 351.0], [4115.75, 18948.0], [4115.25, 7027.0], [4115.0, 17872.0], [4114.75, 22584.0]], "asks": [[4124.5, 9093.0], [4124.75, 3023.0], [4125.0, 2975.0], [4125.25, 2292.0], [4126.0, 356.0], [4127.75, 1834.0], [4128.0, 6502.0], [4128.25, 4105.0], [4128.5, 13753.0], [4129.0, 346.0], [4129.25, 150.0], [4131.25, 343.0], [4131.75, 448.0], [4132.0, 11570.0], [4132.25, 41172.0], [4134.5, 350.0], [4134.75, 200.0], [4135.0, 356.0], [4135.25, 36398.0], [4136.0, 357.0]]}}}
{"jsonrpc": "2.0", "method": "subscription", "params": {"channel": "book.ETH-7NOV25.none.20.100ms", "data": {"timestamp": 1761647178996, "change_id": 93757052031, "instrument_name": "ETH-7NOV25", "bids": [[4124.0, 2186.0], [4123.75, 4413.0], [4123.5, 8334.0], [4123.25, 5276.0], [4123.0, 7853.0], [4121.25, 341.0], [4120.0, 4275.0], [4119.75, 14320.0], [4119.25, 344.0], [4118.75, 343.0], [4118.5, 1713.0], [4118.25, 5926.0], [4117.25, 356.0], [4116.75, 356.0], [4116.25, 351.0], [4116.0, 11979.0], [4115.75, 18948.0], [4115.25, 7027.0], [4115.0, 17872.0], [4114.75, 22584.0]], "asks": [[4124.5, 9093.0], [4124.75, 3023.0], [4125.0, 2975.0], [4125.25, 2292.0], [4126.0, 356.0], [4127.75, 1834.0], [4128.0, 6502.0], [4128.25, 4105.0], [4128.5, 13753.0], [4129.0, 346.0], [4129.25, 150.0], [4131.25, 343.0], [4131.75, 448.0], [4132.0, 11570.0], [4132.25, 41172.0], [4134.5, 350.0], [4134.75, 200.0], [4135.0, 356.0], [4135.25, 36398.0], [4136.0, 357.0]]}}}
{"jsonrpc": "2.0", "method": "subscription", "params": {"channel": "book.ETH-7NOV25.none.20.100ms", "data": {"timestamp": 1761647180504, "change_id": 93757053980, "instrument_name": "ETH-7NOV25", "bids": [[4124.25, 666.0], [4124.0, 9228.0], [4123.75, 2960.0], [4123.5, 2939.0], [4123.25, 2983.0], [4123.0, 7853.0], [4121.25, 341.0], [4120.0, 4275.0], [4119.75, 14320.0], [4119.25, 344.0], [4118.75, 343.0], [4118.5, 1713.0], [4118.25, 5926.0], [4116.75, 356.0], [4116.25, 2238.0], [4116.0, 11979.0], [4115.75, 18948.0], [4115.25, 7027.0], [4115.0, 17872.0], [4114.75, 22584.0]], "asks": [[4124.5, 1000.0], [4125.0, 684.0], [4125.25, 7947.0], [4125.5, 2500.0], [4126.0, 356.0], [4127.75, 1834.0], [4128.0, 6502.0], [4129.0, 346.0], [4129.25, 150.0], [4129.75, 4143.0], [4130.0, 13879.0], [4131.25, 343.0], [4131.75, 448.0], [4132.0, 11570.0], [4132.25, 41172.0], [4134.5, 350.0], [4134.75, 200.0], [4135.0, 356.0], [4135.25, 36398.0], [4136.0, 357.0]]}}}
{"jsonrpc": "2.0", "method": "subscription", "params": {"channel": "book.ETH-7NOV25.none.20.100ms", "data": {"timestamp": 1761647180789, "change_id": 93757054666, "instrument_name": "ETH-7NOV25", "bids": [[4124.25, 666.0], [4124.0, 9887.0], [4123.75, 5460.0], [4123.5, 3099.0], [4123.25, 2418.0], [4123.0, 5193.0], [4121.25, 341.0], [4120.0, 4275.0], [4119.75, 14320.0], [4119.25, 344.0], [4118.75, 343.0], [4118.5, 1713.0], [4118.25, 5926.0], [4116.75, 356.0], [4116.25, 2238.0], [4116.0, 11979.0], [4115.75, 18948.0], [4115.25, 7027.0], [4115.0, 17872.0], [4114.75, 22584.0]], "asks": [[4124.5, 1000.0], [4124.75, 2293.0], [4125.0, 2977.0], [4125.25, 9701.0], [4126.0, 356.0], [4127.75, 1834.0], [4128.0, 6502.0], [4129.0, 346.0], [4129.25, 150.0], [4129.75, 4143.0], [4130.0, 13879.0], [4131.25, 343.0], [4131.75, 448.0], [4132.0, 11570.0], [4132.25, 41172.0], [4134.5, 350.0], [4134.75, 200.0], [4135.0, 356.0], [4135.25, 36398.0], [4136.0, 357.0]]}}}
{"jsonrpc": "2.0", "method": "subscription", "params": {"channel": "book.ETH-7NOV25.none.20.100ms", "data": {"timestamp": 1761647180991, "change_id": 93757054815, "instrument_name": "ETH-7NOV25", "bids": [[4124.25, 666.0], [4124.0, 9887.0], [4123.75, 5460.0], [4123.5, 3099.0], [4123.25, 1000.0], [4121.25, 341.0], [4120.0, 4275.0], [4119.75, 14320.0], [4119.25, 344.0], [4118.75, 343.0], [4118.5, 1713.0], [4118.25, 5926.0], [4116.75, 356.0], [4116.25, 2238.0], [4116.0, 11979.0], [4115.75, 18948.0], [4115.25, 7027.0], [4115.0, 17872.0], [4114.75, 22584.0], [4114.5, 37593.0]], "asks": [[4124.5, 1000.0], [4124.75, 2293.0], [4125.0, 2977.0], [4125.25, 9701.0], [4126.0, 356.0], [4127.75, 1834.0], [4128.0, 6502.0], [4129.0, 346.0], [4129.25, 150.0], [4129.75, 4143.0], [4130.0, 13879.0], [4131.25, 343.0], [4131.75, 448.0], [4132.0, 11570.0], [4132.25, 41172.0], [4134.5, 350.0], [4134.75, 200.0], [4135.0, 356.0], [4135.25, 36398.0], [4136.0, 357.0]]}}}
{"jsonrpc": "2.0", "method": "subscription", "params": {"channel": "book.ETH-7NOV25.none.20.100ms", "data": {"timestamp": 1761647181199, "change_id": 93757054845, "instrument_name": "ETH-7NOV25", "bids": [[4124.25, 666.0], [4124.0, 9887.0], [4123.75, 15452.0], [4123.5, 36294.0], [4123.25, 1000.0], [4121.25, 341.0], [4120.0, 4275.0], [4119.75, 14320.0], [4119.25, 344.0], [4118.75, 343.0], [4118.5, 1713.0], [4118.25, 5926.0], [4116.75, 356.0], [4116.25, 2238.0], [4116.0, 11979.0], [4115.75, 18948.0], [4115.25, 7027.0], [4115.0, 17872.0], [4114.75, 22584.0], [4114.5, 37593.0]], "asks": [[4124.5, 1000.0], [4124.75, 2293.0], [4125.0, 2977.0], [4125.25, 9701.0], [4126.0, 356.0], [4127.75, 1834.0], [4128.0, 6502.0], [4129.0, 346.0], [4129.25, 150.0], [4129.75, 4143.0], [4130.0, 13879.0], [4131.25, 343.0], [4131.75, 448.0], [4132.0, 11570.0], [4132.25, 41172.0], [4134.5, 350.0], [4134.75, 200.0], [4135.0, 356.0], [4135.25, 36398.0], [4136.0, 357.0]]}}}
{"jsonrpc": "2.0", "method": "subscription", "params": {"channel": "book.ETH-7NOV25.none.20.100ms", "data": {"timestamp": 1761647182120, "change_id": 93757055942, "instrument_name": "ETH-7NOV25", "bids": [[4124.25, 666.0], [4124.0, 9887.0], [4123.75, 15452.0], [4123.5, 36294.0], [4123.25, 1000.0], [4121.25, 341.0], [4120.0, 4275.0], [4119.75, 14320.0], [4119.25, 344.0], [4118.75, 343.0], [4118.5, 1713.0], [4118.25, 5926.0], [4116.75, 356.0], [4116.25, 2238.0], [4116.0, 11979.0], [4115.75, 18948.0], [4115.25, 7027.0], [4115.0, 17872.0], [4114.75, 22584.0], [4114.5, 37593.0]], "asks": [[4124.5, 1000.0], [4124.75, 2293.0], [4125.0, 5477.0], [4125.25, 7201.0], [4126.0, 356.0], [4127.75, 1834.0], [4128.0, 6502.0], [4129.0, 346.0], [4129.25, 150.0], [4129.75, 4143.0], [4130.0, 13879.0], [4131.25, 343.0], [4131.75, 448.0], [4132.0, 11570.0], [4132.25, 41172.0], [4134.5, 350.0], [4134.75, 200.0], [4135.0, 356.0], [4135.25, 36398.0], [4136.0, 357.0]]}}}
{"jsonrpc": "2.0", "method": "subscription", "params": {"channel": "book.ETH-7NOV25.none.20.100ms", "data": {"timestamp": 1761647184420, "change_id": 93757058473, "instrument_name": "ETH-7NOV25", "bids": [[4124.25, 666.0], [4124.0, 9228.0], [4123.75, 12952.0], [4123.5, 38794.0], [4123.25, 1000.0], [4121.25, 341.0], [4120.0, 4275.0], [4119.75, 14320.0], [4119.25, 344.0], [4118.75, 343.0], [4118.5, 1713.0], [4118.25, 5926.0], [4116.75, 356.0], [4116.25, 2238.0], [4116.0, 11979.0], [4115.75, 18948.0], [4115.25, 7027.0], [4115.0, 17872.0], [4114.75, 22584.0], [4114.5, 37593.0]], "asks": [[4124.5, 1000.0], [4124.75, 2293.0], [4125.0, 6855.0], [4125.25, 7201.0], [4126.0, 356.0], [4127.75, 1834.0], [4128.0, 6502.0], [4129.0, 346.0], [4129.25, 150.0], [4129.75, 4143.0], [4130.0, 13879.0], [4131.25, 343.0], [4131.75, 448.0], [4132.0, 11570.0], [4132.25, 41172.0], [4134.5, 350.0], [4134.75, 200.0], [4135.0, 356.0], [4135.25, 36398.0], [4136.0, 357.0]]}}}
{"jsonrpc": "2.0", "method": "subscription", "params": {"channel": "book.ETH-7NOV25.none.20.100ms", "data": {"timestamp": 1761647185773, "change_id": 93757060036, "instrument_name": "ETH-7NOV25", "bids": [[4124.25, 666.0], [4124.0, 9887.0], [4123.75, 15452.0], [4123.5, 36294.0], [4123.25, 1000.0], [4121.25, 341.0], [4120.0, 4275.0], [4119.75, 14320.0], [4119.25, 344.0], [4118.75, 343.0], [4118.5, 1713.0], [4118.25, 5926.0], [4116.75, 356.0], [4116.25, 351.0], [4115.75, 398.0], [4115.25, 7027.0], [4115.0, 17872.0], [4114.75, 22584.0], [4114.5, 6323.0], [4113.75, 348.0]], "asks": [[4124.5, 1000.0], [4124.75, 2293.0], [4125.0, 6855.0], [4125.25, 7201.0], [4126.0, 356.0], [4127.75, 1834.0], [4128.0, 6502.0], [4129.0, 346.0], [4129.25, 150.0], [4129.75, 4143.0], [4130.0, 13879.0], [4131.25, 343.0], [4131.75, 448.0], [4132.0, 11570.0], [4132.25, 41172.0], [4134.5, 350.0], [4134.75, 200.0], [4135.0, 356.0], [4135.25, 36398.0], [4136.0, 357.0]]}}}
{"jsonrpc": "2.0", "method": "subscription", "params": {"channel": "book.ETH-7NOV25.none.20.100ms", "data": {"timestamp": 1761647186459, "change_id": 93757060786, "instrument_name": "ETH-7NOV25", "bids": [[4124.25, 666.0], [4124.0, 9887.0], [4123.75, 15452.0], [4123.5, 36294.0], [4123.25, 1000.0], [4121.25, 341.0], [4120.0, 4275.0], [4119.75, 14320.0], [4119.25, 344.0], [4118.75, 343.0], [4118.5, 1713.0], [4118.25, 5926.0], [4116.25, 351.0], [4115.75, 398.0], [4115.25, 7027.0], [4115.0, 17872.0], [4114.75, 22584.0], [4114.5, 6323.0], [4113.75, 348.0], [4112.0, 18550.0]], "asks": [[4124.5, 1000.0], [4124.75, 2293.0], [4125.0, 6855.0], [4125.25, 7201.0], [4126.0, 356.0], [4127.75, 1834.0], [4128.0, 6502.0], [4129.0, 346.0], [4129.25, 150.0], [4129.75, 4143.0], [4130.0, 13879.0], [4131.25, 343.0], [4131.75, 448.0], [4132.0, 11570.0], [4132.25, 41172.0], [4134.5, 350.0], [4134.75, 200.0], [4135.0, 356.0], [4135.25, 36398.0], [4136.0, 357.0]]}}}
{"jsonrpc": "2.0", "method": "subscription", "params": {"channel": "book.ETH-7NOV25.none.20.100ms", "data": {"timestamp": 1761647186545, "change_id": 93757061041, "instrument_name": "ETH-7NOV25", "bids": [[4124.25, 666.0], [4124.0, 10887.0], [4123.75, 15452.0], [4123.5, 36294.0], [4121.25, 341.0], [4120.0, 4275.0], [4119.75, 14320.0], [4119.25, 344.0], [4118.75, 343.0], [4118.5, 1713.0], [4118.25, 5926.0], [4116.25, 351.0], [4115.75, 398.0], [4115.25, 7027.0], [4115.0, 17872.0], [4114.75, 28907.0], [4113.75, 348.0], [4112.0, 18550.0], [4111.75, 757.0], [4111.25, 40357.0]], "asks": [[4124.5, 1000.0], [4125.0, 2500.0], [4125.25, 7041.0], [4126.0, 516.0], [4128.0, 357.0], [4129.0, 346.0], [4129.25, 150.0], [4130.0, 357.0], [4130.75, 1834.0], [4131.0, 6145.0], [4131.25, 343.0], [4131.75, 448.0], [4132.0, 19720.0], [4132.25, 22659.0], [4134.5, 350.0], [4134.75, 200.0], [4135.0, 356.0], [4135.25, 54911.0], [4136.0, 357.0], [4136.25, 400.0]]}}}
{"jsonrpc": "2.0", "method": "subscription", "params": {"channel": "book.ETH-7NOV25.none.20.100ms", "data": {"timestamp": 1761647186876, "change_id": 93757061728, "instrument_name": "ETH-7NOV25", "bids": [[4124.25, 666.0], [4124.0, 10887.0], [4123.75, 15452.0], [4123.5, 36294.0], [4121.25, 341.0], [4120.0, 4275.0], [4119.75, 14320.0], [4119.25, 344.0], [4118.75, 343.0], [4118.5, 1713.0], [4118.25, 5926.0], [4116.25, 351.0], [4115.75, 398.0], [4115.25, 7027.0], [4115.0, 17872.0], [4114.75, 28907.0], [4113.75, 348.0], [4112.0, 18550.0], [4111.75, 757.0], [4111.25, 40357.0]], "asks": [[4124.5, 1000.0], [4125.0, 4796.0], [4125.25, 7041.0], [4126.0, 516.0], [4128.0, 357.0], [4128.75, 4415.0], [4129.0, 14791.0], [4129.25, 150.0], [4130.0, 357.0], [4130.75, 1834.0], [4131.0, 6145.0], [4131.25, 343.0], [4131.75, 448.0], [4132.0, 5628.0], [4132.25, 22659.0], [4134.5, 350.0], [4134.75, 200.0], [4135.0, 356.0], [4135.25, 54911.0], [4136.0, 357.0]]}}}
{"jsonrpc": "2.0", "method": "subscription", "params": {"channel": "book.ETH-7NOV25.none.20.100ms", "data": {"timestamp": 1761647187714, "change_id": 93757062902, "instrument_name": "ETH-7NOV25", "bids": [[4124.25, 666.0], [4124.0, 10231.0], [4123.75, 12952.0], [4123.5, 36703.0], [4123.25, 2500.0], [4121.25, 341.0], [4119.25, 344.0], [4118.75, 343.0], [4118.5, 1713.0], [4118.25, 5926.0], [4117.75, 4511.0], [4117.5, 13963.0], [4116.25, 351.0], [4115.75, 398.0], [4115.25, 7027.0], [4115.0, 26501.0], [4114.75, 28907.0], [4113.75, 348.0], [4112.0, 18550.0], [4111.75, 757.0]], "asks": [[4124.5, 1000.0], [4124.75, 2296.0], [4125.0, 6898.0], [4125.25, 7041.0], [4125.5, 160.0], [4126.0, 356.0], [4128.0, 357.0], [4128.75, 4415.0], [4129.0, 14791.0], [4129.25, 150.0], [4130.0, 357.0], [4130.75, 1834.0], [4131.0, 6145.0], [4131.25, 343.0], [4131.75, 448.0], [4132.0, 5628.0], [4132.25, 22659.0], [4134.5, 350.0], [4134.75, 200.0], [4135.0, 356.0]]}}}
{"jsonrpc": "2.0", "method": "subscription", "params": {"channel": "book.ETH-7NOV25.none.20.100ms", "data": {"timestamp": 1761647187846, "change_id": 93757063202, "instrument_name": "ETH-7NOV25", "bids": [[4124.25, 666.0], [4124.0, 10231.0], [4123.75, 12952.0], [4123.5, 36703.0], [4123.25, 2500.0], [4121.25, 341.0], [4120.0, 4274.0], [4119.75, 14319.0], [4119.25, 344.0], [4118.75, 343.0], [4118.5, 1713.0], [4118.25, 5926.0], [4117.75, 343.0], [4116.25, 351.0], [4115.75, 398.0], [4115.25, 7027.0], [4115.0, 26501.0], [4114.75, 28907.0], [4113.75, 348.0], [4112.0, 18550.0]], "asks": [[4124.5, 1000.0], [4124.75, 4796.0], [4125.0, 4398.0], [4125.25, 7041.0], [4125.5, 160.0], [4126.0, 356.0], [4128.0, 357.0], [4128.75, 4415.0], [4129.0, 14791.0], [4129.25, 150.0], [4130.0, 357.0], [4130.75, 1834.0], [4131.0, 6145.0], [4131.25, 343.0], [4131.75, 448.0], [4132.0, 5628.0], [4132.25, 22659.0], [4134.5, 350.0], [4134.75, 200.0], [4135.0, 356.0]]}}}
{"jsonrpc": "2.0", "method": "subscription", "params": {"channel": "book.ETH-7NOV25.none.20.100ms", "data": {"timestamp": 1761647188261, "change_id": 93757063262, "instrument_name": "ETH-7NOV25", "bids": [[4124.25, 666.0], [4124.0, 10231.0], [4123.75, 12952.0], [4123.5, 38794.0], [4121.25, 341.0], [4120.0, 4274.0], [4119.75, 14319.0], [4119.25, 344.0], [4118.75, 343.0], [4118.5, 1713.0], [4118.25, 5926.0], [4117.75, 343.0], [4116.25, 351.0], [4115.75, 398.0], [4115.25, 7027.0], [4115.0, 26501.0], [4114.75, 28907.0], [4113.75, 348.0], [4112.0, 18550.0], [4111.75, 757.0]], "asks": [[4124.5, 1000.0], [4124.75, 4796.0], [4125.0, 4398.0], [4125.25, 7041.0], [4125.5, 160.0], [4126.0, 356.0], [4128.0, 357.0], [4128.75, 4415.0], [4129.0, 14791.0], [4129.25, 150.0], [4130.0, 357.0], [4130.75, 1834.0], [4131.0, 6145.0], [4131.25, 343.0], [4131.75, 448.0], [4132.0, 5628.0], [4132.25, 22659.0], [4134.5, 350.0], [4134.75, 200.0], [4135.0, 356.0]]}}}
{"jsonrpc": "2.0", "method": "subscription", "params": {"channel": "book.ETH-7NOV25.none.20.100ms", "data": {"timestamp": 1761647189083, "change_id": 93757064306, "instrument_name": "ETH-7NOV25", "bids": [[4124.25, 666.0], [4124.0, 10231.0], [4123.75, 12952.0], [4123.5, 38794.0], [4121.25, 341.0], [4120.0, 4274.0], [4119.75, 14319.0], [4119.25, 344.0], [4118.75, 343.0], [4118.5, 1713.0], [4118.25, 5926.0], [4117.75, 343.0], [4116.25, 351.0], [4115.75, 398.0], [4115.25, 7027.0], [4115.0, 26501.0], [4114.75, 28907.0], [4113.75, 348.0], [4112.0, 18550.0], [4111.75, 757.0]], "asks": [[4124.5, 1000.0], [4124.75, 2500.0], [4125.0, 4398.0], [4125.25, 7041.0], [4125.5, 160.0], [4126.0, 356.0], [4128.0, 357.0], [4128.75, 4415.0], [4129.0, 14791.0], [4129.25, 150.0], [4130.0, 357.0], [4130.75, 1834.0], [4131.0, 6145.0], [4131.25, 343.0], [4131.75, 448.0], [4132.0, 5628.0], [4132.25, 22659.0], [4134.5, 350.0], [4134.75, 200.0], [4135.0, 356.0]]}}}
{"jsonrpc": "2.0", "method": "subscription", "params": {"channel": "book.ETH-7NOV25.none.20.100ms", "data": {"timestamp": 1761647189417, "change_id": 93757064623, "instrument_name": "ETH-7NOV25", "bids": [[4124.25, 666.0], [4124.0, 10890.0], [4123.75, 15452.0], [4123.5, 36294.0], [4121.25, 341.0], [4120.0, 4274.0], [4119.75, 14319.0], [4119.25, 344.0], [4118.75, 343.0], [4118.5, 1713.0], [4118.25, 5926.0], [4116.25, 351.0], [4115.75, 398.0], [4115.25, 7027.0], [4115.0, 26501.0], [4114.75, 28907.0], [4113.75, 348.0], [4112.0, 18550.0], [4111.75, 757.0], [4111.25, 40357.0]], "asks": [[4124.5, 1000.0], [4124.75, 2500.0], [4125.0, 2296.0], [4125.25, 7041.0], [4125.5, 160.0], [4128.0, 357.0], [4128.75, 4415.0], [4129.0, 14791.0], [4129.25, 150.0], [4130.0, 357.0], [4130.75, 1834.0], [4131.0, 6145.0], [4131.25, 343.0], [4131.75, 448.0], [4132.0, 5628.0], [4132.25, 22659.0], [4134.5, 350.0], [4134.75, 200.0], [4135.0, 356.0], [4135.25, 54911.0]]}}}
{"jsonrpc": "2.0", "method": "subscription", "params": {"channel": "book.ETH-7NOV25.none.20.100ms", "data": {"timestamp": 1761647190053, "change_id": 93757065390, "instrument_name": "ETH-7NOV25", "bids": [[4124.25, 666.0], [4124.0, 10890.0], [4123.75, 15452.0], [4123.5, 36294.0], [4121.25, 341.0], [4120.0, 4274.0], [4119.75, 14319.0], [4119.25, 344.0], [4118.75, 343.0], [4118.5, 1713.0], [4118.25, 5926.0], [4116.25, 351.0], [4115.75, 398.0], [4115.25, 7027.0], [4115.0, 26501.0], [4114.75, 28907.0], [4113.75, 348.0], [4112.0, 18550.0], [4111.75, 757.0], [4111.25, 40357.0]], "asks": [[4124.5, 1000.0], [4125.0, 2296.0], [4125.25, 9541.0], [4125.5, 160.0], [4128.0, 357.0], [4128.75, 4415.0], [4129.0, 14791.0], [4129.25, 150.0], [4130.0, 357.0], [4130.75, 1834.0], [4131.0, 6145.0], [4131.25, 343.0], [4131.75, 448.0], [4132.0, 5628.0], [4132.25, 22659.0], [4134.5, 350.0], [4134.75, 200.0], [4135.0, 356.0], [4135.25, 54911.0], [4136.0, 357.0]]}}}
{"jsonrpc": "2.0", "method": "subscription", "params": {"channel": "book.ETH-7NOV25.none.20.100ms", "data": {"timestamp": 1761647190321, "change_id": 93757065457, "instrument_name": "ETH-7NOV25", "bids": [[4124.25, 1966.0], [4124.0, 12190.0], [4123.75, 15452.0], [4123.5, 36294.0], [4121.25, 341.0], [4120.0, 4274.0], [4119.75, 14319.0], [4119.25, 344.0], [4118.75, 343.0], [4118.5, 1713.0], [4118.25, 5926.0], [4116.25, 351.0], [4115.75, 398.0], [4115.25, 7027.0], [4115.0, 26501.0], [4114.75, 28907.0], [4113.75, 348.0], [4112.0, 18550.0], [4111.75, 757.0], [4111.25, 40357.0]], "asks": [[4124.5, 1000.0], [4125.0, 4796.0], [4125.25, 7041.0], [4125.5, 160.0], [4128.0, 357.0], [4128.75, 4415.0], [4129.0, 14791.0], [4129.25, 150.0], [4130.0, 357.0], [4130.75, 1834.0], [4131.0, 6145.0], [4131.25, 343.0], [4131.75, 448.0], [4132.0, 5628.0], [4132.25, 22659.0], [4134.5, 350.0], [4134.75, 200.0], [4135.0, 356.0], [4135.25, 54911.0], [4136.0, 357.0]]}}}
{"jsonrpc": "2.0", "method": "subscription", "params": {"channel": "book.ETH-7NOV25.none.20.100ms", "data": {"timestamp": 1761647191034, "change_id": 93757066623, "instrument_name": "ETH-7NOV25", "bids": [[4124.25, 1966.0], [4124.0, 12350.0], [4123.75, 15452.0], [4123.5, 36134.0], [4121.25, 341.0], [4120.0, 4274.0], [4119.75, 14319.0], [4119.25, 344.0], [4118.75, 343.0], [4118.5, 1713.0], [4118.25, 5926.0], [4116.25, 351.0], [4115.75, 398.0], [4115.25, 7027.0], [4115.0, 26501.0], [4114.75, 28907.0], [4113.75, 348.0], [4112.0, 18550.0], [4111.75, 757.0], [4111.25, 40357.0]], "asks": [[4124.5, 1000.0], [4125.25, 7045.0], [4125.5, 2660.0], [4128.0, 357.0], [4128.75, 4415.0], [4129.0, 14791.0], [4129.25, 150.0], [4130.0, 357.0], [4130.75, 1834.0], [4131.0, 6145.0], [4131.25, 343.0], [4131.75, 448.0], [4132.0, 5628.0], [4132.25, 22659.0], [4134.5, 350.0], [4134.75, 200.0], [4135.0, 356.0], [4135.25, 54911.0], [4136.0, 357.0], [4136.25, 400.0]]}}}
{"jsonrpc": "2.0", "method": "subscription", "params": {"channel": "book.ETH-7NOV25.none.20.100ms", "data": {"timestamp": 1761647191339, "change_id": 93757066710, "instrument_name": "ETH-7NOV25", "bids": [[4124.25, 1966.0], [4124.0, 14191.0], [4123.75, 12952.0], [4123.5, 36134.0], [4121.25, 341.0], [4120.0, 4274.0], [4119.75, 14319.0], [4119.25, 344.0], [4118.75, 343.0], [4118.5, 1713.0], [4118.25, 5926.0], [4116.25, 351.0], [4115.75, 398.0], [4115.25, 7027.0], [4115.0, 26501.0], [4114.75, 28907.0], [4113.75, 348.0], [4112.0, 18550.0], [4111.75, 757.0], [4111.25, 40357.0]], "asks": [[4124.5, 1000.0], [4125.0, 2296.0], [4125.25, 9545.0], [4125.5, 160.0], [4128.0, 357.0], [4128.75, 4415.0], [4129.0, 14791.0], [4129.25, 150.0], [4130.0, 357.0], [4130.75, 1834.0], [4131.0, 6145.0], [4131.25, 343.0], [4131.75, 448.0], [4132.0, 5628.0], [4132.25, 22659.0], [4134.5, 350.0], [4134.75, 200.0], [4135.0, 356.0], [4135.25, 54911.0], [4136.0, 357.0]]}}}
{"jsonrpc": "2.0", "method": "subscription", "params": {"channel": "book.ETH-7NOV25.none.20.100ms", "data": {"timestamp": 1761647191744, "change_id": 93757067420, "instrument_name": "ETH-7NOV25", "bids": [[4124.25, 1966.0], [4124.0, 10391.0], [4123.75, 12952.0], [4123.5, 36134.0], [4121.25, 341.0], [4120.0, 4274.0], [4119.75, 14319.0], [4119.25, 344.0], [4118.75, 343.0], [4118.5, 1713.0], [4118.25, 5926.0], [4116.25, 351.0], [4115.75, 398.0], [4115.25, 7027.0], [4115.0, 26501.0], [4114.75, 28907.0], [4113.75, 348.0], [4112.0, 18550.0], [4111.75, 757.0], [4111.25, 40357.0]], "asks": [[4124.5, 1000.0], [4125.0, 2296.0], [4125.25, 9545.0], [4125.5, 160.0], [4128.0, 357.0], [4128.75, 4415.0], [4129.0, 14791.0], [4129.25, 150.0], [4130.0, 357.0], [4130.75, 1834.0], [4131.0, 6145.0], [4131.25, 343.0], [4131.75, 448.0], [4132.0, 5628.0], [4132.25, 22659.0], [4134.5, 350.0], [4134.75, 200.0], [4135.0, 356.0], [4135.25, 54911.0], [4136.0, 357.0]]}}}
{"jsonrpc": "2.0", "method": "subscription", "params": {"channel": "book.ETH-7NOV25.none.20.100ms", "data": {"timestamp": 1761647191967, "change_id": 93757067792, "instrument_name": "ETH-7NOV25", "bids": [[4124.25, 1966.0], [4124.0, 11050.0], [4123.75, 15452.0], [4123.5, 36134.0], [4121.25, 341.0], [4120.0, 4274.0], [4119.75, 14319.0], [4119.25, 344.0], [4118.75, 343.0], [4118.5, 1713.0], [4118.25, 5926.0], [4116.25, 351.0], [4115.75, 2285.0], [4115.5, 6323.0], [4115.25, 7027.0], [4115.0, 26501.0], [4114.75, 22584.0], [4113.75, 348.0], [4112.0, 18550.0], [4111.75, 757.0]], "asks": [[4124.5, 1000.0], [4125.0, 2296.0], [4125.25, 9545.0], [4125.5, 160.0], [4128.0, 357.0], [4128.75, 4415.0], [4129.0, 14791.0], [4129.25, 150.0], [4130.0, 357.0], [4130.75, 1834.0], [4131.0, 6145.0], [4131.25, 343.0], [4131.75, 448.0], [4132.0, 5628.0], [4132.25, 22659.0], [4134.5, 350.0], [4134.75, 200.0], [4135.0, 356.0], [4135.25, 54911.0], [4136.0, 357.0]]}}}
{"jsonrpc": "2.0", "method": "subscription", "params": {"channel": "book.ETH-7NOV25.none.20.100ms", "data": {"timestamp": 1761647192397, "change_id": 93757067887, "instrument_name": "ETH-7NOV25", "bids": [[4124.25, 1966.0], [4124.0, 11050.0], [4123.75, 15452.0], [4123.5, 36134.0], [4121.25, 341.0], [4120.0, 4274.0], [4119.75, 14319.0], [4119.25, 344.0], [4118.75, 343.0], [4118.5, 1713.0], [4118.25, 5926.0], [4116.25, 351.0], [4115.75, 2285.0], [4115.5, 6323.0], [4115.25, 7027.0], [4115.0, 26501.0], [4114.75, 22584.0], [4113.75, 348.0], [4112.0, 18550.0], [4111.75, 757.0]], "asks": [[4124.5, 1000.0], [4125.0, 4796.0], [4125.25, 7045.0], [4125.5, 160.0], [4128.0, 357.0], [4128.75, 4415.0], [4129.0, 14791.0], [4129.25, 150.0], [4130.0, 357.0], [4130.75, 1834.0], [4131.0, 6145.0], [4131.25, 343.0], [4131.75, 448.0], [4132.0, 5628.0], [4132.25, 22659.0], [4134.5, 350.0], [4134.75, 200.0], [4135.0, 356.0], [4135.25, 54911.0], [4136.0, 357.0]]}}}
{"jsonrpc": "2.0", "method": "subscription", "params": {"channel": "book.ETH-7NOV25.none.20.100ms", "data": {"timestamp": 1761647193544, "change_id": 93757069349, "instrument_name": "ETH-7NOV25", "bids": [[4124.25, 1966.0], [4124.0, 12891.0], [4123.75, 12952.0], [4123.5, 36134.0], [4121.25, 341.0], [4120.0, 4274.0], [4119.75, 14319.0], [4119.25, 344.0], [4118.75, 343.0], [4118.5, 1713.0], [4118.25, 5926.0], [4116.25, 351.0], [4115.75, 2285.0], [4115.5, 6323.0], [4115.25, 7027.0], [4115.0, 26501.0], [4114.75, 22584.0], [4113.75, 348.0], [4112.0, 18550.0], [4111.75, 757.0]], "asks": [[4124.5, 1000.0], [4125.0, 4796.0], [4125.25, 7045.0], [4125.5, 160.0], [4128.0, 357.0], [4128.75, 4415.0], [4129.0, 14791.0], [4129.25, 150.0], [4130.0, 357.0], [4130.75, 1834.0], [4131.0, 6145.0], [4131.25, 343.0], [4131.75, 448.0], [4132.0, 5628.0], [4132.25, 22659.0], [4134.5, 350.0], [4134.75, 200.0], [4135.0, 356.0], [4135.25, 54911.0], [4136.0, 357.0]]}}}
{"jsonrpc": "2.0", "method": "subscription", "params": {"channel": "book.ETH-7NOV25.none.20.100ms", "data": {"timestamp": 1761647193793, "change_id": 93757069651, "instrument_name": "ETH-7NOV25", "bids": [[4124.25, 1966.0], [4124.0, 12891.0], [4123.75, 12952.0], [4123.5, 36134.0], [4121.25, 341.0], [4120.0, 4274.0], [4119.75, 14319.0], [4119.25, 344.0], [4118.75, 343.0], [4118.5, 1713.0], [4118.25, 5926.0], [4116.25, 351.0], [4115.75, 2285.0], [4115.5, 6323.0], [4115.25, 7027.0], [4115.0, 26501.0], [4114.75, 22584.0], [4113.75, 348.0], [4112.0, 18550.0], [4111.75, 757.0]], "asks": [[4124.5, 1000.0], [4125.0, 2296.0], [4125.25, 9545.0], [4125.5, 160.0], [4128.0, 357.0], [4128.75, 4415.0], [4129.0, 14791.0], [4129.25, 150.0], [4130.0, 357.0], [4130.75, 1834.0], [4131.0, 6145.0], [4131.25, 343.0], [4131.75, 448.0], [4132.0, 5628.0], [4132.25, 22659.0], [4134.5, 350.0], [4134.75, 200.0], [4135.0, 356.0], [4135.25, 54911.0], [4136.0, 357.0]]}}}
{"jsonrpc": "2.0", "method": "subscription", "params": {"channel": "book.ETH-7NOV25.none.20.100ms", "data": {"timestamp": 1761647194276, "change_id": 93757069939, "instrument_name": "ETH-7NOV25", "bids": [[4124.25, 1966.0], [4124.0, 14191.0], [4123.75, 12952.0], [4123.5, 36134.0], [4121.25, 341.0], [4120.0, 4274.0], [4119.75, 14319.0], [4119.25, 344.0], [4118.75, 343.0], [4118.5, 1713.0], [4118.25, 5926.0], [4116.25, 351.0], [4115.75, 2285.0], [4115.5, 6323.0], [4115.25, 7027.0], [4115.0, 26501.0], [4114.75, 22584.0], [4113.75, 348.0], [4112.0, 18550.0], [4111.75, 757.0]], "asks": [[4124.5, 1000.0], [4125.0, 2296.0], [4125.25, 9545.0], [4125.5, 160.0], [4128.0, 357.0], [4128.75, 4415.0], [4129.0, 14791.0], [4129.25, 150.0], [4130.0, 357.0], [4130.75, 1834.0], [4131.0, 6145.0], [4131.25, 343.0], [4131.75, 448.0], [4132.0, 5628.0], [4132.25, 22659.0], [4134.5, 350.0], [4134.75, 200.0], [4135.0, 356.0], [4135.25, 54911.0], [4136.0, 357.0]]}}}
{"jsonrpc": "2.0", "method": "subscription", "params": {"channel": "book.ETH-7NOV25.none.20.100ms", "data": {"timestamp": 1761647194936, "change_id": 93757070972, "instrument_name": "ETH-7NOV25", "bids": [[4124.25, 1966.0], [4124.0, 10391.0], [4123.75, 12952.0], [4123.5, 38634.0], [4121.25, 341.0], [4120.0, 4274.0], [4119.75, 14319.0], [4119.25, 344.0], [4118.75, 343.0], [4118.5, 1713.0], [4118.25, 5926.0], [4116.25, 351.0], [4115.75, 2285.0], [4115.5, 6323.0], [4115.25, 7027.0], [4115.0, 26501.0], [4114.75, 22584.0], [4113.75, 348.0], [4112.0, 18550.0], [4111.75, 757.0]], "asks": [[4124.5, 1000.0], [4124.75, 2298.0], [4125.0, 2296.0], [4125.25, 9545.0], [4125.5, 160.0], [4128.0, 357.0], [4128.75, 4415.0], [4129.0, 14791.0], [4129.25, 150.0], [4130.0, 357.0], [4130.75, 1834.0], [4131.0, 6145.0], [4131.25, 343.0], [4131.75, 448.0], [4132.0, 5628.0], [4132.25, 22659.0], [4134.5, 350.0], [4134.75, 200.0], [4135.0, 356.0], [4135.25, 54911.0]]}}}
{"jsonrpc": "2.0", "method": "subscription", "params": {"channel": "book.ETH-7NOV25.none.20.100ms", "data": {"timestamp": 1761647195362, "change_id": 93757071081, "instrument_name": "ETH-7NOV25", "bids": [[4124.25, 1966.0], [4124.0, 14191.0], [4123.75, 12952.0], [4123.5, 36134.0], [4121.25, 341.0], [4120.0, 4274.0], [4119.75, 14319.0], [4119.25, 344.0], [4118.75, 343.0], [4118.5, 1713.0], [4118.25, 5926.0], [4116.25, 351.0], [4115.75, 2285.0], [4115.5, 6323.0], [4115.25, 7027.0], [4115.0, 26501.0], [4114.75, 22584.0], [4113.75, 348.0], [4112.0, 18550.0], [4111.75, 757.0]], "asks": [[4124.5, 1000.0], [4125.0, 2296.0], [4125.25, 9545.0], [4125.5, 160.0], [4128.0, 357.0], [4128.75, 4415.0], [4129.0, 14791.0], [4129.25, 150.0], [4130.0, 357.0], [4130.75, 1834.0], [4131.0, 6145.0], [4131.25, 343.0], [4131.75, 448.0], [4132.0, 5628.0], [4132.25, 22659.0], [4134.5, 350.0], [4134.75, 200.0], [4135.0, 356.0], [4135.25, 54911.0], [4136.0, 357.0]]}}}
{"jsonrpc": "2.0", "method": "subscription", "params": {"channel": "book.ETH-7NOV25.none.20.100ms", "data": {"timestamp": 1761647195695, "change_id": 93757071751, "instrument_name": "ETH-7NOV25", "bids": [[4124.25, 5615.0], [4124.0, 9442.0], [4123.75, 12952.0], [4123.5, 36134.0], [4121.25, 341.0], [4120.0, 4274.0], [4119.75, 14319.0], [4119.25, 344.0], [4118.75, 343.0], [4118.5, 1713.0], [4118.25, 5926.0], [4116.25, 351.0], [4115.75, 2285.0], [4115.5, 6323.0], [4115.25, 7027.0], [4115.0, 26501.0], [4114.75, 22584.0], [4113.75, 348.0], [4112.0, 18550.0], [4111.75, 757.0]], "asks": [[4124.5, 1000.0], [4125.0, 5945.0], [4125.25, 4796.0], [4125.5, 160.0], [4128.0, 357.0], [4128.75, 4415.0], [4129.0, 14791.0], [4129.25, 150.0], [4130.0, 357.0], [4130.75, 1834.0], [4131.0, 6145.0], [4131.25, 343.0], [4131.75, 448.0], [4132.0, 5628.0], [4132.25, 22659.0], [4134.5, 350.0], [4134.75, 200.0], [4135.0, 356.0], [4135.25, 54911.0], [4136.0, 357.0]]}}}
{"jsonrpc": "2.0", "method": "subscription", "params": {"channel": "book.ETH-7NOV25.none.20.100ms", "data": {"timestamp": 1761647196303, "change_id": 93757072137, "instrument_name": "ETH-7NOV25", "bids": [[4124.25, 5615.0], [4124.0, 8142.0], [4123.75, 12952.0], [4123.5, 36134.0], [4121.25, 341.0], [4120.0, 4274.0], [4119.75, 14319.0], [4119.25, 344.0], [4118.75, 343.0], [4118.5, 1713.0], [4118.25, 5926.0], [4116.25, 351.0], [4115.75, 2285.0], [4115.5, 6323.0], [4115.25, 7027.0], [4115.0, 26501.0], [4114.75, 22584.0], [4113.75, 348.0], [4112.0, 18550.0], [4111.75, 757.0]], "asks": [[4124.5, 1000.0], [4124.75, 2298.0], [4125.0, 5945.0], [4125.25, 4796.0], [4125.5, 160.0], [4128.0, 357.0], [4128.75, 4415.0], [4129.0, 14791.0], [4129.25, 150.0], [4130.0, 357.0], [4130.75, 1834.0], [4131.0, 6145.0], [4131.25, 343.0], [4131.75, 448.0], [4132.0, 5628.0], [4132.25, 22659.0], [4134.5, 350.0], [4134.75, 200.0], [4135.0, 356.0], [4135.25, 54911.0]]}}}
{"jsonrpc": "2.0", "method": "subscription", "params": {"channel": "book.ETH-7NOV25.none.20.100ms", "data": {"timestamp": 1761647197274, "change_id": 93757073217, "instrument_name": "ETH-7NOV25", "bids": [[4124.25, 5615.0], [4124.0, 5642.0], [4123.75, 12952.0], [4123.5, 38634.0], [4121.25, 341.0], [4120.0, 4274.0], [4119.75, 14319.0], [4119.25, 344.0], [4118.75, 343.0], [4118.5, 1713.0], [4118.25, 5926.0], [4116.25, 351.0], [4115.75, 2285.0], [4115.5, 6323.0], [4115.25, 7027.0], [4115.0, 26501.0], [4114.75, 22584.0], [4113.75, 348.0], [4112.0, 18550.0], [4111.75, 757.0]], "asks": [[4124.5, 1000.0], [4124.75, 2298.0], [4125.0, 5945.0], [4125.25, 4796.0], [4125.5, 160.0], [4128.0, 357.0], [4128.75, 4415.0], [4129.0, 14791.0], [4129.25, 150.0], [4130.0, 357.0], [4130.75, 1834.0], [4131.0, 6145.0], [4131.25, 343.0], [4131.75, 448.0], [4132.0, 5628.0], [4132.25, 22659.0], [4134.5, 350.0], [4134.75, 200.0], [4135.0, 356.0], [4135.25, 54911.0]]}}}
{"jsonrpc": "2.0", "method": "subscription", "params": {"channel": "book.ETH-7NOV25.none.20.100ms", "data": {"timestamp": 1761647197450, "change_id": 93757073618, "instrument_name": "ETH-7NOV25", "bids": [[4124.25, 1966.0], [4124.0, 9950.0], [4123.75, 15452.0], [4123.5, 36134.0], [4121.25, 341.0], [4120.0, 4274.0], [4119.75, 14319.0], [4119.25, 344.0], [4118.75, 343.0], [4118.5, 435.0], [4118.25, 1458.0], [4116.25, 1685.0], [4116.0, 4468.0], [4115.75, 2285.0], [4115.5, 6323.0], [4115.25, 7027.0], [4115.0, 26501.0], [4114.75, 22584.0], [4113.75, 348.0], [4112.0, 18550.0]], "asks": [[4124.5, 1000.0], [4124.75, 2298.0], [4125.0, 5945.0], [4125.25, 4796.0], [4125.5, 160.0], [4128.0, 357.0], [4128.75, 4415.0], [4129.0, 14791.0], [4129.25, 150.0], [4130.0, 357.0], [4130.75, 1834.0], [4131.0, 6145.0], [4131.25, 343.0], [4131.75, 448.0], [4132.0, 5628.0], [4132.25, 22659.0], [4134.5, 350.0], [4134.75, 200.0], [4135.0, 356.0], [4135.25, 54911.0]]}}}
{"jsonrpc": "2.0", "method": "subscription", "params": {"channel": "book.ETH-7NOV25.none.20.100ms", "data": {"timestamp": 1761647197831, "change_id": 93757074330, "instrument_name": "ETH-7NOV25", "bids": [[4124.25, 1966.0], [4124.0, 9950.0], [4123.75, 15452.0], [4123.5, 36134.0], [4121.25, 341.0], [4120.0, 4274.0], [4119.75, 14319.0], [4119.25, 344.0], [4118.75, 341.0], [4118.5, 435.0], [4118.25, 1458.0], [4116.5, 24873.0], [4116.25, 1687.0], [4116.0, 4468.0], [4115.75, 398.0], [4115.25, 7027.0], [4115.0, 26501.0], [4114.75, 22584.0], [4113.75, 348.0], [4111.75, 757.0]], "asks": [[4124.5, 1000.0], [4124.75, 2298.0], [4125.0, 5945.0], [4125.25, 4796.0], [4125.5, 160.0], [4128.0, 357.0], [4128.25, 1834.0], [4128.5, 6498.0], [4128.75, 4415.0], [4129.0, 14791.0], [4129.25, 150.0], [4130.0, 357.0], [4130.75, 5526.0], [4131.0, 18513.0], [4131.25, 343.0], [4131.75, 448.0], [4132.0, 5628.0], [4132.25, 22659.0], [4134.5, 350.0], [4134.75, 200.0]]}}}
{"jsonrpc": "2.0", "method": "subscription", "params": {"channel": "book.ETH-7NOV25.none.20.100ms", "data": {"timestamp": 1761647198351, "change_id": 93757074845, "instrument_name": "ETH-7NOV25", "bids": [[4124.25, 1966.0], [4124.0, 5584.0], [4123.75, 3593.0], [4123.5, 3434.0], [4123.25, 2660.0], [4121.25, 341.0], [4120.0, 4274.0], [4119.75, 14319.0], [4119.25, 344.0], [4118.75, 341.0], [4118.5, 435.0], [4118.25, 1458.0], [4116.5, 24873.0], [4116.25, 353.0], [4116.0, 4468.0], [4115.75, 398.0], [4115.25, 359.0], [4115.0, 26501.0], [4114.75, 22584.0], [4113.75, 348.0]], "asks": [[4124.5, 1000.0], [4124.75, 5947.0], [4125.0, 4796.0], [4125.25, 3596.0], [4125.5, 160.0], [4128.0, 357.0], [4128.5, 6498.0], [4128.75, 4415.0], [4129.0, 14791.0], [4129.25, 150.0], [4130.0, 357.0], [4130.75, 5526.0], [4131.0, 18513.0], [4131.25, 343.0], [4131.75, 448.0], [4132.0, 5628.0], [4132.25, 22659.0], [4134.5, 350.0], [4134.75, 200.0], [4135.0, 356.0]]}}}
{"jsonrpc": "2.0", "method": "subscription", "params": {"channel": "book.ETH-7NOV25.none.20.100ms", "data": {"timestamp": 1761647198582, "change_id": 93757075445, "instrument_name": "ETH-7NOV25", "bids": [[4124.25, 3468.0], [4124.0, 19097.0], [4123.75, 40723.0], [4123.5, 2640.0], [4123.25, 160.0], [4121.25, 341.0], [4120.0, 4274.0], [4119.75, 14319.0], [4118.75, 341.0], [4118.5, 435.0], [4118.25, 1458.0], [4116.5, 24873.0], [4116.25, 353.0], [4116.0, 4468.0], [4115.75, 398.0], [4115.25, 359.0], [4115.0, 26501.0], [4114.75, 22584.0], [4113.75, 348.0], [4111.75, 757.0]], "asks": [[4124.5, 1000.0], [4124.75, 5947.0], [4125.0, 5869.0], [4125.25, 3596.0], [4125.5, 160.0], [4128.0, 357.0], [4128.5, 6498.0], [4129.0, 14791.0], [4129.25, 150.0], [4130.0, 357.0], [4130.75, 5526.0], [4131.0, 18513.0], [4131.25, 343.0], [4131.75, 448.0], [4132.0, 5628.0], [4132.25, 22659.0], [4134.5, 350.0], [4134.75, 200.0], [4135.0, 356.0], [4135.25, 36398.0]]}}}
{"jsonrpc": "2.0", "method": "subscription", "params": {"channel": "book.ETH-7NOV25.none.20.100ms", "data": {"timestamp": 1761647199220, "change_id": 93757075976, "instrument_name": "ETH-7NOV25", "bids": [[4124.25, 3468.0], [4124.0, 19097.0], [4123.75, 40723.0], [4123.5, 2640.0], [4123.25, 160.0], [4121.25, 341.0], [4120.0, 4274.0], [4119.75, 14319.0], [4118.75, 341.0], [4118.5, 435.0], [4118.25, 1458.0], [4116.5, 24873.0], [4116.25, 353.0], [4116.0, 4468.0], [4115.75, 398.0], [4115.25, 359.0], [4115.0, 26501.0], [4114.75, 22584.0], [4113.75, 348.0], [4111.75, 757.0]], "asks": [[4124.5, 2300.0], [4124.75, 5947.0], [4125.0, 5869.0], [4125.25, 3596.0], [4125.5, 160.0], [4128.0, 357.0], [4128.5, 6498.0], [4129.0, 14791.0], [4129.25, 150.0], [4130.0, 357.0], [4130.75, 5526.0], [4131.0, 18513.0], [4131.25, 343.0], [4131.75, 448.0], [4132.0, 5628.0], [4132.25, 22659.0], [4134.5, 350.0], [4134.75, 200.0], [4135.0, 356.0], [4135.25, 36398.0]]}}}
{"jsonrpc": "2.0", "method": "subscription", "params": {"channel": "book.ETH-7NOV25.none.20.100ms", "data": {"timestamp": 1761647199607, "change_id": 93757076591, "instrument_name": "ETH-7NOV25", "bids": [[4124.25, 2168.0], [4124.0, 19097.0], [4123.75, 36923.0], [4123.5, 3434.0], [4123.25, 2660.0], [4121.25, 341.0], [4120.0, 4274.0], [4119.75, 14319.0], [4118.75, 341.0], [4118.5, 435.0], [4118.25, 1458.0], [4116.75, 7778.0], [4116.5, 24873.0], [4116.25, 353.0], [4116.0, 4468.0], [4115.75, 398.0], [4115.25, 359.0], [4115.0, 26501.0], [4114.75, 22584.0], [4113.75, 348.0]], "asks": [[4124.5, 2300.0], [4124.75, 5947.0], [4125.0, 5869.0], [4125.25, 3596.0], [4125.5, 160.0], [4128.0, 357.0], [4128.5, 6498.0], [4128.75, 4415.0], [4129.0, 14791.0], [4129.25, 150.0], [4130.0, 357.0], [4130.75, 5526.0], [4131.0, 18513.0], [4131.25, 343.0], [4131.75, 448.0], [4132.0, 5628.0], [4132.25, 22659.0], [4134.5, 350.0], [4134.75, 200.0], [4135.0, 356.0]]}}}
{"jsonrpc": "2.0", "method": "subscription", "params": {"channel": "book.ETH-7NOV25.none.20.100ms", "data": {"timestamp": 1761647199714, "change_id": 93757076767, "instrument_name": "ETH-7NOV25", "bids": [[4124.25, 2168.0], [4124.0, 19097.0], [4123.75, 36923.0], [4123.5, 5140.0], [4123.25, 160.0], [4121.25, 341.0], [4120.0, 4274.0], [4119.75, 14319.0], [4118.75, 341.0], [4118.5, 435.0], [4118.25, 1458.0], [4116.75, 7778.0], [4116.5, 24873.0], [4116.25, 353.0], [4116.0, 4468.0], [4115.75, 398.0], [4115.25, 359.0], [4115.0, 26501.0], [4114.75, 22584.0], [4113.75, 348.0]], "asks": [[4124.5, 2300.0], [4124.75, 5947.0], [4125.0, 5869.0], [4125.25, 3596.0], [4125.5, 160.0], [4128.0, 357.0], [4128.5, 6498.0], [4128.75, 4415.0], [4129.0, 14791.0], [4129.25, 150.0], [4130.0, 357.0], [4130.75, 5526.0], [4131.0, 18513.0], [4131.25, 343.0], [4131.75, 448.0], [4132.0, 5628.0], [4132.25, 22659.0], [4134.5, 350.0], [4134.75, 200.0], [4135.0, 356.0]]}}}
{"jsonrpc": "2.0", "method": "subscription", "params": {"channel": "book.ETH-7NOV25.none.20.100ms", "data": {"timestamp": 1761647200271, "change_id": 93757077139, "instrument_name": "ETH-7NOV25", "bids": [[4124.25, 2168.0], [4124.0, 19097.0], [4123.75, 36923.0], [4123.5, 5140.0], [4123.25, 160.0], [4121.25, 341.0], [4120.0, 4274.0], [4119.75, 14319.0], [4118.75, 341.0], [4118.5, 435.0], [4118.25, 1458.0], [4116.75, 7778.0], [4116.5, 24873.0], [4116.25, 353.0], [4116.0, 4468.0], [4115.75, 398.0], [4115.25, 359.0], [4115.0, 26501.0], [4114.75, 22584.0], [4113.75, 348.0]], "asks": [[4124.5, 2300.0], [4124.75, 7247.0], [4125.0, 7329.0], [4125.25, 3596.0], [4128.0, 357.0], [4128.5, 6498.0], [4128.75, 4415.0], [4129.0, 14791.0], [4129.25, 150.0], [4130.0, 357.0], [4130.75, 5526.0], [4131.0, 18513.0], [4131.25, 343.0], [4131.75, 448.0], [4132.0, 5628.0], [4132.25, 22659.0], [4134.5, 350.0], [4134.75, 200.0], [4135.0, 356.0], [4135.25, 36398.0]]}}}
{"jsonrpc": "2.0", "method": "subscription", "params": {"channel": "book.ETH-7NOV25.none.20.100ms", "data": {"timestamp": 1761647200783, "change_id": 93757077846, "instrument_name": "ETH-7NOV25", "bids": [[4124.25, 2168.0], [4124.0, 19097.0], [4123.75, 36923.0], [4123.5, 5140.0], [4123.25, 160.0], [4121.25, 341.0], [4120.0, 4274.0], [4119.75, 14319.0], [4118.75, 341.0], [4118.5, 435.0], [4118.25, 1458.0], [4117.0, 6323.0], [4116.75, 5890.0], [4116.5, 18550.0], [4116.25, 353.0], [4116.0, 4468.0], [4115.75, 398.0], [4115.25, 359.0], [4115.0, 26501.0], [4114.75, 22584.0]], "asks": [[4124.5, 2300.0], [4124.75, 7247.0], [4125.0, 7329.0], [4125.25, 3596.0], [4128.0, 357.0], [4128.25, 1940.0], [4128.5, 6498.0], [4128.75, 4415.0], [4129.0, 14791.0], [4129.25, 150.0], [4130.0, 357.0], [4130.75, 5526.0], [4131.0, 18513.0], [4131.25, 343.0], [4131.75, 448.0], [4132.0, 5628.0], [4132.25, 22659.0], [4134.5, 350.0], [4134.75, 200.0], [4135.0, 356.0]]}}}
{"jsonrpc": "2.0", "method": "subscription", "params": {"channel": "book.ETH-7NOV25.none.20.100ms", "data": {"timestamp": 1761647201260, "change_id": 93757078219, "instrument_name": "ETH-7NOV25", "bids": [[4124.25, 2168.0], [4124.0, 8894.0], [4123.75, 3727.0], [4123.5, 5140.0], [4123.25, 160.0], [4121.25, 341.0], [4118.75, 341.0], [4118.5, 435.0], [4118.25, 1458.0], [4117.75, 14148.0], [4117.0, 6323.0], [4116.75, 5890.0], [4116.5, 18550.0], [4116.25, 353.0], [4116.0, 4468.0], [4115.75, 398.0], [4115.25, 359.0], [4115.0, 26501.0], [4114.75, 22584.0], [4113.75, 348.0]], "asks": [[4124.5, 2300.0], [4124.75, 9747.0], [4125.0, 4441.0], [4125.25, 2296.0], [4128.0, 357.0], [4128.25, 1940.0], [4128.5, 6498.0], [4128.75, 4415.0], [4129.0, 14791.0], [4129.25, 150.0], [4130.0, 357.0], [4130.75, 5526.0], [4131.0, 18513.0], [4131.25, 343.0], [4131.75, 448.0], [4132.0, 5628.0], [4132.25, 22659.0], [4134.5, 350.0], [4134.75, 200.0], [4135.0, 356.0]]}}}
{"jsonrpc": "2.0", "method": "subscription", "params": {"channel": "book.ETH-7NOV25.none.20.100ms", "data": {"timestamp": 1761647201583, "change_id": 93757078682, "instrument_name": "ETH-7NOV25", "bids": [[4124.25, 2168.0], [4124.0, 14679.0], [4123.75, 23256.0], [4123.5, 5140.0], [4123.25, 160.0], [4121.25, 341.0], [4120.0, 4217.0], [4119.75, 14127.0], [4118.75, 341.0], [4118.5, 435.0], [4118.25, 1458.0], [4117.75, 353.0], [4117.0, 6323.0], [4116.75, 5890.0], [4116.5, 18550.0], [4116.25, 353.0], [4116.0, 4468.0], [4115.75, 398.0], [4115.25, 359.0], [4115.0, 26501.0]], "asks": [[4124.5, 5949.0], [4124.75, 6098.0], [4125.0, 4441.0], [4125.25, 2296.0], [4128.0, 357.0], [4128.25, 1940.0], [4128.5, 6498.0], [4128.75, 4415.0], [4129.0, 14791.0], [4129.25, 150.0], [4130.0, 357.0], [4130.75, 5526.0], [4131.0, 18513.0], [4131.25, 343.0], [4131.75, 448.0], [4132.0, 5628.0], [4132.25, 22659.0], [4134.5, 350.0], [4134.75, 200.0], [4135.0, 356.0]]}}}
{"jsonrpc": "2.0", "method": "subscription", "params": {"channel": "book.ETH-7NOV25.none.20.100ms", "data": {"timestamp": 1761647201970, "change_id": 93757079175, "instrument_name": "ETH-7NOV25", "bids": [[4124.25, 2168.0], [4124.0, 14679.0], [4123.75, 23256.0], [4123.5, 5140.0], [4123.25, 160.0], [4121.25, 341.0], [4120.0, 4217.0], [4119.75, 14127.0], [4118.75, 341.0], [4118.5, 435.0], [4118.25, 1458.0], [4117.75, 353.0], [4117.25, 2240.0], [4117.0, 6323.0], [4116.75, 5890.0], [4116.5, 18550.0], [4116.25, 353.0], [4116.0, 4468.0], [4115.75, 398.0], [4115.25, 359.0]], "asks": [[4124.5, 4649.0], [4124.75, 4798.0], [4125.0, 3141.0], [4125.25, 2296.0], [4128.0, 357.0], [4128.25, 1940.0], [4128.5, 6498.0], [4128.75, 4415.0], [4129.0, 14791.0], [4129.25, 150.0], [4130.0, 357.0], [4130.75, 5526.0], [4131.0, 18513.0], [4131.25, 343.0], [4131.75, 448.0], [4132.0, 5628.0], [4132.25, 22659.0], [4134.5, 350.0], [4134.75, 200.0], [4135.0, 356.0]]}}}
{"jsonrpc": "2.0", "method": "subscription", "params": {"channel": "book.ETH-7NOV25.none.20.100ms", "data": {"timestamp": 1761647202188, "change_id": 93757079197, "instrument_name": "ETH-7NOV25", "bids": [[4124.25, 3468.0], [4124.0, 14679.0], [4123.75, 23256.0], [4123.5, 5140.0], [4123.25, 160.0], [4121.25, 341.0], [4120.0, 4217.0], [4119.75, 14127.0], [4118.75, 341.0], [4118.5, 435.0], [4118.25, 1458.0], [4117.75, 353.0], [4117.25, 2240.0], [4117.0, 6323.0], [4116.75, 5890.0], [4116.5, 18550.0], [4116.25, 353.0], [4116.0, 4468.0], [4115.75, 398.0], [4115.25, 359.0]], "asks": [[4124.5, 4649.0], [4124.75, 4798.0], [4125.0, 4441.0], [4125.25, 2296.0], [4128.0, 357.0], [4128.25, 1940.0], [4128.5, 6498.0], [4128.75, 4415.0], [4129.0, 14791.0], [4129.25, 150.0], [4130.0, 357.0], [4130.75, 5526.0], [4131.0, 18513.0], [4131.25, 343.0], [4131.75, 448.0], [4132.0, 5628.0], [4132.25, 22659.0], [4134.5, 350.0], [4134.75, 200.0], [4135.0, 356.0]]}}}
{"jsonrpc": "2.0", "method": "subscription", "params": {"channel": "book.ETH-7NOV25.none.20.100ms", "data": {"timestamp": 1761647202379, "change_id": 93757079213, "instrument_name": "ETH-7NOV25", "bids": [[4124.25, 3468.0], [4124.0, 14679.0], [4123.75, 23256.0], [4123.5, 5140.0], [4123.25, 160.0], [4121.25, 341.0], [4120.0, 4217.0], [4119.75, 14127.0], [4118.75, 341.0], [4118.5, 435.0], [4118.25, 1458.0], [4117.75, 353.0], [4117.25, 2240.0], [4117.0, 6323.0], [4116.75, 5890.0], [4116.5, 18550.0], [4116.25, 353.0], [4116.0, 4468.0], [4115.75, 398.0], [4115.25, 359.0]], "asks": [[4124.5, 1000.0], [4124.75, 8447.0], [4125.0, 4441.0], [4125.25, 2296.0], [4128.0, 357.0], [4128.25, 1940.0], [4128.5, 6498.0], [4128.75, 4415.0], [4129.0, 14791.0], [4129.25, 150.0], [4130.0, 357.0], [4130.75, 5526.0], [4131.0, 18513.0], [4131.25, 343.0], [4131.75, 448.0], [4132.0, 5628.0], [4132.25, 22659.0], [4134.5, 350.0], [4134.75, 200.0], [4135.0, 356.0]]}}}
{"jsonrpc": "2.0", "method": "subscription", "params": {"channel": "book.ETH-7NOV25.none.20.100ms", "data": {"timestamp": 1761647203175, "change_id": 93757080249, "instrument_name": "ETH-7NOV25", "bids": [[4124.25, 7117.0], [4124.0, 11030.0], [4123.75, 25756.0], [4123.5, 2640.0], [4123.25, 160.0], [4121.25, 341.0], [4120.0, 4217.0], [4119.75, 14127.0], [4118.75, 341.0], [4118.5, 435.0], [4118.25, 1458.0], [4117.75, 353.0], [4117.25, 2240.0], [4117.0, 6323.0], [4116.75, 5890.0], [4116.5, 18550.0], [4116.25, 1687.0], [4116.0, 4468.0], [4115.75, 398.0], [4115.25, 359.0]], "asks": [[4124.5, 1000.0], [4124.75, 2298.0], [4125.0, 6105.0], [4125.25, 4796.0], [4128.0, 357.0], [4128.25, 1940.0], [4128.5, 6498.0], [4128.75, 4415.0], [4129.0, 14791.0], [4129.25, 150.0], [4130.0, 357.0], [4130.75, 5526.0], [4131.0, 18513.0], [4131.25, 343.0], [4131.75, 448.0], [4132.0, 5628.0], [4132.25, 22659.0], [4134.5, 350.0], [4134.75, 200.0], [4135.0, 356.0]]}}}
{"jsonrpc": "2.0", "method": "subscription", "params": {"channel": "book.ETH-7NOV25.none.20.100ms", "data": {"timestamp": 1761647203630, "change_id": 93757081134, "instrument_name": "ETH-7NOV25", "bids": [[4124.25, 7117.0], [4124.0, 13530.0], [4123.75, 23416.0], [4123.5, 2640.0], [4121.25, 341.0], [4120.0, 4217.0], [4119.75, 14127.0], [4118.75, 341.0], [4118.5, 435.0], [4118.25, 1458.0], [4117.75, 353.0], [4117.25, 2240.0], [4117.0, 6323.0], [4116.75, 5890.0], [4116.5, 18550.0], [4116.25, 1687.0], [4116.0, 4468.0], [4115.75, 398.0], [4115.25, 359.0], [4115.0, 26501.0]], "asks": [[4124.5, 1000.0], [4125.25, 5945.0], [4125.5, 794.0], [4125.75, 2660.0], [4128.0, 357.0], [4128.25, 1940.0], [4128.5, 6498.0], [4128.75, 4415.0], [4129.0, 14791.0], [4129.25, 150.0], [4130.0, 357.0], [4130.75, 5526.0], [4131.0, 18513.0], [4131.25, 343.0], [4131.75, 448.0], [4132.0, 5628.0], [4132.25, 22659.0], [4134.5, 350.0], [4134.75, 200.0], [4135.0, 356.0]]}}}
{"jsonrpc": "2.0", "method": "subscription", "params": {"channel": "book.ETH-7NOV25.none.20.100ms", "data": {"timestamp": 1761647203895, "change_id": 93757081691, "instrument_name": "ETH-7NOV25", "bids": [[4124.25, 7117.0], [4124.0, 13530.0], [4123.75, 23416.0], [4123.5, 2640.0], [4121.25, 341.0], [4120.0, 4217.0], [4119.75, 14127.0], [4118.75, 341.0], [4118.5, 435.0], [4118.25, 1458.0], [4117.75, 353.0], [4117.25, 6676.0], [4116.75, 5890.0], [4116.5, 18550.0], [4116.25, 1687.0], [4116.0, 4468.0], [4115.75, 398.0], [4115.25, 359.0], [4115.0, 26501.0], [4114.75, 22584.0]], "asks": [[4124.5, 1000.0], [4125.0, 2300.0], [4125.25, 5945.0], [4125.5, 2500.0], [4125.75, 160.0], [4128.0, 357.0], [4128.25, 1940.0], [4128.5, 6498.0], [4128.75, 4415.0], [4129.0, 14791.0], [4129.25, 150.0], [4130.0, 357.0], [4130.75, 5526.0], [4131.0, 18513.0], [4131.25, 343.0], [4131.75, 448.0], [4132.0, 5628.0], [4132.25, 22659.0], [4134.5, 350.0], [4134.75, 200.0]]}}}
{"jsonrpc": "2.0", "method": "subscription", "params": {"channel": "book.ETH-7NOV25.none.20.100ms", "data": {"timestamp": 1761647204166, "change_id": 93757081781, "instrument_name": "ETH-7NOV25", "bids": [[4124.25, 7117.0], [4124.0, 13530.0], [4123.75, 23416.0], [4123.5, 2640.0], [4121.25, 341.0], [4120.0, 4217.0], [4119.75, 14127.0], [4118.75, 341.0], [4118.5, 435.0], [4118.25, 1458.0], [4117.75, 353.0], [4117.5, 1993.0], [4117.25, 6676.0], [4116.75, 5890.0], [4116.5, 18550.0], [4116.25, 1687.0], [4116.0, 4468.0], [4115.75, 398.0], [4115.25, 359.0], [4115.0, 26501.0]], "asks": [[4124.5, 1000.0], [4125.0, 2300.0], [4125.25, 5945.0], [4125.5, 3800.0], [4125.75, 160.0], [4128.0, 357.0], [4128.25, 1940.0], [4128.5, 6498.0], [4128.75, 4415.0], [4129.0, 14791.0], [4129.25, 150.0], [4130.0, 357.0], [4130.75, 5526.0], [4131.0, 18513.0], [4131.25, 343.0], [4131.75, 448.0], [4132.0, 5628.0], [4132.25, 22659.0], [4134.5, 350.0], [4134.75, 200.0]]}}}
{"jsonrpc": "2.0", "method": "subscription", "params": {"channel": "book.ETH-7NOV25.none.20.100ms", "data": {"timestamp": 1761647205581, "change_id": 93757083443, "instrument_name": "ETH-7NOV25", "bids": [[4124.25, 7117.0], [4124.0, 13530.0], [4123.75, 23416.0], [4123.5, 2640.0], [4121.25, 341.0], [4120.0, 4217.0], [4119.75, 14127.0], [4118.75, 341.0], [4118.5, 435.0], [4118.25, 1458.0], [4117.75, 353.0], [4117.5, 1993.0], [4117.25, 6676.0], [4116.75, 5890.0], [4116.5, 18550.0], [4116.25, 1687.0], [4116.0, 4468.0], [4115.75, 398.0], [4115.25, 359.0], [4115.0, 26501.0]], "asks": [[4124.5, 1000.0], [4124.75, 2301.0], [4125.0, 2300.0], [4125.25, 5945.0], [4125.5, 3800.0], [4125.75, 160.0], [4128.0, 357.0], [4128.25, 1940.0], [4128.5, 6498.0], [4128.75, 4415.0], [4129.0, 14791.0], [4129.25, 150.0], [4130.0, 357.0], [4130.75, 5526.0], [4131.0, 18513.0], [4131.25, 343.0], [4131.75, 448.0], [4132.0, 5628.0], [4132.25, 22659.0], [4134.5, 350.0]]}}}
{"jsonrpc": "2.0", "method": "subscription", "params": {"channel": "book.ETH-7NOV25.none.20.100ms", "data": {"timestamp": 1761647206390, "change_id": 93757084055, "instrument_name": "ETH-7NOV25", "bids": [[4124.25, 7117.0], [4124.0, 13530.0], [4123.75, 23416.0], [4123.5, 2640.0], [4121.25, 341.0], [4120.0, 4217.0], [4119.75, 14127.0], [4118.75, 341.0], [4118.5, 435.0], [4118.25, 1458.0], [4117.75, 353.0], [4117.5, 1993.0], [4117.25, 6676.0], [4116.75, 5890.0], [4116.5, 18550.0], [4116.25, 1687.0], [4116.0, 4468.0], [4115.75, 398.0], [4115.25, 359.0], [4115.0, 26501.0]], "asks": [[4124.5, 1000.0], [4125.0, 2300.0], [4125.25, 5945.0], [4125.5, 2500.0], [4125.75, 160.0], [4128.0, 357.0], [4128.25, 1940.0], [4128.5, 6498.0], [4128.75, 4415.0], [4129.0, 14791.0], [4129.25, 150.0], [4130.0, 357.0], [4130.75, 5526.0], [4131.0, 18513.0], [4131.25, 343.0], [4131.75, 448.0], [4132.0, 5628.0], [4132.25, 22659.0], [4134.5, 350.0], [4134.75, 200.0]]}}}
{"jsonrpc": "2.0", "method": "subscription", "params": {"channel": "book.ETH-7NOV25.none.20.100ms", "data": {"timestamp": 1761647206825, "change_id": 93757085044, "instrument_name": "ETH-7NOV25", "bids": [[4124.25, 7117.0], [4124.0, 7745.0], [4123.75, 3241.0], [4123.5, 2640.0], [4121.25, 341.0], [4120.0, 4217.0], [4119.75, 14127.0], [4118.75, 341.0], [4118.5, 435.0], [4118.25, 1458.0], [4117.75, 353.0], [4117.25, 2240.0], [4117.0, 6323.0], [4116.75, 5890.0], [4116.5, 18550.0], [4116.25, 1687.0], [4116.0, 4468.0], [4115.75, 398.0], [4115.25, 359.0], [4115.0, 26501.0]], "asks": [[4124.5, 1000.0], [4125.0, 2300.0], [4125.25, 5945.0], [4125.5, 2500.0], [4125.75, 160.0], [4128.0, 357.0], [4128.25, 1940.0], [4128.5, 6498.0], [4128.75, 4415.0], [4129.0, 14791.0], [4129.25, 150.0], [4130.0, 357.0], [4130.75, 5526.0], [4131.0, 18513.0], [4131.25, 343.0], [4131.75, 448.0], [4132.0, 5628.0], [4132.25, 22659.0], [4134.5, 350.0], [4134.75, 200.0]]}}}
{"jsonrpc": "2.0", "method": "subscription", "params": {"channel": "book.ETH-7NOV25.none.20.100ms", "data": {"timestamp": 1761647207173, "change_id": 93757085099, "instrument_name": "ETH-7NOV25", "bids": [[4124.25, 40317.0], [4124.0, 7745.0], [4123.75, 3241.0], [4123.5, 2640.0], [4121.25, 341.0], [4120.0, 4217.0], [4119.75, 14127.0], [4118.75, 341.0], [4118.5, 435.0], [4118.25, 1458.0], [4117.75, 353.0], [4117.25, 2240.0], [4117.0, 6323.0], [4116.75, 5890.0], [4116.5, 18550.0], [4116.25, 1687.0], [4116.0, 4468.0], [4115.75, 398.0], [4115.25, 359.0], [4115.0, 26501.0]], "asks": [[4124.5, 1000.0], [4125.0, 2300.0], [4125.25, 5945.0], [4125.5, 3800.0], [4125.75, 160.0], [4128.0, 357.0], [4128.25, 1940.0], [4128.5, 6498.0], [4128.75, 4415.0], [4129.0, 14791.0], [4129.25, 150.0], [4130.0, 357.0], [4130.75, 5526.0], [4131.0, 18513.0], [4131.25, 343.0], [4131.75, 448.0], [4132.0, 5628.0], [4132.25, 22659.0], [4134.5, 350.0], [4134.75, 200.0]]}}}
{"jsonrpc": "2.0", "method": "subscription", "params": {"channel": "book.ETH-7NOV25.none.20.100ms", "data": {"timestamp": 1761647207538, "change_id": 93757085754, "instrument_name": "ETH-7NOV25", "bids": [[4124.25, 40477.0], [4124.0, 7745.0], [4123.75, 3081.0], [4123.5, 2640.0], [4121.25, 341.0], [4120.0, 4217.0], [4119.75, 14127.0], [4118.75, 341.0], [4118.5, 435.0], [4118.25, 1458.0], [4117.75, 353.0], [4117.25, 2240.0], [4117.0, 6334.0], [4116.75, 5890.0], [4116.5, 18550.0], [4116.25, 1687.0], [4116.0, 4468.0], [4115.75, 398.0], [4115.25, 348.0], [4115.0, 26501.0]], "asks": [[4124.5, 1000.0], [4125.5, 6149.0], [4125.75, 160.0], [4128.0, 357.0], [4128.25, 1940.0], [4128.5, 6498.0], [4128.75, 4415.0], [4129.0, 14791.0], [4129.25, 150.0], [4130.0, 357.0], [4130.75, 5526.0], [4131.0, 18513.0], [4131.25, 343.0], [4131.75, 448.0], [4132.0, 5628.0], [4132.25, 22659.0], [4134.5, 350.0], [4134.75, 200.0], [4135.0, 356.0], [4135.25, 36398.0]]}}}
{"jsonrpc": "2.0", "method": "subscription", "params": {"channel": "book.ETH-7NOV25.none.20.100ms", "data": {"timestamp": 1761647207913, "change_id": 93757086378, "instrument_name": "ETH-7NOV25", "bids": [[4124.25, 40477.0], [4124.0, 7745.0], [4123.75, 3081.0], [4123.5, 2640.0], [4121.25, 341.0], [4120.0, 4217.0], [4119.75, 14127.0], [4118.75, 341.0], [4118.5, 435.0], [4118.25, 1458.0], [4117.75, 353.0], [4117.25, 2240.0], [4117.0, 6334.0], [4116.75, 5890.0], [4116.5, 18550.0], [4116.25, 1687.0], [4116.0, 4468.0], [4115.75, 398.0], [4115.25, 348.0], [4115.0, 26501.0]], "asks": [[4124.5, 1000.0], [4125.25, 2302.0], [4125.5, 6149.0], [4125.75, 160.0], [4128.0, 357.0], [4128.25, 1940.0], [4128.5, 6498.0], [4128.75, 4415.0], [4129.0, 14791.0], [4129.25, 150.0], [4130.0, 357.0], [4130.75, 5526.0], [4131.0, 18513.0], [4131.25, 343.0], [4131.75, 448.0], [4132.0, 5628.0], [4132.25, 22659.0], [4134.5, 350.0], [4134.75, 200.0], [4135.0, 356.0]]}}}
{"jsonrpc": "2.0", "method": "subscription", "params": {"channel": "book.ETH-7NOV25.none.20.100ms", "data": {"timestamp": 1761647208204, "change_id": 93757086437, "instrument_name": "ETH-7NOV25", "bids": [[4124.25, 40477.0], [4124.0, 7745.0], [4123.75, 3081.0], [4123.5, 2640.0], [4121.25, 341.0], [4120.0, 4217.0], [4119.75, 14127.0], [4118.75, 341.0], [4118.5, 435.0], [4118.25, 1458.0], [4117.75, 353.0], [4117.5, 2.0], [4117.25, 2240.0], [4117.0, 6334.0], [4116.75, 5890.0], [4116.5, 18550.0], [4116.25, 1685.0], [4116.0, 4468.0], [4115.75, 398.0], [4115.25, 348.0]], "asks": [[4124.5, 1000.0], [4125.25, 2302.0], [4125.5, 3649.0], [4125.75, 906.0], [4126.0, 2500.0], [4128.0, 357.0], [4128.25, 1940.0], [4128.5, 6498.0], [4128.75, 4415.0], [4129.0, 14791.0], [4129.25, 150.0], [4130.0, 357.0], [4130.75, 5526.0], [4131.0, 18513.0], [4131.25, 343.0], [4131.75, 448.0], [4132.0, 5628.0], [4132.25, 22659.0], [4134.5, 350.0], [4134.75, 200.0]]}}}
{"jsonrpc": "2.0", "method": "subscription", "params": {"channel": "book.ETH-7NOV25.none.20.100ms", "data": {"timestamp": 1761647208354, "change_id": 93757086469, "instrument_name": "ETH-7NOV25", "bids": [[4124.25, 40477.0], [4124.0, 7745.0], [4123.75, 3081.0], [4123.5, 2640.0], [4121.25, 341.0], [4120.0, 4217.0], [4119.75, 14127.0], [4118.75, 341.0], [4118.5, 435.0], [4118.25, 1458.0], [4117.75, 1687.0], [4117.5, 4470.0], [4117.25, 2240.0], [4117.0, 6334.0], [4116.75, 5890.0], [4116.5, 18550.0], [4116.25, 351.0], [4115.75, 398.0], [4115.25, 348.0], [4115.0, 26501.0]], "asks": [[4124.5, 1000.0], [4125.25, 2302.0], [4125.5, 3649.0], [4125.75, 2660.0], [4128.0, 357.0], [4128.25, 1940.0], [4128.5, 6498.0], [4128.75, 4415.0], [4129.0, 14791.0], [4129.25, 150.0], [4130.0, 357.0], [4130.75, 5526.0], [4131.0, 18513.0], [4131.25, 343.0], [4131.75, 448.0], [4132.0, 5628.0], [4132.25, 22659.0], [4134.5, 350.0], [4134.75, 200.0], [4135.0, 356.0]]}}}
{"jsonrpc": "2.0", "method": "subscription", "params": {"channel": "book.ETH-7NOV25.none.20.100ms", "data": {"timestamp": 1761647209109, "change_id": 93757087712, "instrument_name": "ETH-7NOV25", "bids": [[4124.25, 40477.0], [4124.0, 7745.0], [4123.75, 3081.0], [4123.5, 2640.0], [4121.25, 341.0], [4120.0, 4217.0], [4119.75, 14127.0], [4118.75, 341.0], [4118.5, 435.0], [4118.25, 1458.0], [4117.75, 1687.0], [4117.5, 4470.0], [4117.25, 2240.0], [4117.0, 6334.0], [4116.75, 5890.0], [4116.5, 18550.0], [4116.25, 351.0], [4115.75, 398.0], [4115.25, 348.0], [4115.0, 26501.0]], "asks": [[4124.5, 1000.0], [4125.25, 3602.0], [4125.5, 4949.0], [4125.75, 2660.0], [4128.0, 357.0], [4128.25, 1940.0], [4128.5, 6498.0], [4128.75, 4415.0], [4129.0, 14791.0], [4129.25, 150.0], [4130.0, 357.0], [4130.75, 5526.0], [4131.0, 18513.0], [4131.25, 343.0], [4131.75, 448.0], [4132.0, 5628.0], [4132.25, 22659.0], [4134.5, 350.0], [4134.75, 200.0], [4135.0, 356.0]]}}}
{"jsonrpc": "2.0", "method": "subscription", "params": {"channel": "book.ETH-7NOV25.none.20.100ms", "data": {"timestamp": 1761647209916, "change_id": 93757089148, "instrument_name": "ETH-7NOV25", "bids": [[4125.5, 1149.0], [4125.25, 2989.0], [4125.0, 2302.0], [4124.75, 985.0], [4124.5, 15129.0], [4124.25, 39348.0], [4124.0, 2299.0], [4123.75, 357.0], [4121.25, 341.0], [4120.0, 4217.0], [4119.75, 14127.0], [4118.75, 341.0], [4118.5, 435.0], [4118.25, 1458.0], [4118.0, 1993.0], [4117.75, 8010.0], [4117.5, 4470.0], [4117.25, 353.0], [4117.0, 11.0], [4116.75, 5890.0]], "asks": [[4125.75, 6149.0], [4126.0, 2302.0], [4126.25, 2302.0], [4126.5, 160.0], [4128.0, 357.0], [4128.25, 1940.0], [4128.5, 6498.0], [4128.75, 4415.0], [4129.0, 14791.0], [4129.25, 150.0], [4130.0, 357.0], [4130.75, 5526.0], [4131.0, 18513.0], [4131.25, 343.0], [4131.75, 448.0], [4132.0, 5628.0], [4132.25, 22659.0], [4134.5, 350.0], [4134.75, 200.0], [4135.0, 356.0]]}}}
{"jsonrpc": "2.0", "method": "subscription", "params": {"channel": "book.ETH-7NOV25.none.20.100ms", "data": {"timestamp": 1761647210240, "change_id": 93757089409, "instrument_name": "ETH-7NOV25", "bids": [[4125.5, 1149.0], [4125.25, 3991.0], [4125.0, 6742.0], [4124.75, 4161.0], [4124.5, 17629.0], [4124.25, 34702.0], [4121.25, 341.0], [4120.0, 4217.0], [4119.75, 14127.0], [4118.75, 341.0], [4118.5, 435.0], [4118.25, 1458.0], [4118.0, 1993.0], [4117.75, 8010.0], [4117.5, 4470.0], [4117.25, 353.0], [4117.0, 11.0], [4116.75, 5890.0], [4116.5, 18550.0], [4116.25, 351.0]], "asks": [[4125.75, 7449.0], [4126.0, 3602.0], [4126.25, 3037.0], [4126.5, 2462.0], [4127.25, 357.0], [4127.75, 495.0], [4128.0, 1657.0], [4128.25, 1940.0], [4128.5, 6498.0], [4128.75, 4415.0], [4129.0, 14791.0], [4129.25, 150.0], [4130.0, 357.0], [4130.75, 5526.0], [4131.0, 18513.0], [4131.25, 343.0], [4131.75, 448.0], [4132.0, 5628.0], [4132.25, 22659.0], [4134.5, 350.0]]}}}
{"jsonrpc": "2.0", "method": "subscription", "params": {"channel": "book.ETH-7NOV25.none.20.100ms", "data": {"timestamp": 1761647211108, "change_id": 93757090421, "instrument_name": "ETH-7NOV25", "bids": [[4125.5, 1149.0], [4125.25, 3991.0], [4125.0, 6742.0], [4124.75, 4161.0], [4124.5, 17629.0], [4124.25, 34702.0], [4121.25, 341.0], [4120.0, 4217.0], [4119.75, 14127.0], [4118.75, 341.0], [4118.5, 435.0], [4118.25, 1458.0], [4118.0, 1993.0], [4117.75, 8010.0], [4117.5, 4470.0], [4117.25, 353.0], [4117.0, 11.0], [4116.75, 5890.0], [4116.5, 18550.0], [4116.25, 351.0]], "asks": [[4125.75, 6149.0], [4126.0, 3602.0], [4126.25, 3037.0], [4126.5, 2462.0], [4127.25, 357.0], [4127.75, 495.0], [4128.0, 1657.0], [4128.25, 1940.0], [4128.5, 6498.0], [4128.75, 4415.0], [4129.0, 14791.0], [4129.25, 150.0], [4130.0, 357.0], [4130.75, 5526.0], [4131.0, 18513.0], [4131.25, 343.0], [4131.75, 448.0], [4132.0, 5628.0], [4132.25, 22659.0], [4134.5, 350.0]]}}}
{"jsonrpc": "2.0", "method": "subscription", "params": {"channel": "book.ETH-7NOV25.none.20.100ms", "data": {"timestamp": 1761647211586, "change_id": 93757090964, "instrument_name": "ETH-7NOV25", "bids": [[4125.5, 483.0], [4125.25, 1689.0], [4125.0, 6742.0], [4124.75, 4161.0], [4124.5, 17629.0], [4124.25, 34702.0], [4121.25, 341.0], [4120.0, 4217.0], [4119.75, 14127.0], [4118.75, 341.0], [4118.5, 435.0], [4118.25, 1458.0], [4118.0, 1993.0], [4117.75, 8010.0], [4117.5, 4470.0], [4117.25, 353.0], [4117.0, 11.0], [4116.75, 5890.0], [4116.5, 18550.0], [4116.25, 351.0]], "asks": [[4125.75, 6149.0], [4126.0, 3602.0], [4126.25, 3037.0], [4126.5, 2462.0], [4127.25, 357.0], [4127.75, 495.0], [4128.0, 1657.0], [4128.25, 1940.0], [4128.5, 6498.0], [4128.75, 4415.0], [4129.0, 14791.0], [4129.25, 150.0], [4130.0, 357.0], [4130.75, 5526.0], [4131.0, 18513.0], [4131.25, 343.0], [4131.75, 448.0], [4132.0, 5628.0], [4132.25, 22659.0], [4134.5, 350.0]]}}}
{"jsonrpc": "2.0", "method": "subscription", "params": {"channel": "book.ETH-7NOV25.none.20.100ms", "data": {"timestamp": 1761647212159, "change_id": 93757091535, "instrument_name": "ETH-7NOV25", "bids": [[4125.5, 483.0], [4125.25, 1689.0], [4125.0, 6742.0], [4124.75, 4161.0], [4124.5, 16329.0], [4124.25, 34702.0], [4121.25, 341.0], [4120.0, 4217.0], [4119.75, 14127.0], [4118.75, 341.0], [4118.5, 435.0], [4118.25, 1458.0], [4118.0, 1993.0], [4117.75, 8010.0], [4117.5, 4470.0], [4117.25, 353.0], [4117.0, 11.0], [4116.75, 5890.0], [4116.5, 18550.0], [4116.25, 351.0]], "asks": [[4125.75, 7449.0], [4126.0, 4289.0], [4126.25, 3037.0], [4126.5, 2462.0], [4126.75, 388.0], [4127.0, 1300.0], [4127.25, 357.0], [4127.5, 388.0], [4127.75, 1795.0], [4128.0, 1657.0], [4128.25, 1940.0], [4128.5, 6498.0], [4128.75, 4415.0], [4129.0, 14791.0], [4129.25, 150.0], [4130.0, 357.0], [4130.75, 5526.0], [4131.0, 18513.0], [4131.25, 343.0], [4131.75, 448.0]]}}}
{"jsonrpc": "2.0", "method": "subscription", "params": {"channel": "book.ETH-7NOV25.none.20.100ms", "data": {"timestamp": 1761647213113, "change_id": 93757092573, "instrument_name": "ETH-7NOV25", "bids": [[4125.5, 483.0], [4125.25, 5292.0], [4125.0, 6742.0], [4124.75, 4161.0], [4124.5, 16329.0], [4124.25, 34702.0], [4121.25, 341.0], [4120.0, 4217.0], [4119.75, 14127.0], [4118.75, 341.0], [4118.5, 435.0], [4118.25, 1458.0], [4118.0, 1993.0], [4117.75, 8010.0], [4117.5, 4470.0], [4117.25, 353.0], [4117.0, 11.0], [4116.75, 5890.0], [4116.5, 18550.0], [4116.25, 351.0]], "asks": [[4125.75, 7449.0], [4126.0, 4289.0], [4126.25, 3037.0], [4126.5, 2462.0], [4126.75, 388.0], [4127.0, 1300.0], [4127.25, 357.0], [4127.5, 388.0], [4127.75, 1795.0], [4128.0, 1657.0], [4128.25, 1940.0], [4128.5, 6498.0], [4128.75, 4415.0], [4129.0, 14791.0], [4129.25, 150.0], [4130.0, 357.0], [4130.75, 5526.0], [4131.0, 18513.0], [4131.25, 343.0], [4131.75, 448.0]]}}}
{"jsonrpc": "2.0", "method": "subscription", "params": {"channel": "book.ETH-7NOV25.none.20.100ms", "data": {"timestamp": 1761647214108, "change_id": 93757093594, "instrument_name": "ETH-7NOV25", "bids": [[4125.5, 483.0], [4125.25, 4290.0], [4125.0, 4129.0], [4124.75, 7810.0], [4124.5, 16329.0], [4124.25, 34702.0], [4121.25, 341.0], [4120.0, 4217.0], [4119.75, 14127.0], [4118.75, 341.0], [4118.5, 435.0], [4118.25, 1458.0], [4118.0, 1993.0], [4117.75, 8010.0], [4117.5, 4470.0], [4117.25, 353.0], [4117.0, 11.0], [4116.75, 5890.0], [4116.5, 18550.0], [4116.25, 351.0]], "asks": [[4125.75, 6149.0], [4126.0, 4289.0], [4126.25, 3037.0], [4126.5, 2462.0], [4126.75, 388.0], [4127.0, 1300.0], [4127.25, 357.0], [4127.5, 388.0], [4127.75, 1795.0], [4128.0, 1657.0], [4128.25, 1940.0], [4128.5, 6498.0], [4128.75, 4415.0], [4129.0, 14791.0], [4129.25, 150.0], [4130.0, 357.0], [4130.75, 5526.0], [4131.0, 18513.0], [4131.25, 343.0], [4131.75, 448.0]]}}}
{"jsonrpc": "2.0", "method": "subscription", "params": {"channel": "book.ETH-7NOV25.none.20.100ms", "data": {"timestamp": 1761647214395, "change_id": 93757093659, "instrument_name": "ETH-7NOV25", "bids": [[4125.5, 483.0], [4125.25, 5292.0], [4125.0, 6742.0], [4124.75, 4161.0], [4124.5, 16329.0], [4124.25, 34702.0], [4121.25, 341.0], [4120.0, 4217.0], [4119.75, 14127.0], [4118.75, 341.0], [4118.5, 435.0], [4118.25, 1458.0], [4118.0, 1993.0], [4117.75, 8010.0], [4117.5, 4470.0], [4117.25, 353.0], [4117.0, 11.0], [4116.75, 5890.0], [4116.5, 18550.0], [4116.25, 351.0]], "asks": [[4125.75, 6149.0], [4126.0, 4289.0], [4126.25, 3037.0], [4126.5, 2462.0], [4126.75, 388.0], [4127.0, 1300.0], [4127.25, 357.0], [4127.5, 388.0], [4127.75, 1795.0], [4128.0, 1657.0], [4128.25, 1940.0], [4128.5, 6498.0], [4128.75, 4415.0], [4129.0, 14791.0], [4129.25, 150.0], [4130.0, 357.0], [4130.75, 5526.0], [4131.0, 18513.0], [4131.25, 343.0], [4131.75, 448.0]]}}}
{"jsonrpc": "2.0", "method": "subscription", "params": {"channel": "book.ETH-7NOV25.none.20.100ms", "data": {"timestamp": 1761647215506, "change_id": 93757095074, "instrument_name": "ETH-7NOV25", "bids": [[4125.5, 1149.0], [4125.25, 5292.0], [4125.0, 6742.0], [4124.75, 4161.0], [4124.5, 16329.0], [4124.25, 34702.0], [4121.25, 341.0], [4120.0, 4217.0], [4119.75, 14127.0], [4118.75, 341.0], [4118.5, 435.0], [4118.25, 1458.0], [4118.0, 1993.0], [4117.75, 8010.0], [4117.5, 4470.0], [4117.25, 353.0], [4117.0, 11.0], [4116.75, 5890.0], [4116.5, 18550.0], [4116.25, 351.0]], "asks": [[4125.75, 3649.0], [4126.0, 6789.0], [4126.25, 3037.0], [4126.5, 2462.0], [4126.75, 388.0], [4127.0, 1300.0], [4127.25, 357.0], [4127.5, 388.0], [4127.75, 1795.0], [4128.0, 1657.0], [4128.25, 1940.0], [4128.5, 6498.0], [4128.75, 4415.0], [4129.0, 14791.0], [4129.25, 150.0], [4130.0, 357.0], [4130.75, 5526.0], [4131.0, 18513.0], [4131.25, 343.0], [4131.75, 448.0]]}}}
{"jsonrpc": "2.0", "method": "subscription", "params": {"channel": "book.ETH-7NOV25.none.20.100ms", "data": {"timestamp": 1761647216175, "change_id": 93757095743, "instrument_name": "ETH-7NOV25", "bids": [[4125.5, 1149.0], [4125.25, 5292.0], [4125.0, 6742.0], [4124.75, 4161.0], [4124.5, 3948.0], [4124.25, 1502.0], [4121.25, 341.0], [4120.0, 4217.0], [4119.75, 14127.0], [4118.75, 341.0], [4118.5, 435.0], [4118.25, 1458.0], [4118.0, 1993.0], [4117.75, 8010.0], [4117.5, 4470.0], [4117.25, 353.0], [4117.0, 11.0], [4116.75, 5890.0], [4116.5, 18550.0], [4116.25, 351.0]], "asks": [[4125.75, 7449.0], [4126.0, 4289.0], [4126.25, 3037.0], [4126.5, 2462.0], [4126.75, 388.0], [4127.0, 1300.0], [4127.25, 357.0], [4127.5, 388.0], [4127.75, 1795.0], [4128.0, 1657.0], [4128.25, 1940.0], [4128.5, 6498.0], [4128.75, 4415.0], [4129.0, 14791.0], [4129.25, 150.0], [4130.0, 357.0], [4130.75, 5526.0], [4131.0, 18513.0], [4131.25, 343.0], [4131.75, 448.0]]}}}
{"jsonrpc": "2.0", "method": "subscription", "params": {"channel": "book.ETH-7NOV25.none.20.100ms", "data": {"timestamp": 1761647216228, "change_id": 93757095750, "instrument_name": "ETH-7NOV25", "bids": [[4125.5, 483.0], [4125.25, 2989.0], [4125.0, 6742.0], [4124.75, 4161.0], [4124.5, 3948.0], [4124.25, 1502.0], [4121.25, 341.0], [4120.0, 4217.0], [4119.75, 14127.0], [4118.75, 341.0], [4118.5, 435.0], [4118.25, 1458.0], [4118.0, 1993.0], [4117.75, 8010.0], [4117.5, 4470.0], [4117.25, 353.0], [4117.0, 11.0], [4116.75, 5890.0], [4116.5, 18550.0], [4116.25, 351.0]], "asks": [[4125.75, 7449.0], [4126.0, 4289.0], [4126.25, 3037.0], [4126.5, 2462.0], [4126.75, 388.0], [4127.0, 1300.0], [4127.25, 357.0], [4127.5, 388.0], [4127.75, 1795.0], [4128.0, 1657.0], [4128.25, 1940.0], [4128.5, 6498.0], [4128.75, 4415.0], [4129.0, 14791.0], [4129.25, 150.0], [4130.0, 357.0], [4130.75, 5526.0], [4131.0, 18513.0], [4131.25, 343.0], [4131.75, 448.0]]}}}
{"jsonrpc": "2.0", "method": "subscription", "params": {"channel": "book.ETH-7NOV25.none.20.100ms", "data": {"timestamp": 1761647216532, "change_id": 93757096178, "instrument_name": "ETH-7NOV25", "bids": [[4125.5, 483.0], [4125.25, 5293.0], [4125.0, 6742.0], [4124.75, 13593.0], [4124.5, 37151.0], [4124.25, 1502.0], [4121.25, 341.0], [4120.0, 4217.0], [4119.75, 14127.0], [4118.75, 341.0], [4118.5, 435.0], [4118.25, 1458.0], [4118.0, 1993.0], [4117.75, 8010.0], [4117.5, 4470.0], [4117.25, 353.0], [4117.0, 11.0], [4116.75, 5890.0], [4116.5, 18550.0], [4116.25, 351.0]], "asks": [[4125.75, 7449.0], [4126.0, 4289.0], [4126.25, 3037.0], [4126.5, 2462.0], [4126.75, 388.0], [4127.0, 1300.0], [4127.25, 357.0], [4127.5, 388.0], [4127.75, 1795.0], [4128.0, 1657.0], [4128.25, 1940.0], [4128.5, 6498.0], [4128.75, 4415.0], [4129.0, 14791.0], [4129.25, 150.0], [4130.0, 357.0], [4130.75, 5526.0], [4131.0, 18513.0], [4131.25, 343.0], [4131.75, 448.0]]}}}
{"jsonrpc": "2.0", "method": "subscription", "params": {"channel": "book.ETH-7NOV25.none.20.100ms", "data": {"timestamp": 1761647217289, "change_id": 93757096760, "instrument_name": "ETH-7NOV25", "bids": [[4125.5, 483.0], [4125.25, 2989.0], [4125.0, 6742.0], [4124.75, 13593.0], [4124.5, 37151.0], [4124.25, 1502.0], [4121.25, 341.0], [4120.0, 4217.0], [4119.75, 14127.0], [4118.75, 341.0], [4118.5, 435.0], [4118.25, 1458.0], [4118.0, 1993.0], [4117.75, 8010.0], [4117.5, 4470.0], [4117.25, 353.0], [4117.0, 11.0], [4116.75, 5890.0], [4116.5, 18550.0], [4116.25, 351.0]], "asks": [[4125.75, 7449.0], [4126.0, 4289.0], [4126.25, 3037.0], [4126.5, 2462.0], [4126.75, 388.0], [4127.0, 1300.0], [4127.25, 357.0], [4127.5, 388.0], [4127.75, 1795.0], [4128.0, 1657.0], [4128.25, 1940.0], [4128.5, 6498.0], [4128.75, 4415.0], [4129.0, 14791.0], [4129.25, 150.0], [4130.0, 357.0], [4130.75, 5526.0], [4131.0, 18513.0], [4131.25, 343.0], [4131.75, 448.0]]}}}
{"jsonrpc": "2.0", "method": "subscription", "params": {"channel": "book.ETH-7NOV25.none.20.100ms", "data": {"timestamp": 1761647217833, "change_id": 93757097692, "instrument_name": "ETH-7NOV25", "bids": [[4125.5, 483.0], [4125.25, 4292.0], [4125.0, 4129.0], [4124.75, 17242.0], [4124.5, 37151.0], [4124.25, 1502.0], [4121.25, 341.0], [4120.0, 4217.0], [4119.75, 14127.0], [4118.75, 341.0], [4118.5, 435.0], [4118.25, 1458.0], [4118.0, 1993.0], [4117.75, 8010.0], [4117.5, 4470.0], [4117.25, 353.0], [4117.0, 11.0], [4116.75, 5890.0], [4116.5, 18550.0], [4116.25, 351.0]], "asks": [[4125.75, 7449.0], [4126.0, 4289.0], [4126.25, 3037.0], [4126.5, 2462.0], [4126.75, 388.0], [4127.0, 1300.0], [4127.25, 357.0], [4127.5, 388.0], [4127.75, 1795.0], [4128.0, 1657.0], [4128.25, 1940.0], [4128.5, 6498.0], [4128.75, 4415.0], [4129.0, 14791.0], [4129.25, 150.0], [4130.0, 357.0], [4130.75, 5526.0], [4131.0, 18513.0], [4131.25, 343.0], [4131.75, 448.0]]}}}
{"jsonrpc": "2.0", "method": "subscription", "params": {"channel": "book.ETH-7NOV25.none.20.100ms", "data": {"timestamp": 1761647218792, "change_id": 93757098545, "instrument_name": "ETH-7NOV25", "bids": [[4125.5, 1149.0], [4125.25, 4292.0], [4125.0, 4129.0], [4124.75, 17242.0], [4124.5, 37151.0], [4124.25, 1502.0], [4121.25, 341.0], [4120.0, 4217.0], [4119.75, 14127.0], [4118.75, 341.0], [4118.5, 435.0], [4118.25, 3345.0], [4118.0, 6323.0], [4117.75, 1687.0], [4117.5, 4470.0], [4117.25, 353.0], [4117.0, 11.0], [4116.75, 5890.0], [4116.5, 18550.0], [4116.25, 351.0]], "asks": [[4125.75, 7449.0], [4126.0, 4289.0], [4126.25, 3037.0], [4126.5, 2462.0], [4126.75, 388.0], [4127.0, 1300.0], [4127.25, 357.0], [4127.5, 388.0], [4127.75, 1795.0], [4128.0, 1657.0], [4128.25, 1940.0], [4128.5, 6498.0], [4128.75, 4415.0], [4129.0, 14791.0], [4129.25, 150.0], [4130.0, 357.0], [4130.75, 5526.0], [4131.0, 18513.0], [4131.25, 343.0], [4131.75, 448.0]]}}}
{"jsonrpc": "2.0", "method": "subscription", "params": {"channel": "book.ETH-7NOV25.none.20.100ms", "data": {"timestamp": 1761647219482, "change_id": 93757099160, "instrument_name": "ETH-7NOV25", "bids": [[4125.5, 483.0], [4125.25, 4292.0], [4125.0, 4129.0], [4124.75, 17242.0], [4124.5, 37151.0], [4124.25, 1502.0], [4121.25, 341.0], [4120.0, 4217.0], [4119.75, 14127.0], [4118.75, 341.0], [4118.5, 435.0], [4118.25, 3345.0], [4118.0, 6323.0], [4117.75, 1687.0], [4117.5, 4470.0], [4117.25, 353.0], [4117.0, 11.0], [4116.75, 5890.0], [4116.5, 18550.0], [4116.25, 351.0]], "asks": [[4125.75, 7449.0], [4126.0, 4289.0], [4126.25, 3037.0], [4126.5, 2462.0], [4126.75, 388.0], [4127.0, 1300.0], [4127.25, 357.0], [4127.5, 388.0], [4127.75, 1795.0], [4128.0, 1657.0], [4128.25, 1940.0], [4128.5, 6498.0], [4128.75, 4415.0], [4129.0, 14791.0], [4129.25, 150.0], [4130.0, 357.0], [4130.75, 5526.0], [4131.0, 18513.0], [4131.25, 343.0], [4131.75, 448.0]]}}}
{"jsonrpc": "2.0", "method": "subscription", "params": {"channel": "book.ETH-7NOV25.none.20.100ms", "data": {"timestamp": 1761647219735, "change_id": 93757099498, "instrument_name": "ETH-7NOV25", "bids": [[4125.5, 1149.0], [4125.25, 4292.0], [4125.0, 4129.0], [4124.75, 17242.0], [4124.5, 37151.0], [4124.25, 1502.0], [4121.25, 341.0], [4120.0, 4217.0], [4119.75, 14127.0], [4118.75, 341.0], [4118.5, 435.0], [4118.25, 3345.0], [4118.0, 6323.0], [4117.75, 1687.0], [4117.5, 4470.0], [4117.25, 353.0], [4117.0, 11.0], [4116.75, 5890.0], [4116.5, 18550.0], [4116.25, 351.0]], "asks": [[4125.75, 7449.0], [4126.0, 4289.0], [4126.25, 3037.0], [4126.5, 2462.0], [4126.75, 388.0], [4127.0, 1300.0], [4127.25, 357.0], [4127.5, 388.0], [4127.75, 1795.0], [4128.0, 1657.0], [4128.25, 1940.0], [4128.5, 6498.0], [4128.75, 4415.0], [4129.0, 14791.0], [4129.25, 150.0], [4130.0, 357.0], [4130.75, 5526.0], [4131.0, 18513.0], [4131.25, 343.0], [4131.75, 448.0]]}}}
{"jsonrpc": "2.0", "method": "subscription", "params": {"channel": "book.ETH-7NOV25.none.20.100ms", "data": {"timestamp": 1761647220131, "change_id": 93757099898, "instrument_name": "ETH-7NOV25", "bids": [[4125.5, 483.0], [4125.25, 4293.0], [4125.0, 4129.0], [4124.75, 17242.0], [4124.5, 34651.0], [4124.25, 4002.0], [4121.25, 341.0], [4120.0, 4217.0], [4119.75, 14127.0], [4118.75, 341.0], [4118.5, 435.0], [4118.25, 3345.0], [4118.0, 6323.0], [4117.75, 1687.0], [4117.5, 4470.0], [4117.25, 353.0], [4117.0, 11.0], [4116.75, 5890.0], [4116.5, 18550.0], [4116.25, 351.0]], "asks": [[4125.75, 7449.0], [4126.0, 4289.0], [4126.25, 3037.0], [4126.5, 2462.0], [4126.75, 388.0], [4127.0, 1300.0], [4127.25, 357.0], [4127.5, 388.0], [4127.75, 1795.0], [4128.0, 1657.0], [4128.25, 1940.0], [4128.5, 6498.0], [4128.75, 4415.0], [4129.0, 14791.0], [4129.25, 150.0], [4130.0, 357.0], [4130.75, 5526.0], [4131.0, 18513.0], [4131.25, 343.0], [4131.75, 448.0]]}}}
{"jsonrpc": "2.0", "method": "subscription", "params": {"channel": "book.ETH-7NOV25.none.20.100ms", "data": {"timestamp": 1761647220376, "change_id": 93757099976, "instrument_name": "ETH-7NOV25", "bids": [[4125.5, 483.0], [4125.25, 4293.0], [4125.0, 4129.0], [4124.75, 17242.0], [4124.5, 37151.0], [4124.25, 1502.0], [4121.25, 341.0], [4120.0, 4217.0], [4119.75, 14127.0], [4118.75, 341.0], [4118.5, 435.0], [4118.25, 3345.0], [4118.0, 6323.0], [4117.75, 1687.0], [4117.5, 4470.0], [4117.25, 353.0], [4117.0, 11.0], [4116.75, 5890.0], [4116.5, 18550.0], [4116.25, 351.0]], "asks": [[4125.75, 7449.0], [4126.0, 4289.0], [4126.25, 3037.0], [4126.5, 2462.0], [4126.75, 388.0], [4127.0, 1300.0], [4127.25, 357.0], [4127.5, 388.0], [4127.75, 1795.0], [4128.0, 1657.0], [4128.25, 1940.0], [4128.5, 6498.0], [4128.75, 4415.0], [4129.0, 14791.0], [4129.25, 150.0], [4130.0, 357.0], [4130.75, 5526.0], [4131.0, 18513.0], [4131.25, 343.0], [4131.75, 448.0]]}}}
{"jsonrpc": "2.0", "method": "subscription", "params": {"channel": "book.ETH-7NOV25.none.20.100ms", "data": {"timestamp": 1761647221046, "change_id": 93757100952, "instrument_name": "ETH-7NOV25", "bids": [[4125.5, 483.0], [4125.25, 4593.0], [4125.0, 5429.0], [4124.75, 17242.0], [4124.5, 37151.0], [4124.25, 1502.0], [4121.25, 341.0], [4120.0, 4217.0], [4119.75, 14127.0], [4118.75, 341.0], [4118.5, 435.0], [4118.25, 3345.0], [4118.0, 6323.0], [4117.75, 1687.0], [4117.5, 4470.0], [4117.25, 353.0], [4117.0, 11.0], [4116.75, 5890.0], [4116.5, 18550.0], [4116.25, 351.0]], "asks": [[4125.75, 6149.0], [4126.0, 4289.0], [4126.25, 3037.0], [4126.5, 2462.0], [4126.75, 388.0], [4127.0, 1300.0], [4127.25, 357.0], [4127.5, 388.0], [4127.75, 1795.0], [4128.0, 1657.0], [4128.25, 1940.0], [4128.5, 6498.0], [4128.75, 4415.0], [4129.0, 14791.0], [4129.25, 150.0], [4130.0, 357.0], [4130.75, 5526.0], [4131.0, 18513.0], [4131.25, 343.0], [4131.75, 448.0]]}}}
{"jsonrpc": "2.0", "method": "subscription", "params": {"channel": "book.ETH-7NOV25.none.20.100ms", "data": {"timestamp": 1761647221755, "change_id": 93757102041, "instrument_name": "ETH-7NOV25", "bids": [[4126.0, 666.0], [4125.75, 689.0], [4125.5, 3322.0], [4125.25, 4942.0], [4125.0, 4949.0], [4124.75, 10943.0], [4124.5, 37151.0], [4124.25, 1502.0], [4121.25, 341.0], [4120.0, 4217.0], [4119.75, 14127.0], [4118.75, 341.0], [4118.5, 435.0], [4118.25, 3345.0], [4118.0, 6323.0], [4117.75, 1687.0], [4117.5, 4470.0], [4117.25, 353.0], [4117.0, 11.0], [4116.75, 5890.0]], "asks": [[4126.25, 7449.0], [4126.5, 4456.0], [4126.75, 3334.0], [4127.0, 3607.0], [4127.25, 357.0], [4127.5, 388.0], [4127.75, 1795.0], [4128.0, 1657.0], [4128.25, 1940.0], [4128.5, 6498.0], [4129.0, 346.0], [4129.25, 150.0], [4130.0, 357.0], [4130.75, 5526.0], [4131.0, 18513.0], [4131.25, 343.0], [4131.75, 448.0], [4132.0, 10278.0], [4132.25, 36843.0], [4134.5, 350.0]]}}}
{"jsonrpc": "2.0", "method": "subscription", "params": {"channel": "book.ETH-7NOV25.none.20.100ms", "data": {"timestamp": 1761647222085, "change_id": 93757102354, "instrument_name": "ETH-7NOV25", "bids": [[4125.75, 1040.0], [4125.5, 1015.0], [4125.25, 5690.0], [4125.0, 8400.0], [4124.75, 13443.0], [4124.5, 34651.0], [4124.25, 1502.0], [4121.25, 341.0], [4120.0, 4217.0], [4119.75, 14127.0], [4118.75, 341.0], [4118.5, 435.0], [4118.25, 3345.0], [4118.0, 6323.0], [4117.75, 1687.0], [4117.5, 4470.0], [4117.25, 353.0], [4117.0, 11.0], [4116.75, 5890.0], [4116.5, 18550.0]], "asks": [[4126.0, 7449.0], [4126.25, 4732.0], [4126.5, 4456.0], [4126.75, 2695.0], [4127.0, 1300.0], [4127.25, 357.0], [4127.5, 388.0], [4127.75, 1795.0], [4128.0, 1657.0], [4128.25, 1940.0], [4128.5, 6498.0], [4129.0, 346.0], [4129.25, 150.0], [4129.5, 4449.0], [4129.75, 13760.0], [4130.0, 357.0], [4130.75, 5526.0], [4131.0, 18513.0], [4131.25, 343.0], [4131.75, 448.0]]}}}
{"jsonrpc": "2.0", "method": "subscription", "params": {"channel": "book.ETH-7NOV25.none.20.100ms", "data": {"timestamp": 1761647222338, "change_id": 93757102429, "instrument_name": "ETH-7NOV25", "bids": [[4125.75, 374.0], [4125.5, 1015.0], [4125.25, 5690.0], [4125.0, 8400.0], [4124.75, 13443.0], [4124.5, 34651.0], [4124.25, 1502.0], [4121.25, 341.0], [4120.0, 4217.0], [4119.75, 14127.0], [4118.75, 341.0], [4118.5, 435.0], [4118.25, 3345.0], [4118.0, 6323.0], [4117.75, 1687.0], [4117.5, 4470.0], [4117.25, 353.0], [4117.0, 11.0], [4116.75, 5890.0], [4116.5, 18550.0]], "asks": [[4126.0, 7449.0], [4126.25, 4732.0], [4126.5, 4456.0], [4126.75, 2695.0], [4127.0, 1300.0], [4127.25, 357.0], [4127.5, 388.0], [4127.75, 1795.0], [4128.0, 1657.0], [4128.25, 1940.0], [4128.5, 6498.0], [4129.0, 346.0], [4129.25, 150.0], [4129.5, 4449.0], [4129.75, 13760.0], [4130.0, 357.0], [4130.75, 5526.0], [4131.0, 18513.0], [4131.25, 343.0], [4131.75, 448.0]]}}}
{"jsonrpc": "2.0", "method": "subscription", "params": {"channel": "book.ETH-7NOV25.none.20.100ms", "data": {"timestamp": 1761647223438, "change_id": 93757103749, "instrument_name": "ETH-7NOV25", "bids": [[4125.25, 1103.0], [4125.0, 3989.0], [4124.75, 16900.0], [4124.5, 37997.0], [4124.25, 4002.0], [4121.25, 341.0], [4120.0, 4217.0], [4119.75, 14127.0], [4118.75, 341.0], [4118.5, 435.0], [4118.25, 3345.0], [4118.0, 6323.0], [4117.75, 1687.0], [4117.5, 4470.0], [4117.25, 353.0], [4117.0, 11.0], [4116.75, 5890.0], [4116.5, 18550.0], [4116.25, 351.0], [4115.75, 398.0]], "asks": [[4125.5, 4949.0], [4125.75, 7157.0], [4126.0, 4685.0], [4126.25, 4732.0], [4126.5, 3767.0], [4126.75, 388.0], [4127.0, 1300.0], [4127.25, 357.0], [4127.5, 388.0], [4127.75, 1300.0], [4128.0, 357.0], [4128.25, 1940.0], [4128.5, 6498.0], [4129.0, 346.0], [4129.25, 150.0], [4129.5, 4449.0], [4129.75, 13760.0], [4130.0, 357.0], [4130.75, 5526.0], [4131.0, 18513.0]]}}}
{"jsonrpc": "2.0", "method": "subscription", "params": {"channel": "book.ETH-7NOV25.none.20.100ms", "data": {"timestamp": 1761647223665, "change_id": 93757104236, "instrument_name": "ETH-7NOV25", "bids": [[4125.25, 1103.0], [4125.0, 3989.0], [4124.75, 16900.0], [4124.5, 37997.0], [4124.25, 4002.0], [4121.25, 341.0], [4120.0, 4217.0], [4119.75, 14127.0], [4118.75, 341.0], [4118.5, 435.0], [4118.25, 3345.0], [4118.0, 6323.0], [4117.75, 1687.0], [4117.5, 4470.0], [4117.25, 353.0], [4117.0, 11.0], [4116.75, 5890.0], [4116.5, 18550.0], [4116.25, 351.0], [4115.75, 398.0]], "asks": [[4125.5, 4949.0], [4125.75, 7157.0], [4126.0, 4845.0], [4126.25, 4044.0], [4126.5, 1300.0], [4126.75, 388.0], [4127.0, 1300.0], [4127.25, 357.0], [4127.5, 388.0], [4127.75, 1300.0], [4128.0, 357.0], [4128.25, 1940.0], [4128.5, 6498.0], [4129.0, 346.0], [4129.25, 150.0], [4129.5, 4449.0], [4129.75, 13760.0], [4130.0, 357.0], [4130.75, 5526.0], [4131.0, 18513.0]]}}}
{"jsonrpc": "2.0", "method": "subscription", "params": {"channel": "book.ETH-7NOV25.none.20.100ms", "data": {"timestamp": 1761647224052, "change_id": 93757104702, "instrument_name": "ETH-7NOV25", "bids": [[4125.25, 1103.0], [4125.0, 3989.0], [4124.75, 16900.0], [4124.5, 37997.0], [4124.25, 4002.0], [4121.25, 341.0], [4120.0, 4217.0], [4119.75, 14127.0], [4118.75, 341.0], [4118.5, 435.0], [4118.25, 3345.0], [4118.0, 6323.0], [4117.75, 1687.0], [4117.5, 4470.0], [4117.25, 353.0], [4117.0, 11.0], [4116.75, 5890.0], [4116.5, 18550.0], [4116.25, 351.0], [4115.75, 398.0]], "asks": [[4125.5, 7449.0], [4125.75, 4657.0], [4126.0, 4457.0], [4126.25, 2744.0], [4126.5, 1300.0], [4126.75, 388.0], [4127.0, 1300.0], [4127.25, 357.0], [4127.5, 388.0], [4127.75, 1300.0], [4128.0, 357.0], [4128.25, 1940.0], [4128.5, 6498.0], [4129.0, 346.0], [4129.25, 150.0], [4129.5, 4449.0], [4129.75, 13760.0], [4130.0, 357.0], [4130.75, 5526.0], [4131.0, 18513.0]]}}}
{"jsonrpc": "2.0", "method": "subscription", "params": {"channel": "book.ETH-7NOV25.none.20.100ms", "data": {"timestamp": 1761647224552, "change_id": 93757105181, "instrument_name": "ETH-7NOV25", "bids": [[4125.25, 1103.0], [4125.0, 3989.0], [4124.75, 16740.0], [4124.5, 37997.0], [4124.25, 4002.0], [4124.0, 160.0], [4121.25, 341.0], [4120.0, 4217.0], [4119.75, 14127.0], [4118.75, 341.0], [4118.5, 435.0], [4118.25, 3345.0], [4118.0, 6323.0], [4117.75, 1687.0], [4117.5, 4470.0], [4117.25, 353.0], [4117.0, 11.0], [4116.75, 5890.0], [4116.5, 18550.0], [4116.25, 351.0]], "asks": [[4125.5, 7449.0], [4125.75, 4657.0], [4126.0, 4457.0], [4126.25, 2744.0], [4126.5, 1300.0], [4126.75, 388.0], [4127.0, 1300.0], [4127.25, 357.0], [4127.5, 388.0], [4127.75, 1300.0], [4128.0, 357.0], [4128.25, 1940.0], [4128.5, 6498.0], [4129.0, 346.0], [4129.25, 150.0], [4129.5, 4449.0], [4129.75, 13760.0], [4130.0, 357.0], [4130.75, 5526.0], [4131.0, 18513.0]]}}}
{"jsonrpc": "2.0", "method": "subscription", "params": {"channel": "book.ETH-7NOV25.none.20.100ms", "data": {"timestamp": 1761647225084, "change_id": 93757106324, "instrument_name": "ETH-7NOV25", "bids": [[4125.0, 975.0], [4124.75, 12130.0], [4124.5, 41345.0], [4124.25, 4732.0], [4124.0, 2660.0], [4121.25, 341.0], [4119.75, 14127.0], [4118.75, 341.0], [4118.5, 435.0], [4118.25, 3345.0], [4118.0, 6323.0], [4117.75, 1687.0], [4117.5, 4470.0], [4117.25, 353.0], [4117.0, 11.0], [4116.75, 5890.0], [4116.5, 18550.0], [4116.25, 351.0], [4115.75, 398.0], [4115.25, 348.0]], "asks": [[4125.25, 4949.0], [4125.5, 6109.0], [4125.75, 4733.0], [4126.0, 3768.0], [4126.25, 436.0], [4126.5, 1300.0], [4126.75, 730.0], [4127.0, 1300.0], [4127.25, 357.0], [4128.0, 357.0], [4128.25, 1940.0], [4128.5, 6498.0], [4129.0, 346.0], [4129.25, 150.0], [4129.5, 342.0], [4130.0, 357.0], [4130.75, 5526.0], [4131.0, 32627.0], [4131.25, 343.0], [4131.75, 448.0]]}}}
{"jsonrpc": "2.0", "method": "subscription", "params": {"channel": "book.ETH-7NOV25.none.20.100ms", "data": {"timestamp": 1761647225367, "change_id": 93757106495, "instrument_name": "ETH-7NOV25", "bids": [[4125.0, 666.0], [4124.75, 15779.0], [4124.5, 38348.0], [4124.25, 6661.0], [4124.0, 160.0], [4121.25, 341.0], [4119.75, 14127.0], [4118.75, 341.0], [4118.5, 435.0], [4118.25, 3345.0], [4118.0, 6323.0], [4117.75, 1687.0], [4117.5, 4470.0], [4117.25, 353.0], [4117.0, 11.0], [4116.75, 5890.0], [4116.5, 18550.0], [4116.25, 351.0], [4115.75, 398.0], [4115.25, 348.0]], "asks": [[4125.25, 1300.0], [4125.5, 9758.0], [4125.75, 4733.0], [4126.0, 3768.0], [4126.25, 436.0], [4126.5, 1300.0], [4126.75, 730.0], [4127.0, 1300.0], [4127.25, 357.0], [4128.0, 357.0], [4128.25, 1940.0], [4128.5, 6498.0], [4129.0, 346.0], [4129.25, 150.0], [4129.5, 342.0], [4130.0, 357.0], [4130.75, 5526.0], [4131.0, 32627.0], [4131.25, 343.0], [4131.75, 448.0]]}}}
{"jsonrpc": "2.0", "method": "subscription", "params": {"channel": "book.ETH-7NOV25.none.20.100ms", "data": {"timestamp": 1761647225461, "change_id": 93757106712, "instrument_name": "ETH-7NOV25", "bids": [[4125.0, 666.0], [4124.75, 15779.0], [4124.5, 38348.0], [4124.25, 6661.0], [4124.0, 160.0], [4121.25, 341.0], [4119.75, 14127.0], [4118.75, 341.0], [4118.5, 435.0], [4118.25, 3345.0], [4118.0, 6323.0], [4117.75, 1687.0], [4117.5, 4470.0], [4117.25, 353.0], [4117.0, 11.0], [4116.75, 5890.0], [4116.5, 18550.0], [4116.25, 351.0], [4115.75, 398.0], [4115.25, 348.0]], "asks": [[4125.25, 1300.0], [4125.5, 9758.0], [4125.75, 4733.0], [4126.0, 3768.0], [4126.25, 436.0], [4126.5, 1300.0], [4126.75, 730.0], [4127.0, 1300.0], [4128.0, 357.0], [4128.25, 1940.0], [4128.5, 6498.0], [4129.0, 346.0], [4129.25, 150.0], [4129.5, 342.0], [4130.0, 357.0], [4130.75, 5526.0], [4131.0, 32627.0], [4131.25, 343.0], [4131.75, 448.0], [4132.0, 5628.0]]}}}
{"jsonrpc": "2.0", "method": "subscription", "params": {"channel": "book.ETH-7NOV25.none.20.100ms", "data": {"timestamp": 1761647226054, "change_id": 93757107683, "instrument_name": "ETH-7NOV25", "bids": [[4125.0, 929.0], [4124.75, 12130.0], [4124.5, 41345.0], [4124.25, 4161.0], [4124.0, 906.0], [4123.75, 2500.0], [4121.25, 341.0], [4119.75, 14127.0], [4118.75, 341.0], [4118.5, 435.0], [4118.25, 3345.0], [4118.0, 6323.0], [4117.75, 1687.0], [4117.5, 4470.0], [4117.25, 353.0], [4117.0, 11.0], [4116.75, 5890.0], [4116.5, 18550.0], [4116.25, 351.0], [4115.75, 398.0]], "asks": [[4125.25, 4949.0], [4125.5, 7186.0], [4125.75, 4733.0], [4126.0, 3768.0], [4126.25, 436.0], [4126.5, 1300.0], [4126.75, 342.0], [4128.0, 357.0], [4128.25, 1940.0], [4128.5, 6498.0], [4129.0, 346.0], [4129.25, 150.0], [4129.5, 342.0], [4130.0, 357.0], [4130.75, 5526.0], [4131.0, 32627.0], [4131.25, 343.0], [4131.75, 448.0], [4132.0, 5628.0], [4132.25, 22659.0]]}}}
{"jsonrpc": "2.0", "method": "subscription", "params": {"channel": "book.ETH-7NOV25.none.20.100ms", "data": {"timestamp": 1761647226347, "change_id": 93757107862, "instrument_name": "ETH-7NOV25", "bids": [[4125.0, 929.0], [4124.75, 12130.0], [4124.5, 41345.0], [4124.25, 4955.0], [4124.0, 2660.0], [4121.25, 341.0], [4119.75, 14127.0], [4118.75, 341.0], [4118.5, 435.0], [4118.25, 3345.0], [4118.0, 6323.0], [4117.75, 1687.0], [4117.5, 4470.0], [4117.25, 353.0], [4117.0, 11.0], [4116.75, 5890.0], [4116.5, 18550.0], [4116.25, 351.0], [4115.75, 398.0], [4115.25, 348.0]], "asks": [[4125.25, 4949.0], [4125.5, 7186.0], [4125.75, 4733.0], [4126.0, 3768.0], [4126.25, 436.0], [4126.5, 1300.0], [4126.75, 342.0], [4128.0, 357.0], [4128.25, 1940.0], [4128.5, 6498.0], [4129.0, 346.0], [4129.25, 150.0], [4129.5, 342.0], [4130.0, 357.0], [4130.75, 5526.0], [4131.0, 32627.0], [4131.25, 343.0], [4131.75, 448.0], [4132.0, 5628.0], [4132.25, 22659.0]]}}}
{"jsonrpc": "2.0", "method": "subscription", "params": {"channel": "book.ETH-7NOV25.none.20.100ms", "data": {"timestamp": 1761647226466, "change_id": 93757108093, "instrument_name": "ETH-7NOV25", "bids": [[4125.0, 929.0], [4124.75, 12130.0], [4124.5, 41997.0], [4124.25, 6661.0], [4124.0, 160.0], [4121.25, 341.0], [4119.75, 14127.0], [4118.75, 341.0], [4118.5, 435.0], [4118.25, 3345.0], [4118.0, 6323.0], [4117.75, 1687.0], [4117.5, 4470.0], [4117.25, 353.0], [4117.0, 11.0], [4116.75, 5890.0], [4116.5, 18550.0], [4116.25, 351.0], [4115.75, 398.0], [4115.25, 348.0]], "asks": [[4125.25, 4949.0], [4125.5, 7186.0], [4125.75, 4733.0], [4126.0, 3768.0], [4126.25, 436.0], [4126.5, 1300.0], [4126.75, 342.0], [4128.0, 357.0], [4128.25, 1940.0], [4128.5, 6498.0], [4129.0, 346.0], [4129.25, 150.0], [4129.5, 342.0], [4130.0, 357.0], [4130.75, 5526.0], [4131.0, 32627.0], [4131.25, 343.0], [4131.75, 448.0], [4132.0, 5628.0], [4132.25, 22659.0]]}}}
{"jsonrpc": "2.0", "method": "subscription", "params": {"channel": "book.ETH-7NOV25.none.20.100ms", "data": {"timestamp": 1761647227073, "change_id": 93757108924, "instrument_name": "ETH-7NOV25", "bids": [[4125.0, 929.0], [4124.75, 12130.0], [4124.5, 41345.0], [4124.25, 4955.0], [4124.0, 2660.0], [4121.25, 341.0], [4120.0, 4217.0], [4119.75, 14127.0], [4118.75, 341.0], [4118.5, 435.0], [4118.25, 3345.0], [4118.0, 6323.0], [4117.75, 1687.0], [4117.5, 4470.0], [4117.25, 353.0], [4117.0, 11.0], [4116.75, 5890.0], [4116.5, 18550.0], [4116.25, 351.0], [4115.75, 398.0]], "asks": [[4125.25, 7449.0], [4125.5, 4686.0], [4125.75, 4733.0], [4126.0, 3768.0], [4126.25, 436.0], [4126.5, 1300.0], [4126.75, 342.0], [4128.0, 357.0], [4128.25, 1940.0], [4128.5, 6498.0], [4129.0, 346.0], [4129.25, 150.0], [4129.5, 342.0], [4130.0, 357.0], [4130.75, 9033.0], [4131.0, 32627.0], [4131.25, 343.0], [4131.75, 448.0], [4132.0, 5628.0], [4132.25, 22659.0]]}}}
{"jsonrpc": "2.0", "method": "subscription", "params": {"channel": "book.ETH-7NOV25.none.20.100ms", "data": {"timestamp": 1761647227798, "change_id": 93757109694, "instrument_name": "ETH-7NOV25", "bids": [[4125.0, 929.0], [4124.75, 12130.0], [4124.5, 41345.0], [4124.25, 4955.0], [4124.0, 2660.0], [4121.25, 341.0], [4120.0, 4217.0], [4119.75, 14127.0], [4118.75, 341.0], [4118.5, 435.0], [4118.25, 1458.0], [4117.75, 3404.0], [4117.5, 10793.0], [4117.25, 353.0], [4117.0, 11.0], [4116.75, 5890.0], [4116.5, 18550.0], [4116.25, 351.0], [4115.75, 398.0], [4115.25, 348.0]], "asks": [[4125.25, 7449.0], [4125.5, 4686.0], [4125.75, 4733.0], [4126.0, 3768.0], [4126.25, 436.0], [4126.5, 1300.0], [4126.75, 342.0], [4128.0, 357.0], [4128.25, 1940.0], [4128.5, 6498.0], [4129.0, 346.0], [4129.25, 150.0], [4129.5, 342.0], [4130.0, 357.0], [4130.75, 9033.0], [4131.0, 32627.0], [4131.25, 343.0], [4131.75, 448.0], [4132.0, 5628.0], [4132.25, 22659.0]]}}}
{"jsonrpc": "2.0", "method": "subscription", "params": {"channel": "book.ETH-7NOV25.none.20.100ms", "data": {"timestamp": 1761647228391, "change_id": 93757110028, "instrument_name": "ETH-7NOV25", "bids": [[4125.0, 929.0], [4124.75, 12130.0], [4124.5, 41345.0], [4124.25, 4955.0], [4124.0, 2660.0], [4121.25, 341.0], [4120.0, 4217.0], [4119.75, 14127.0], [4118.75, 341.0], [4118.5, 435.0], [4118.25, 1458.0], [4117.75, 3404.0], [4117.5, 10793.0], [4117.25, 353.0], [4117.0, 11.0], [4116.75, 5890.0], [4116.5, 18550.0], [4116.25, 351.0], [4115.75, 398.0], [4115.25, 348.0]], "asks": [[4125.25, 7449.0], [4125.5, 4686.0], [4125.75, 4733.0], [4126.0, 3768.0], [4126.25, 436.0], [4126.5, 1300.0], [4128.0, 357.0], [4128.25, 1940.0], [4128.5, 6498.0], [4129.0, 346.0], [4129.25, 150.0], [4129.5, 342.0], [4130.0, 357.0], [4130.75, 9033.0], [4131.0, 32627.0], [4131.25, 343.0], [4131.75, 448.0], [4132.0, 5628.0], [4132.25, 22659.0], [4134.5, 350.0]]}}}
{"jsonrpc": "2.0", "method": "subscription", "params": {"channel": "book.ETH-7NOV25.none.20.100ms", "data": {"timestamp": 1761647228888, "change_id": 93757110954, "instrument_name": "ETH-7NOV25", "bids": [[4125.0, 929.0], [4124.75, 12130.0], [4124.5, 41345.0], [4124.25, 4955.0], [4124.0, 2660.0], [4121.25, 341.0], [4120.0, 4217.0], [4119.75, 14127.0], [4118.75, 341.0], [4118.5, 435.0], [4118.25, 1458.0], [4117.75, 3404.0], [4117.5, 10793.0], [4117.25, 353.0], [4117.0, 11.0], [4116.75, 5890.0], [4116.5, 18550.0], [4116.25, 351.0], [4115.75, 398.0], [4115.25, 348.0]], "asks": [[4125.25, 7449.0], [4125.5, 4686.0], [4125.75, 4345.0], [4126.0, 2468.0], [4128.0, 357.0], [4128.25, 1940.0], [4128.5, 6498.0], [4129.0, 346.0], [4129.25, 150.0], [4129.5, 342.0], [4130.0, 357.0], [4130.75, 9033.0], [4131.0, 32627.0], [4131.25, 343.0], [4131.75, 448.0], [4132.0, 5628.0], [4132.25, 22659.0], [4134.5, 350.0], [4134.75, 200.0], [4135.0, 356.0]]}}}
{"jsonrpc": "2.0", "method": "subscription", "params": {"channel": "book.ETH-7NOV25.none.20.100ms", "data": {"timestamp": 1761647230981, "change_id": 93757112906, "instrument_name": "ETH-7NOV25", "bids": [[4125.0, 929.0], [4124.75, 12130.0], [4124.5, 41345.0], [4124.25, 4955.0], [4124.0, 2660.0], [4121.25, 341.0], [4120.0, 4217.0], [4119.75, 14127.0], [4118.75, 341.0], [4118.5, 435.0], [4118.25, 1458.0], [4117.75, 3404.0], [4117.5, 10793.0], [4117.25, 353.0], [4117.0, 11.0], [4116.75, 5890.0], [4116.5, 18550.0], [4116.25, 351.0], [4115.75, 398.0], [4115.25, 348.0]], "asks": [[4125.25, 7449.0], [4125.5, 3386.0], [4125.75, 4345.0], [4126.0, 2468.0], [4128.0, 357.0], [4128.25, 1940.0], [4128.5, 6498.0], [4129.0, 346.0], [4129.25, 150.0], [4129.5, 342.0], [4130.0, 357.0], [4130.75, 9033.0], [4131.0, 32627.0], [4131.25, 343.0], [4131.75, 448.0], [4132.0, 5628.0], [4132.25, 22659.0], [4134.5, 350.0], [4134.75, 200.0], [4135.0, 356.0]]}}}
{"jsonrpc": "2.0", "method": "subscription", "params": {"channel": "book.ETH-7NOV25.none.20.100ms", "data": {"timestamp": 1761647231385, "change_id": 93757113041, "instrument_name": "ETH-7NOV25", "bids": [[4125.0, 666.0], [4124.75, 15779.0], [4124.5, 38348.0], [4124.25, 6661.0], [4124.0, 160.0], [4121.25, 341.0], [4120.0, 4217.0], [4119.75, 14127.0], [4118.75, 341.0], [4118.5, 435.0], [4118.25, 1458.0], [4117.75, 3404.0], [4117.5, 10793.0], [4117.25, 353.0], [4117.0, 11.0], [4116.75, 5890.0], [4116.5, 18550.0], [4116.25, 351.0], [4115.75, 398.0], [4115.25, 348.0]], "asks": [[4125.25, 1300.0], [4125.5, 2309.0], [4125.75, 6845.0], [4126.0, 2468.0], [4128.0, 357.0], [4128.25, 1940.0], [4128.5, 6498.0], [4129.0, 346.0], [4129.25, 150.0], [4129.5, 342.0], [4130.0, 357.0], [4130.75, 9033.0], [4131.0, 32627.0], [4131.25, 343.0], [4131.75, 448.0], [4132.0, 5628.0], [4132.25, 22659.0], [4134.5, 350.0], [4134.75, 200.0], [4135.0, 356.0]]}}}
{"jsonrpc": "2.0", "method": "subscription", "params": {"channel": "book.ETH-7NOV25.none.20.100ms", "data": {"timestamp": 1761647231417, "change_id": 93757113060, "instrument_name": "ETH-7NOV25", "bids": [[4125.0, 666.0], [4124.75, 15779.0], [4124.5, 38348.0], [4124.25, 6661.0], [4124.0, 160.0], [4121.25, 341.0], [4120.0, 4217.0], [4119.75, 14127.0], [4118.75, 341.0], [4118.5, 435.0], [4118.25, 1458.0], [4117.75, 3404.0], [4117.5, 10793.0], [4117.25, 353.0], [4117.0, 11.0], [4116.75, 5890.0], [4116.5, 18550.0], [4116.25, 351.0], [4115.75, 398.0], [4115.25, 348.0]], "asks": [[4125.25, 1300.0], [4125.5, 5958.0], [4125.75, 6845.0], [4126.0, 2468.0], [4128.0, 357.0], [4128.25, 1940.0], [4128.5, 6498.0], [4129.0, 346.0], [4129.25, 150.0], [4130.0, 357.0], [4130.75, 9033.0], [4131.0, 32627.0], [4131.25, 343.0], [4131.75, 448.0], [4132.0, 5628.0], [4132.25, 22659.0], [4134.5, 350.0], [4134.75, 200.0], [4135.0, 356.0], [4135.25, 36398.0]]}}}
{"jsonrpc": "2.0", "method": "subscription", "params": {"channel": "book.ETH-7NOV25.none.20.100ms", "data": {"timestamp": 1761647231852, "change_id": 93757113996, "instrument_name": "ETH-7NOV25", "bids": [[4125.0, 1966.0], [4124.75, 15779.0], [4124.5, 38348.0], [4124.25, 6661.0], [4124.0, 160.0], [4121.25, 341.0], [4120.0, 4217.0], [4119.75, 14127.0], [4118.75, 341.0], [4118.5, 435.0], [4118.25, 1458.0], [4117.75, 3404.0], [4117.5, 10793.0], [4117.25, 353.0], [4117.0, 11.0], [4116.75, 5890.0], [4116.5, 18550.0], [4116.25, 351.0], [4115.75, 398.0], [4115.25, 348.0]], "asks": [[4125.25, 1300.0], [4125.5, 5958.0], [4125.75, 6845.0], [4126.0, 2468.0], [4128.0, 357.0], [4128.25, 1940.0], [4128.5, 6498.0], [4129.0, 346.0], [4129.25, 150.0], [4130.0, 357.0], [4130.75, 9033.0], [4131.0, 32627.0], [4131.25, 343.0], [4131.75, 448.0], [4132.0, 5628.0], [4132.25, 22659.0], [4134.5, 350.0], [4134.75, 200.0], [4135.0, 356.0], [4135.25, 36398.0]]}}}
{"jsonrpc": "2.0", "method": "subscription", "params": {"channel": "book.ETH-7NOV25.none.20.100ms", "data": {"timestamp": 1761647232603, "change_id": 93757114531, "instrument_name": "ETH-7NOV25", "bids": [[4125.25, 924.0], [4125.0, 5392.0], [4124.75, 15779.0], [4124.5, 38046.0], [4124.25, 4002.0], [4124.0, 160.0], [4121.25, 341.0], [4120.0, 4217.0], [4119.75, 14127.0], [4118.75, 341.0], [4118.5, 435.0], [4118.25, 1458.0], [4117.75, 3404.0], [4117.5, 10793.0], [4117.25, 353.0], [4117.0, 11.0], [4116.75, 5890.0], [4116.5, 18550.0], [4116.25, 351.0], [4115.75, 398.0]], "asks": [[4125.5, 6149.0], [4125.75, 4345.0], [4126.0, 3158.0], [4126.25, 2313.0], [4128.0, 357.0], [4128.25, 1940.0], [4128.5, 6498.0], [4129.0, 346.0], [4129.25, 150.0], [4130.0, 357.0], [4130.75, 9033.0], [4131.0, 32627.0], [4131.25, 343.0], [4131.75, 448.0], [4132.0, 5628.0], [4132.25, 22659.0], [4134.5, 350.0], [4134.75, 200.0], [4135.0, 356.0], [4135.25, 36398.0]]}}}
{"jsonrpc": "2.0", "method": "subscription", "params": {"channel": "book.ETH-7NOV25.none.20.100ms", "data": {"timestamp": 1761647232844, "change_id": 93757115007, "instrument_name": "ETH-7NOV25", "bids": [[4125.25, 924.0], [4125.0, 5392.0], [4124.75, 15779.0], [4124.5, 38046.0], [4124.25, 4002.0], [4124.0, 160.0], [4121.25, 341.0], [4120.0, 4217.0], [4119.75, 14127.0], [4118.75, 341.0], [4118.5, 435.0], [4118.25, 1458.0], [4117.75, 3404.0], [4117.5, 10793.0], [4117.25, 353.0], [4117.0, 11.0], [4116.75, 5890.0], [4116.5, 18550.0], [4116.25, 351.0], [4115.75, 398.0]], "asks": [[4125.5, 7449.0], [4125.75, 4345.0], [4126.0, 3158.0], [4126.25, 2313.0], [4127.0, 345.0], [4127.5, 388.0], [4127.75, 1300.0], [4128.0, 357.0], [4128.25, 1940.0], [4128.5, 6498.0], [4129.0, 346.0], [4129.25, 150.0], [4130.0, 357.0], [4130.75, 9033.0], [4131.0, 32627.0], [4131.25, 343.0], [4131.75, 448.0], [4132.0, 5628.0], [4132.25, 22659.0], [4134.5, 350.0]]}}}
{"jsonrpc": "2.0", "method": "subscription", "params": {"channel": "book.ETH-7NOV25.none.20.100ms", "data": {"timestamp": 1761647233580, "change_id": 93757115485, "instrument_name": "ETH-7NOV25", "bids": [[4125.25, 924.0], [4125.0, 5392.0], [4124.75, 15779.0], [4124.5, 38046.0], [4124.25, 4002.0], [4124.0, 160.0], [4121.25, 341.0], [4120.0, 4217.0], [4119.75, 14127.0], [4118.75, 341.0], [4118.5, 435.0], [4118.25, 1458.0], [4117.75, 3404.0], [4117.5, 10793.0], [4117.25, 353.0], [4117.0, 11.0], [4116.75, 5890.0], [4116.5, 18550.0], [4116.25, 351.0], [4115.75, 398.0]], "asks": [[4125.5, 8449.0], [4125.75, 4345.0], [4126.0, 3158.0], [4126.25, 2313.0], [4127.0, 345.0], [4127.5, 388.0], [4127.75, 1300.0], [4128.0, 357.0], [4128.25, 1940.0], [4128.5, 6498.0], [4129.0, 346.0], [4129.25, 150.0], [4130.0, 357.0], [4130.75, 9033.0], [4131.0, 32627.0], [4131.25, 343.0], [4131.75, 448.0], [4132.0, 5628.0], [4132.25, 22659.0], [4134.5, 350.0]]}}}
