{"jsonrpc": "2.0", "id": 1, "result": ["book.ETH-5SEP25.none.20.100ms"], "usIn": 1756308219418492, "usOut": 1756308219418666, "usDiff": 174, "testnet": false}
{"jsonrpc": "2.0", "method": "subscription", "params": {"channel": "book.ETH-5SEP25.none.20.100ms", "data": {"timestamp": 1756308219347, "change_id": 83887137533, "instrument_name": "ETH-5SEP25", "bids": [[4654.75, 1000.0], [4654.25, 860.0], [4654.0, 16739.0], [4652.75, 210.0], [4652.5, 700.0], [4652.25, 600.0], [4652.0, 2000.0], [4651.25, 20.0], [4649.75, 447.0], [4649.5, 1490.0], [4649.0, 455.0], [4648.75, 3068.0], [4648.5, 5259.0], [4648.25, 6981.0], [4648.0, 23269.0], [4647.25, 460.0], [4647.0, 7921.0], [4645.25, 444.0], [4645.0, 1481.0], [4644.5, 444.0]], "asks": [[4656.25, 5641.0], [4656.5, 17938.0], [4657.0, 750.0], [4657.25, 2500.0], [4657.5, 4272.0], [4657.75, 14701.0], [4658.0, 2000.0], [4658.5, 10.0], [4658.75, 444.0], [4659.0, 1479.0], [4660.25, 447.0], [4660.5, 1490.0], [4660.75, 1596.0], [4661.0, 5510.0], [4661.75, 453.0], [4662.0, 3437.0], [4662.25, 33866.0], [4662.5, 91476.0], [4665.25, 443.0], [4665.5, 1476.0]]}}}
{"jsonrpc": "2.0", "method": "subscription", "params": {"channel": "book.ETH-5SEP25.none.20.100ms", "data": {"timestamp": 1756308219654, "change_id": 83887138075, "instrument_name": "ETH-5SEP25", "bids": [[4655.0, 1000.0], [4654.75, 1000.0], [4654.25, 860.0], [4654.0, 16739.0], [4652.75, 210.0], [4652.5, 700.0], [4652.25, 600.0], [4652.0, 2000.0], [4651.25, 20.0], [4649.75, 447.0], [4649.5, 1490.0], [4649.0, 455.0], [4648.75, 3068.0], [4648.5, 5259.0], [4648.25, 6981.0], [4648.0, 23269.0], [4647.25, 2319.0], [4647.0, 7921.0], [4645.25, 444.0], [4645.0, 1481.0]], "asks": [[4656.25, 260.0], [4657.0, 750.0], [4657.25, 2500.0], [4657.5, 4272.0], [4657.75, 14701.0], [4658.0, 2000.0], [4658.5, 10.0], [4658.75, 444.0], [4659.0, 1479.0], [4660.25, 447.0], [4660.5, 1490.0], [4660.75, 1596.0], [4661.0, 5510.0], [4661.75, 453.0], [4662.0, 3437.0], [4662.25, 33866.0], [4662.5, 91476.0], [4665.25, 443.0], [4665.5, 1476.0], [4666.25, 18202.0]]}}}
{"jsonrpc": "2.0", "method": "subscription", "params": {"channel": "book.ETH-5SEP25.none.20.100ms", "data": {"timestamp": 1756308220083, "change_id": 83887138507, "instrument_name": "ETH-5SEP25", "bids": [[4655.0, 1000.0], [4654.75, 1000.0], [4654.5, 2500.0], [4654.25, 860.0], [4654.0, 14239.0], [4652.75, 210.0], [4652.5, 700.0], [4652.25, 600.0], [4652.0, 2000.0], [4651.25, 20.0], [4649.75, 447.0], [4649.5, 1490.0], [4649.0, 455.0], [4648.75, 3068.0], [4648.5, 5259.0], [4648.25, 6981.0], [4648.0, 23269.0], [4647.25, 2319.0], [4647.0, 7921.0], [4645.25, 444.0]], "asks": [[4655.5, 748.0], [4655.75, 2493.0], [4656.0, 8309.0], [4656.25, 260.0], [4657.0, 750.0], [4657.25, 2500.0], [4657.5, 4272.0], [4657.75, 14701.0], [4658.0, 2000.0], [4658.5, 10.0], [4658.75, 444.0], [4659.0, 1479.0], [4660.25, 447.0], [4660.5, 1490.0], [4660.75, 1596.0], [4661.0, 5510.0], [4661.75, 453.0], [4662.0, 3437.0], [4662.25, 33866.0], [4662.5, 91476.0]]}}}
{"jsonrpc": "2.0", "method": "subscription", "params": {"channel": "book.ETH-5SEP25.none.20.100ms", "data": {"timestamp": 1756308220607, "change_id": 83887139409, "instrument_name": "ETH-5SEP25", "bids": [[4654.75, 2000.0], [4654.5, 2500.0], [4654.25, 860.0], [4654.0, 14239.0], [4652.75, 210.0], [4652.5, 700.0], [4652.25, 600.0], [4652.0, 2000.0], [4651.25, 20.0], [4649.75, 447.0], [4649.5, 1490.0], [4649.0, 455.0], [4648.75, 3068.0], [4648.5, 5259.0], [4648.25, 6981.0], [4648.0, 23269.0], [4647.25, 2319.0], [4647.0, 7921.0], [4645.25, 444.0], [4645.0, 1481.0]], "asks": [[4655.5, 300.0], [4655.75, 3493.0], [4656.0, 8309.0], [4656.25, 260.0], [4657.0, 750.0], [4657.25, 2500.0], [4657.5, 4272.0], [4657.75, 14701.0], [4658.0, 2000.0], [4658.5, 10.0], [4658.75, 444.0], [4659.0, 1479.0], [4660.25, 447.0], [4660.5, 1490.0], [4660.75, 1596.0], [4661.0, 5510.0], [4661.75, 453.0], [4662.0, 3437.0], [4662.25, 33866.0], [4662.5, 91476.0]]}}}
{"jsonrpc": "2.0", "method": "subscription", "params": {"channel": "book.ETH-5SEP25.none.20.100ms", "data": {"timestamp": 1756308220977, "change_id": 83887139879, "instrument_name": "ETH-5SEP25", "bids": [[4654.75, 2000.0], [4654.5, 2500.0], [4654.25, 860.0], [4654.0, 14239.0], [4652.75, 210.0], [4652.5, 700.0], [4652.25, 600.0], [4652.0, 2000.0], [4651.25, 20.0], [4649.75, 447.0], [4649.5, 1490.0], [4649.0, 455.0], [4648.75, 3068.0], [4648.5, 5259.0], [4648.25, 6981.0], [4648.0, 23269.0], [4647.25, 2319.0], [4647.0, 7921.0], [4645.25, 444.0], [4645.0, 1481.0]], "asks": [[4655.5, 300.0], [4655.75, 3493.0], [4656.0, 8309.0], [4656.25, 260.0], [4657.0, 750.0], [4657.25, 2500.0], [4657.5, 4272.0], [4657.75, 14701.0], [4658.0, 2000.0], [4658.5, 10.0], [4658.75, 444.0], [4659.0, 1479.0], [4660.25, 447.0], [4660.5, 1490.0], [4660.75, 1596.0], [4661.0, 5510.0], [4661.75, 453.0], [4662.0, 3437.0], [4662.25, 33866.0], [4662.5, 91476.0]]}}}
{"jsonrpc": "2.0", "method": "subscription", "params": {"channel": "book.ETH-5SEP25.none.20.100ms", "data": {"timestamp": 1756308221184, "change_id": 83887139998, "instrument_name": "ETH-5SEP25", "bids": [[4654.75, 2000.0], [4654.5, 2500.0], [4654.25, 700.0], [4654.0, 14239.0], [4653.5, 160.0], [4652.75, 210.0], [4652.5, 700.0], [4652.25, 600.0], [4652.0, 2000.0], [4651.25, 20.0], [4649.75, 447.0], [4649.5, 1490.0], [4649.0, 455.0], [4648.75, 3068.0], [4648.5, 5259.0], [4648.25, 6981.0], [4648.0, 23269.0], [4647.25, 2319.0], [4647.0, 7921.0], [4645.25, 444.0]], "asks": [[4655.5, 300.0], [4655.75, 3493.0], [4656.0, 8309.0], [4656.25, 260.0], [4656.75, 4272.0], [4657.0, 14989.0], [4657.25, 2500.0], [4657.75, 462.0], [4658.0, 2000.0], [4658.5, 10.0], [4658.75, 444.0], [4659.0, 1479.0], [4660.25, 447.0], [4660.5, 1490.0], [4660.75, 1596.0], [4661.0, 5510.0], [4661.75, 453.0], [4662.0, 3437.0], [4662.25, 33866.0], [4662.5, 91476.0]]}}}
{"jsonrpc": "2.0", "method": "subscription", "params": {"channel": "book.ETH-5SEP25.none.20.100ms", "data": {"timestamp": 1756308221686, "change_id": 83887140990, "instrument_name": "ETH-5SEP25", "bids": [[4654.75, 1000.0], [4654.5, 2500.0], [4654.25, 700.0], [4654.0, 14399.0], [4652.75, 210.0], [4652.5, 700.0], [4652.25, 600.0], [4652.0, 2000.0], [4651.25, 20.0], [4649.75, 447.0], [4649.5, 1490.0], [4649.0, 455.0], [4648.75, 3068.0], [4648.5, 5259.0], [4648.25, 6981.0], [4648.0, 23269.0], [4647.25, 2319.0], [4647.0, 7921.0], [4645.25, 444.0], [4645.0, 1481.0]], "asks": [[4655.5, 300.0], [4655.75, 3493.0], [4656.0, 8309.0], [4656.25, 260.0], [4656.75, 4272.0], [4657.0, 14989.0], [4657.25, 2500.0], [4657.75, 462.0], [4658.0, 2000.0], [4658.5, 10.0], [4658.75, 444.0], [4659.0, 1479.0], [4660.25, 447.0], [4660.5, 1490.0], [4660.75, 1596.0], [4661.0, 5510.0], [4661.75, 453.0], [4662.0, 3437.0], [4662.25, 33866.0], [4662.5, 91476.0]]}}}
{"jsonrpc": "2.0", "method": "subscription", "params": {"channel": "book.ETH-5SEP25.none.20.100ms", "data": {"timestamp": 1756308221959, "change_id": 83887141343, "instrument_name": "ETH-5SEP25", "bids": [[4654.75, 2000.0], [4654.5, 2500.0], [4654.25, 700.0], [4654.0, 14399.0], [4652.75, 210.0], [4652.5, 700.0], [4652.25, 600.0], [4652.0, 2000.0], [4651.25, 20.0], [4649.75, 447.0], [4649.5, 1490.0], [4649.0, 455.0], [4648.75, 3068.0], [4648.5, 5259.0], [4648.25, 6981.0], [4648.0, 23269.0], [4647.25, 2319.0], [4647.0, 7921.0], [4645.25, 444.0], [4645.0, 1481.0]], "asks": [[4655.5, 300.0], [4655.75, 3493.0], [4656.0, 8309.0], [4656.25, 260.0], [4656.75, 4272.0], [4657.0, 14989.0], [4657.25, 2500.0], [4657.75, 462.0], [4658.0, 2000.0], [4658.5, 10.0], [4658.75, 444.0], [4659.0, 1479.0], [4660.25, 447.0], [4660.5, 1490.0], [4660.75, 1596.0], [4661.0, 5510.0], [4661.75, 453.0], [4662.0, 3437.0], [4662.25, 33866.0], [4662.5, 91476.0]]}}}
{"jsonrpc": "2.0", "method": "subscription", "params": {"channel": "book.ETH-5SEP25.none.20.100ms", "data": {"timestamp": 1756308222986, "change_id": 83887142926, "instrument_name": "ETH-5SEP25", "bids": [[4654.75, 1000.0], [4654.5, 1000.0], [4654.0, 14239.0], [4653.25, 160.0], [4652.75, 210.0], [4652.5, 700.0], [4652.25, 600.0], [4652.0, 2000.0], [4651.25, 20.0], [4649.75, 447.0], [4649.5, 1490.0], [4649.0, 455.0], [4648.75, 3068.0], [4648.5, 5259.0], [4648.25, 6981.0], [4648.0, 23269.0], [4647.25, 2319.0], [4647.0, 7921.0], [4645.25, 444.0], [4645.0, 1481.0]], "asks": [[4655.25, 300.0], [4655.5, 1000.0], [4655.75, 2493.0], [4656.0, 8309.0], [4656.25, 260.0], [4656.75, 4272.0], [4657.0, 14989.0], [4657.25, 2500.0], [4657.75, 462.0], [4658.0, 2000.0], [4658.5, 10.0], [4658.75, 444.0], [4659.0, 1479.0], [4660.25, 447.0], [4660.5, 1490.0], [4660.75, 1596.0], [4661.0, 5510.0], [4661.75, 453.0], [4662.0, 3437.0], [4662.25, 33866.0]]}}}
{"jsonrpc": "2.0", "method": "subscription", "params": {"channel": "book.ETH-5SEP25.none.20.100ms", "data": {"timestamp": 1756308223112, "change_id": 83887143360, "instrument_name": "ETH-5SEP25", "bids": [[4654.75, 1000.0], [4654.0, 14239.0], [4653.5, 2500.0], [4653.25, 160.0], [4652.75, 210.0], [4652.5, 700.0], [4652.25, 600.0], [4652.0, 2000.0], [4651.25, 20.0], [4649.75, 447.0], [4649.5, 1490.0], [4649.0, 455.0], [4648.75, 3068.0], [4648.5, 5259.0], [4648.25, 6981.0], [4648.0, 23269.0], [4647.5, 3442.0], [4647.25, 6847.0], [4647.0, 1534.0], [4645.25, 444.0]], "asks": [[4655.75, 2653.0], [4656.0, 8309.0], [4656.25, 100.0], [4656.5, 750.0], [4656.75, 6772.0], [4657.0, 14989.0], [4657.75, 462.0], [4658.0, 2000.0], [4658.5, 10.0], [4658.75, 444.0], [4659.0, 1479.0], [4660.25, 447.0], [4660.5, 1490.0], [4660.75, 1596.0], [4661.0, 5510.0], [4661.75, 453.0], [4662.0, 3437.0], [4662.25, 33866.0], [4662.5, 91476.0], [4665.25, 443.0]]}}}
{"jsonrpc": "2.0", "method": "subscription", "params": {"channel": "book.ETH-5SEP25.none.20.100ms", "data": {"timestamp": 1756308223581, "change_id": 83887144857, "instrument_name": "ETH-5SEP25", "bids": [[4653.5, 1000.0], [4653.25, 14239.0], [4652.25, 760.0], [4652.0, 2000.0], [4651.0, 20.0], [4649.75, 447.0], [4649.5, 1490.0], [4649.0, 455.0], [4648.75, 3068.0], [4648.5, 5259.0], [4648.25, 6981.0], [4648.0, 23269.0], [4647.75, 458.0], [4647.5, 1526.0], [4647.25, 460.0], [4647.0, 3450.0], [4646.75, 6387.0], [4645.25, 444.0], [4645.0, 1481.0], [4644.5, 444.0]], "asks": [[4655.25, 160.0], [4656.0, 4302.0], [4656.25, 14339.0], [4656.5, 750.0], [4656.75, 3100.0], [4657.0, 2000.0], [4658.5, 10.0], [4658.75, 444.0], [4659.0, 1479.0], [4660.25, 447.0], [4660.5, 1490.0], [4660.75, 1596.0], [4661.0, 5510.0], [4661.75, 453.0], [4662.0, 3437.0], [4662.25, 33866.0], [4662.5, 91476.0], [4665.25, 443.0], [4665.5, 1476.0], [4666.25, 18202.0]]}}}
{"jsonrpc": "2.0", "method": "subscription", "params": {"channel": "book.ETH-5SEP25.none.20.100ms", "data": {"timestamp": 1756308223905, "change_id": 83887145617, "instrument_name": "ETH-5SEP25", "bids": [[4653.5, 1000.0], [4653.25, 14239.0], [4653.0, 2500.0], [4652.75, 160.0], [4652.25, 600.0], [4652.0, 2000.0], [4650.5, 20.0], [4649.75, 447.0], [4649.5, 1490.0], [4649.0, 455.0], [4648.75, 3068.0], [4648.5, 5259.0], [4648.25, 6981.0], [4648.0, 23269.0], [4647.75, 458.0], [4647.5, 1526.0], [4647.25, 460.0], [4647.0, 3450.0], [4646.75, 6387.0], [4645.25, 444.0]], "asks": [[4654.25, 1131.0], [4654.5, 3769.0], [4655.25, 160.0], [4656.0, 4302.0], [4656.25, 16839.0], [4656.75, 600.0], [4657.0, 2000.0], [4658.5, 10.0], [4658.75, 444.0], [4659.0, 1479.0], [4660.25, 447.0], [4660.5, 1490.0], [4660.75, 1596.0], [4661.0, 5510.0], [4661.75, 453.0], [4662.0, 3437.0], [4662.25, 33866.0], [4662.5, 91476.0], [4665.25, 443.0], [4665.5, 1476.0]]}}}
{"jsonrpc": "2.0", "method": "subscription", "params": {"channel": "book.ETH-5SEP25.none.20.100ms", "data": {"timestamp": 1756308224208, "change_id": 83887146752, "instrument_name": "ETH-5SEP25", "bids": [[4653.5, 1000.0], [4653.25, 14239.0], [4653.0, 2500.0], [4652.75, 160.0], [4652.25, 600.0], [4652.0, 2000.0], [4650.5, 20.0], [4649.75, 447.0], [4649.5, 1490.0], [4649.0, 457.0], [4648.75, 3068.0], [4648.5, 5257.0], [4648.25, 6981.0], [4648.0, 23269.0], [4647.75, 458.0], [4647.5, 1526.0], [4647.25, 460.0], [4647.0, 1534.0], [4646.75, 458.0], [4646.5, 3442.0]], "asks": [[4655.25, 160.0], [4656.0, 4302.0], [4656.25, 16839.0], [4656.75, 600.0], [4657.0, 2000.0], [4658.5, 10.0], [4658.75, 444.0], [4659.0, 1479.0], [4660.25, 447.0], [4660.5, 1490.0], [4660.75, 1596.0], [4661.0, 5510.0], [4661.75, 453.0], [4662.0, 3437.0], [4662.25, 33866.0], [4662.5, 91476.0], [4665.25, 443.0], [4665.5, 1476.0], [4666.25, 18202.0], [4667.25, 1487.0]]}}}
{"jsonrpc": "2.0", "method": "subscription", "params": {"channel": "book.ETH-5SEP25.none.20.100ms", "data": {"timestamp": 1756308224627, "change_id": 83887147679, "instrument_name": "ETH-5SEP25", "bids": [[4653.5, 3500.0], [4653.25, 14239.0], [4652.75, 160.0], [4652.25, 600.0], [4652.0, 2000.0], [4650.25, 20.0], [4649.75, 447.0], [4649.5, 1490.0], [4649.0, 457.0], [4648.75, 3068.0], [4648.5, 5257.0], [4648.25, 6981.0], [4648.0, 23269.0], [4647.75, 458.0], [4647.5, 1526.0], [4647.25, 460.0], [4647.0, 1534.0], [4646.75, 458.0], [4646.5, 3442.0], [4646.25, 6387.0]], "asks": [[4654.25, 3959.0], [4654.5, 13195.0], [4655.5, 160.0], [4656.0, 4302.0], [4656.25, 16839.0], [4656.75, 600.0], [4657.0, 2000.0], [4658.5, 10.0], [4658.75, 444.0], [4659.0, 1479.0], [4660.25, 447.0], [4660.5, 1490.0], [4660.75, 1596.0], [4661.0, 5510.0], [4661.75, 453.0], [4662.0, 3437.0], [4662.25, 33866.0], [4662.5, 91476.0], [4665.25, 443.0], [4665.5, 1476.0]]}}}
{"jsonrpc": "2.0", "method": "subscription", "params": {"channel": "book.ETH-5SEP25.none.20.100ms", "data": {"timestamp": 1756308224956, "change_id": 83887148356, "instrument_name": "ETH-5SEP25", "bids": [[4653.5, 3500.0], [4653.25, 14239.0], [4652.75, 160.0], [4652.25, 600.0], [4652.0, 2000.0], [4650.5, 20.0], [4649.75, 447.0], [4649.5, 1490.0], [4649.0, 457.0], [4648.75, 3068.0], [4648.5, 5257.0], [4648.25, 6981.0], [4648.0, 23269.0], [4647.75, 458.0], [4647.5, 1526.0], [4647.25, 460.0], [4647.0, 3450.0], [4646.75, 6845.0], [4646.5, 1526.0], [4645.25, 444.0]], "asks": [[4654.75, 300.0], [4655.0, 1000.0], [4655.5, 160.0], [4656.0, 4302.0], [4656.25, 14339.0], [4656.75, 1275.0], [4657.0, 4500.0], [4658.5, 10.0], [4658.75, 444.0], [4659.0, 1479.0], [4660.25, 447.0], [4660.5, 1490.0], [4660.75, 1596.0], [4661.0, 5510.0], [4661.75, 453.0], [4662.0, 3437.0], [4662.25, 33866.0], [4662.5, 91476.0], [4665.25, 443.0], [4665.5, 1476.0]]}}}
{"jsonrpc": "2.0", "method": "subscription", "params": {"channel": "book.ETH-5SEP25.none.20.100ms", "data": {"timestamp": 1756308225292, "change_id": 83887148910, "instrument_name": "ETH-5SEP25", "bids": [[4653.75, 1000.0], [4653.5, 3500.0], [4653.25, 14399.0], [4652.25, 600.0], [4652.0, 2000.0], [4650.5, 20.0], [4649.75, 447.0], [4649.5, 1490.0], [4649.0, 457.0], [4648.75, 3068.0], [4648.5, 5257.0], [4648.25, 6981.0], [4648.0, 23269.0], [4647.75, 458.0], [4647.5, 1526.0], [4647.25, 460.0], [4647.0, 3450.0], [4646.75, 6845.0], [4646.5, 1526.0], [4645.25, 444.0]], "asks": [[4654.5, 300.0], [4654.75, 1000.0], [4655.0, 160.0], [4656.0, 4302.0], [4656.25, 15089.0], [4656.5, 2500.0], [4656.75, 600.0], [4657.0, 2000.0], [4658.5, 10.0], [4658.75, 444.0], [4659.0, 1479.0], [4660.25, 447.0], [4660.5, 1490.0], [4660.75, 1596.0], [4661.0, 5510.0], [4661.75, 453.0], [4662.0, 3437.0], [4662.25, 33866.0], [4662.5, 91476.0], [4665.25, 443.0]]}}}
{"jsonrpc": "2.0", "method": "subscription", "params": {"channel": "book.ETH-5SEP25.none.20.100ms", "data": {"timestamp": 1756308225645, "change_id": 83887149746, "instrument_name": "ETH-5SEP25", "bids": [[4654.25, 14239.0], [4654.0, 1000.0], [4653.5, 2500.0], [4653.25, 160.0], [4652.25, 600.0], [4652.0, 2000.0], [4650.5, 20.0], [4649.75, 447.0], [4649.5, 1490.0], [4649.0, 457.0], [4648.75, 3068.0], [4648.5, 5257.0], [4648.25, 6981.0], [4648.0, 23269.0], [4647.5, 1526.0], [4647.25, 6387.0], [4647.0, 1534.0], [4646.5, 1526.0], [4645.0, 1481.0], [4644.5, 444.0]], "asks": [[4656.25, 100.0], [4656.75, 760.0], [4657.0, 2000.0], [4658.5, 10.0], [4659.0, 1479.0], [4660.25, 447.0], [4660.5, 1490.0], [4660.75, 1596.0], [4661.0, 5510.0], [4661.75, 453.0], [4662.0, 3437.0], [4662.25, 33866.0], [4662.5, 91476.0], [4665.25, 443.0], [4665.5, 1476.0], [4666.25, 18202.0], [4667.25, 1487.0], [4667.75, 1512.0], [4668.25, 40400.0], [4668.5, 37163.0]]}}}
{"jsonrpc": "2.0", "method": "subscription", "params": {"channel": "book.ETH-5SEP25.none.20.100ms", "data": {"timestamp": 1756308225698, "change_id": 83887150533, "instrument_name": "ETH-5SEP25", "bids": [[4654.5, 1000.0], [4654.25, 14239.0], [4654.0, 3500.0], [4653.25, 160.0], [4652.25, 600.0], [4652.0, 2000.0], [4650.5, 20.0], [4649.75, 447.0], [4649.5, 1490.0], [4649.0, 457.0], [4648.75, 3068.0], [4648.5, 5257.0], [4648.25, 6981.0], [4648.0, 23269.0], [4647.75, 458.0], [4647.5, 3442.0], [4647.25, 6847.0], [4647.0, 1534.0], [4646.75, 458.0], [4646.5, 1526.0]], "asks": [[4655.25, 300.0], [4655.5, 1000.0], [4655.75, 160.0], [4656.25, 100.0], [4656.75, 600.0], [4657.0, 6928.0], [4657.25, 16739.0], [4658.5, 10.0], [4658.75, 444.0], [4659.0, 1479.0], [4660.25, 447.0], [4660.5, 1490.0], [4660.75, 1596.0], [4661.0, 5510.0], [4661.75, 453.0], [4662.0, 3437.0], [4662.25, 33866.0], [4662.5, 91476.0], [4665.25, 443.0], [4665.5, 1476.0]]}}}
{"jsonrpc": "2.0", "method": "subscription", "params": {"channel": "book.ETH-5SEP25.none.20.100ms", "data": {"timestamp": 1756308226308, "change_id": 83887151536, "instrument_name": "ETH-5SEP25", "bids": [[4654.0, 1000.0], [4653.5, 14239.0], [4653.25, 2660.0], [4652.25, 600.0], [4652.0, 2000.0], [4650.5, 20.0], [4649.75, 447.0], [4649.5, 1490.0], [4649.0, 457.0], [4648.75, 3068.0], [4648.5, 5257.0], [4648.25, 6981.0], [4648.0, 23269.0], [4647.75, 458.0], [4647.5, 3442.0], [4647.25, 6847.0], [4647.0, 1534.0], [4645.25, 444.0], [4645.0, 1481.0], [4644.5, 444.0]], "asks": [[4655.25, 160.0], [4656.25, 4372.0], [4656.5, 14989.0], [4656.75, 3100.0], [4657.0, 2000.0], [4658.5, 10.0], [4658.75, 444.0], [4659.0, 1479.0], [4660.25, 447.0], [4660.5, 1490.0], [4660.75, 1596.0], [4661.0, 5510.0], [4661.75, 453.0], [4662.0, 3437.0], [4662.25, 33866.0], [4662.5, 91476.0], [4665.25, 443.0], [4665.5, 1476.0], [4666.25, 18202.0], [4667.25, 1487.0]]}}}
{"jsonrpc": "2.0", "method": "subscription", "params": {"channel": "book.ETH-5SEP25.none.20.100ms", "data": {"timestamp": 1756308226629, "change_id": 83887152639, "instrument_name": "ETH-5SEP25", "bids": [[4653.0, 1700.0], [4652.5, 700.0], [4652.25, 14399.0], [4651.0, 600.0], [4650.75, 2000.0], [4649.75, 447.0], [4649.5, 1490.0], [4649.0, 457.0], [4648.75, 3087.0], [4648.5, 5257.0], [4648.25, 6981.0], [4648.0, 23269.0], [4647.75, 458.0], [4647.5, 1526.0], [4647.25, 460.0], [4647.0, 1534.0], [4646.0, 3442.0], [4645.75, 6387.0], [4645.25, 444.0], [4645.0, 1481.0]], "asks": [[4654.75, 160.0], [4655.5, 4272.0], [4655.75, 14239.0], [4656.25, 2600.0], [4657.0, 2000.0], [4658.5, 10.0], [4658.75, 444.0], [4659.0, 1479.0], [4659.5, 4000.0], [4660.25, 447.0], [4660.5, 1490.0], [4660.75, 453.0], [4661.0, 1510.0], [4662.0, 1510.0], [4662.25, 33866.0], [4662.5, 91476.0], [4665.5, 1476.0], [4666.25, 18202.0], [4667.25, 1487.0], [4667.75, 1512.0]]}}}
{"jsonrpc": "2.0", "method": "subscription", "params": {"channel": "book.ETH-5SEP25.none.20.100ms", "data": {"timestamp": 1756308226900, "change_id": 83887153120, "instrument_name": "ETH-5SEP25", "bids": [[4653.0, 700.0], [4652.5, 700.0], [4652.25, 14399.0], [4652.0, 750.0], [4651.75, 2500.0], [4651.0, 600.0], [4650.75, 2000.0], [4650.5, 20.0], [4649.75, 447.0], [4649.5, 1490.0], [4649.0, 457.0], [4648.75, 3067.0], [4648.5, 5257.0], [4648.25, 6981.0], [4648.0, 23269.0], [4647.75, 458.0], [4647.5, 1526.0], [4647.25, 460.0], [4647.0, 1534.0], [4646.25, 458.0]], "asks": [[4654.0, 3846.0], [4654.25, 12820.0], [4654.5, 42820.0], [4654.75, 160.0], [4655.5, 4272.0], [4655.75, 16739.0], [4656.25, 100.0], [4656.75, 600.0], [4657.0, 2000.0], [4658.5, 10.0], [4658.75, 444.0], [4659.0, 1479.0], [4659.25, 1200.0], [4659.5, 4000.0], [4660.25, 447.0], [4660.5, 1490.0], [4660.75, 453.0], [4661.0, 1510.0], [4662.0, 1510.0], [4662.25, 33866.0]]}}}
{"jsonrpc": "2.0", "method": "subscription", "params": {"channel": "book.ETH-5SEP25.none.20.100ms", "data": {"timestamp": 1756308227309, "change_id": 83887153961, "instrument_name": "ETH-5SEP25", "bids": [[4653.25, 1000.0], [4652.5, 700.0], [4652.25, 16899.0], [4651.0, 600.0], [4650.75, 2000.0], [4650.5, 20.0], [4649.75, 447.0], [4649.5, 1490.0], [4649.0, 457.0], [4648.75, 3067.0], [4648.5, 5257.0], [4648.25, 6981.0], [4648.0, 23269.0], [4647.75, 458.0], [4647.5, 1526.0], [4647.25, 460.0], [4647.0, 1534.0], [4646.25, 2317.0], [4646.0, 7913.0], [4645.25, 444.0]], "asks": [[4654.0, 300.0], [4654.25, 13820.0], [4654.5, 42820.0], [4654.75, 160.0], [4655.5, 4272.0], [4655.75, 16739.0], [4656.25, 100.0], [4656.75, 600.0], [4657.0, 2000.0], [4658.5, 10.0], [4658.75, 444.0], [4659.0, 1479.0], [4659.25, 1200.0], [4659.5, 4000.0], [4660.25, 447.0], [4660.5, 1490.0], [4660.75, 453.0], [4661.0, 1510.0], [4662.0, 1510.0], [4662.25, 33866.0]]}}}
{"jsonrpc": "2.0", "method": "subscription", "params": {"channel": "book.ETH-5SEP25.none.20.100ms", "data": {"timestamp": 1756308227614, "change_id": 83887156167, "instrument_name": "ETH-5SEP25", "bids": [[4652.0, 700.0], [4651.75, 14239.0], [4651.5, 160.0], [4650.75, 2000.0], [4649.5, 20.0], [4649.0, 10.0], [4648.75, 1490.0], [4648.5, 1257.0], [4648.25, 6981.0], [4648.0, 23269.0], [4647.5, 1526.0], [4647.25, 460.0], [4647.0, 1534.0], [4646.0, 1526.0], [4645.75, 6387.0], [4645.0, 1481.0], [4644.5, 444.0], [4644.25, 1479.0], [4643.25, 1526.0], [4641.75, 20431.0]], "asks": [[4653.75, 160.0], [4654.5, 42820.0], [4655.0, 14239.0], [4655.75, 2500.0], [4656.25, 100.0], [4658.5, 10.0], [4659.0, 1479.0], [4659.25, 1147.0], [4659.5, 4000.0], [4660.5, 1490.0], [4661.0, 1510.0], [4662.0, 1510.0], [4662.25, 6423.0], [4662.5, 91476.0], [4665.5, 1476.0], [4666.25, 18202.0], [4667.25, 1487.0], [4667.75, 1512.0], [4668.25, 40400.0], [4668.5, 37163.0]]}}}
{"jsonrpc": "2.0", "method": "subscription", "params": {"channel": "book.ETH-5SEP25.none.20.100ms", "data": {"timestamp": 1756308227935, "change_id": 83887157274, "instrument_name": "ETH-5SEP25", "bids": [[4652.5, 14239.0], [4652.0, 160.0], [4651.75, 2500.0], [4651.0, 600.0], [4650.75, 2000.0], [4649.25, 20.0], [4649.0, 457.0], [4648.75, 1867.0], [4648.5, 1257.0], [4648.25, 6981.0], [4648.0, 23269.0], [4647.75, 458.0], [4647.5, 1526.0], [4647.25, 460.0], [4647.0, 2734.0], [4646.75, 4000.0], [4646.5, 1507.0], [4646.25, 458.0], [4646.0, 3442.0], [4645.75, 6387.0]], "asks": [[4654.75, 910.0], [4655.0, 2500.0], [4655.5, 4272.0], [4655.75, 14839.0], [4656.0, 2000.0], [4656.25, 100.0], [4658.5, 10.0], [4659.0, 1479.0], [4659.25, 1147.0], [4659.5, 4000.0], [4660.5, 1490.0], [4661.0, 1510.0], [4662.0, 1510.0], [4662.25, 6423.0], [4662.5, 91476.0], [4665.5, 1476.0], [4666.25, 18202.0], [4667.25, 1487.0], [4667.75, 1512.0], [4668.25, 40400.0]]}}}
{"jsonrpc": "2.0", "method": "subscription", "params": {"channel": "book.ETH-5SEP25.none.20.100ms", "data": {"timestamp": 1756308228178, "change_id": 83887157630, "instrument_name": "ETH-5SEP25", "bids": [[4652.75, 2000.0], [4652.5, 14239.0], [4652.25, 2500.0], [4652.0, 160.0], [4651.0, 600.0], [4650.75, 2000.0], [4649.25, 20.0], [4649.0, 457.0], [4648.75, 1867.0], [4648.5, 1257.0], [4648.25, 6981.0], [4648.0, 23269.0], [4647.75, 458.0], [4647.5, 1526.0], [4647.25, 460.0], [4647.0, 2734.0], [4646.75, 4452.0], [4646.5, 1507.0], [4646.25, 458.0], [4646.0, 3442.0]], "asks": [[4654.25, 1536.0], [4654.5, 4587.0], [4654.75, 750.0], [4655.0, 2500.0], [4655.5, 4272.0], [4655.75, 14839.0], [4656.0, 2000.0], [4656.25, 100.0], [4658.5, 10.0], [4658.75, 444.0], [4659.0, 1479.0], [4659.25, 1147.0], [4659.5, 4000.0], [4660.25, 447.0], [4660.5, 1490.0], [4660.75, 453.0], [4661.0, 1510.0], [4661.75, 453.0], [4662.0, 3437.0], [4662.25, 6423.0]]}}}
{"jsonrpc": "2.0", "method": "subscription", "params": {"channel": "book.ETH-5SEP25.none.20.100ms", "data": {"timestamp": 1756308228534, "change_id": 83887158531, "instrument_name": "ETH-5SEP25", "bids": [[4653.0, 1000.0], [4652.75, 1000.0], [4652.5, 14239.0], [4652.25, 2500.0], [4652.0, 160.0], [4651.0, 600.0], [4650.75, 2000.0], [4649.25, 20.0], [4649.0, 457.0], [4648.75, 1867.0], [4648.5, 1257.0], [4648.25, 6981.0], [4648.0, 23269.0], [4647.75, 458.0], [4647.5, 1526.0], [4647.25, 460.0], [4647.0, 2734.0], [4646.75, 4452.0], [4646.5, 1507.0], [4646.25, 458.0]], "asks": [[4653.5, 300.0], [4653.75, 1000.0], [4654.25, 1536.0], [4654.5, 4587.0], [4654.75, 750.0], [4655.0, 2500.0], [4655.5, 4272.0], [4655.75, 14839.0], [4656.0, 2000.0], [4656.25, 100.0], [4658.5, 10.0], [4658.75, 444.0], [4659.0, 1479.0], [4659.25, 1147.0], [4659.5, 4000.0], [4660.25, 447.0], [4660.5, 1490.0], [4660.75, 453.0], [4661.0, 1510.0], [4661.75, 453.0]]}}}
{"jsonrpc": "2.0", "method": "subscription", "params": {"channel": "book.ETH-5SEP25.none.20.100ms", "data": {"timestamp": 1756308228917, "change_id": 83887159795, "instrument_name": "ETH-5SEP25", "bids": [[4652.75, 1000.0], [4652.25, 1000.0], [4651.75, 16739.0], [4651.25, 160.0], [4649.75, 600.0], [4649.5, 2000.0], [4649.0, 457.0], [4648.75, 1867.0], [4648.5, 1277.0], [4648.25, 6981.0], [4648.0, 23269.0], [4647.75, 458.0], [4647.5, 1526.0], [4647.25, 460.0], [4647.0, 2734.0], [4646.75, 4452.0], [4646.5, 1507.0], [4646.25, 458.0], [4646.0, 1526.0], [4645.75, 452.0]], "asks": [[4653.75, 160.0], [4654.25, 1376.0], [4654.5, 4587.0], [4654.75, 4928.0], [4655.0, 16739.0], [4655.75, 600.0], [4656.0, 2000.0], [4656.25, 100.0], [4658.5, 10.0], [4658.75, 444.0], [4659.0, 1479.0], [4659.25, 1147.0], [4659.5, 4000.0], [4660.25, 447.0], [4660.5, 1490.0], [4660.75, 453.0], [4661.0, 1510.0], [4661.75, 453.0], [4662.0, 3437.0], [4662.25, 6423.0]]}}}
{"jsonrpc": "2.0", "method": "subscription", "params": {"channel": "book.ETH-5SEP25.none.20.100ms", "data": {"timestamp": 1756308229114, "change_id": 83887160018, "instrument_name": "ETH-5SEP25", "bids": [[4652.75, 1000.0], [4652.25, 1000.0], [4651.75, 16739.0], [4651.25, 160.0], [4649.75, 600.0], [4649.5, 2000.0], [4649.25, 20.0], [4649.0, 457.0], [4648.75, 1867.0], [4648.5, 1257.0], [4648.25, 6981.0], [4648.0, 23269.0], [4647.75, 458.0], [4647.5, 1526.0], [4647.25, 460.0], [4647.0, 2734.0], [4646.75, 4452.0], [4646.5, 1507.0], [4646.25, 458.0], [4646.0, 1526.0]], "asks": [[4653.75, 160.0], [4654.25, 1954.0], [4654.5, 7087.0], [4654.75, 4928.0], [4655.0, 14239.0], [4655.75, 600.0], [4656.0, 2000.0], [4656.25, 100.0], [4658.5, 10.0], [4658.75, 444.0], [4659.0, 1479.0], [4659.25, 1147.0], [4659.5, 4000.0], [4660.25, 447.0], [4660.5, 1490.0], [4660.75, 453.0], [4661.0, 1510.0], [4661.75, 453.0], [4662.0, 3437.0], [4662.25, 6423.0]]}}}
{"jsonrpc": "2.0", "method": "subscription", "params": {"channel": "book.ETH-5SEP25.none.20.100ms", "data": {"timestamp": 1756308229498, "change_id": 83887161236, "instrument_name": "ETH-5SEP25", "bids": [[4652.75, 1000.0], [4652.25, 1000.0], [4651.75, 16739.0], [4651.25, 160.0], [4649.75, 600.0], [4649.5, 2000.0], [4649.25, 20.0], [4649.0, 457.0], [4648.75, 1867.0], [4648.5, 1257.0], [4648.25, 6981.0], [4648.0, 23269.0], [4647.75, 458.0], [4647.5, 1526.0], [4647.25, 460.0], [4647.0, 2734.0], [4646.75, 4452.0], [4646.5, 1507.0], [4646.25, 458.0], [4646.0, 1526.0]], "asks": [[4653.25, 160.0], [4654.25, 578.0], [4654.5, 2500.0], [4654.75, 4928.0], [4655.0, 14239.0], [4655.75, 600.0], [4656.0, 2000.0], [4656.25, 100.0], [4658.5, 10.0], [4658.75, 444.0], [4659.0, 1479.0], [4659.25, 1147.0], [4659.5, 4000.0], [4660.25, 447.0], [4660.5, 1490.0], [4660.75, 453.0], [4661.0, 1510.0], [4661.75, 453.0], [4662.0, 3437.0], [4662.25, 6423.0]]}}}
{"jsonrpc": "2.0", "method": "subscription", "params": {"channel": "book.ETH-5SEP25.none.20.100ms", "data": {"timestamp": 1756308229865, "change_id": 83887161560, "instrument_name": "ETH-5SEP25", "bids": [[4652.75, 1000.0], [4652.25, 1000.0], [4651.75, 16739.0], [4651.25, 160.0], [4649.75, 600.0], [4649.5, 2000.0], [4649.25, 20.0], [4649.0, 457.0], [4648.75, 1490.0], [4648.25, 6981.0], [4648.0, 23269.0], [4647.75, 458.0], [4647.5, 1526.0], [4647.25, 460.0], [4647.0, 2734.0], [4646.75, 4452.0], [4646.5, 1507.0], [4646.25, 458.0], [4646.0, 1526.0], [4645.75, 452.0]], "asks": [[4653.25, 1160.0], [4653.5, 3554.0], [4653.75, 11847.0], [4654.25, 578.0], [4654.5, 2500.0], [4654.75, 4928.0], [4655.0, 14239.0], [4655.75, 600.0], [4656.0, 2000.0], [4656.25, 100.0], [4658.5, 10.0], [4658.75, 444.0], [4659.0, 1479.0], [4659.25, 1147.0], [4659.5, 4000.0], [4660.25, 447.0], [4660.5, 1490.0], [4660.75, 453.0], [4661.0, 1510.0], [4661.75, 453.0]]}}}
{"jsonrpc": "2.0", "method": "subscription", "params": {"channel": "book.ETH-5SEP25.none.20.100ms", "data": {"timestamp": 1756308230160, "change_id": 83887162273, "instrument_name": "ETH-5SEP25", "bids": [[4651.75, 2500.0], [4651.5, 14239.0], [4651.25, 1160.0], [4649.75, 600.0], [4649.5, 2000.0], [4649.25, 20.0], [4649.0, 10.0], [4648.25, 6981.0], [4648.0, 23269.0], [4647.75, 458.0], [4647.5, 1526.0], [4647.25, 460.0], [4647.0, 2734.0], [4646.75, 4452.0], [4646.5, 1507.0], [4646.25, 458.0], [4646.0, 1526.0], [4645.75, 452.0], [4645.5, 1507.0], [4645.25, 444.0]], "asks": [[4653.25, 160.0], [4653.5, 3554.0], [4653.75, 11847.0], [4654.25, 578.0], [4654.5, 2500.0], [4654.75, 4928.0], [4655.0, 14239.0], [4655.75, 600.0], [4656.0, 2000.0], [4656.25, 100.0], [4658.5, 10.0], [4658.75, 444.0], [4659.0, 1479.0], [4659.25, 2984.0], [4659.5, 10423.0], [4660.25, 447.0], [4660.5, 1490.0], [4660.75, 453.0], [4661.0, 1510.0], [4661.75, 453.0]]}}}
{"jsonrpc": "2.0", "method": "subscription", "params": {"channel": "book.ETH-5SEP25.none.20.100ms", "data": {"timestamp": 1756308230587, "change_id": 83887163486, "instrument_name": "ETH-5SEP25", "bids": [[4652.0, 700.0], [4651.75, 3200.0], [4651.5, 14239.0], [4651.25, 1160.0], [4649.75, 600.0], [4649.5, 2000.0], [4649.25, 20.0], [4649.0, 10.0], [4648.75, 452.0], [4648.5, 1507.0], [4648.25, 6981.0], [4648.0, 23269.0], [4647.75, 458.0], [4647.5, 1526.0], [4647.25, 460.0], [4647.0, 2734.0], [4646.75, 4452.0], [4646.5, 1507.0], [4646.25, 458.0], [4646.0, 1526.0]], "asks": [[4654.0, 160.0], [4654.25, 578.0], [4654.5, 2500.0], [4654.75, 4928.0], [4655.0, 14239.0], [4655.75, 600.0], [4656.0, 2000.0], [4656.25, 100.0], [4658.5, 10.0], [4658.75, 444.0], [4659.0, 1479.0], [4659.25, 2984.0], [4659.5, 10423.0], [4660.25, 447.0], [4660.5, 1490.0], [4660.75, 453.0], [4661.0, 1510.0], [4661.75, 453.0], [4662.0, 1510.0], [4662.5, 91476.0]]}}}
{"jsonrpc": "2.0", "method": "subscription", "params": {"channel": "book.ETH-5SEP25.none.20.100ms", "data": {"timestamp": 1756308230935, "change_id": 83887164243, "instrument_name": "ETH-5SEP25", "bids": [[4651.25, 1000.0], [4651.0, 160.0], [4649.75, 600.0], [4649.5, 2000.0], [4649.25, 20.0], [4649.0, 10.0], [4648.75, 452.0], [4648.5, 1507.0], [4648.25, 6981.0], [4648.0, 23269.0], [4647.75, 458.0], [4647.5, 1526.0], [4647.25, 460.0], [4647.0, 2734.0], [4646.75, 4452.0], [4646.5, 1507.0], [4646.25, 458.0], [4646.0, 1526.0], [4645.75, 452.0], [4645.5, 1507.0]], "asks": [[4653.0, 300.0], [4653.25, 1000.0], [4653.75, 5040.0], [4654.0, 16799.0], [4654.25, 578.0], [4654.5, 2500.0], [4654.75, 4928.0], [4655.0, 14239.0], [4655.75, 600.0], [4656.0, 2000.0], [4656.25, 100.0], [4658.5, 10.0], [4658.75, 444.0], [4659.0, 1479.0], [4659.25, 2984.0], [4659.5, 10423.0], [4660.25, 447.0], [4660.5, 1490.0], [4660.75, 453.0], [4661.0, 1510.0]]}}}
{"jsonrpc": "2.0", "method": "subscription", "params": {"channel": "book.ETH-5SEP25.none.20.100ms", "data": {"timestamp": 1756308231258, "change_id": 83887165519, "instrument_name": "ETH-5SEP25", "bids": [[4652.75, 1000.0], [4652.25, 14239.0], [4652.0, 1000.0], [4651.5, 160.0], [4650.25, 934.0], [4650.0, 3200.0], [4649.75, 600.0], [4649.5, 2000.0], [4649.25, 20.0], [4649.0, 10.0], [4648.75, 452.0], [4648.5, 1507.0], [4648.25, 6981.0], [4648.0, 23269.0], [4647.75, 458.0], [4647.5, 1526.0], [4647.25, 460.0], [4647.0, 2734.0], [4646.75, 4452.0], [4646.5, 1507.0]], "asks": [[4654.25, 160.0], [4655.25, 210.0], [4655.5, 700.0], [4655.75, 600.0], [4656.0, 2000.0], [4656.25, 100.0], [4658.5, 10.0], [4658.75, 444.0], [4659.0, 1479.0], [4659.25, 2984.0], [4659.5, 10423.0], [4660.25, 447.0], [4660.5, 1490.0], [4660.75, 453.0], [4661.0, 1510.0], [4662.0, 1510.0], [4662.25, 27443.0], [4662.5, 91476.0], [4666.0, 18202.0], [4667.25, 1487.0]]}}}
{"jsonrpc": "2.0", "method": "subscription", "params": {"channel": "book.ETH-5SEP25.none.20.100ms", "data": {"timestamp": 1756308231595, "change_id": 83887166241, "instrument_name": "ETH-5SEP25", "bids": [[4652.5, 1000.0], [4652.25, 14239.0], [4652.0, 1000.0], [4651.5, 160.0], [4651.25, 2500.0], [4650.25, 210.0], [4650.0, 700.0], [4649.75, 600.0], [4649.5, 2000.0], [4649.25, 20.0], [4649.0, 10.0], [4648.75, 452.0], [4648.5, 1507.0], [4648.25, 6981.0], [4648.0, 23269.0], [4647.75, 458.0], [4647.5, 1526.0], [4647.25, 460.0], [4647.0, 2734.0], [4646.75, 4452.0]], "asks": [[4653.25, 300.0], [4653.5, 1000.0], [4654.0, 258.0], [4654.25, 860.0], [4654.5, 6602.0], [4654.75, 22008.0], [4655.25, 4455.0], [4655.5, 16739.0], [4655.75, 600.0], [4656.0, 2000.0], [4656.25, 100.0], [4658.5, 10.0], [4658.75, 444.0], [4659.0, 1479.0], [4659.25, 2984.0], [4659.5, 10423.0], [4660.25, 447.0], [4660.5, 1490.0], [4660.75, 453.0], [4661.0, 1510.0]]}}}
{"jsonrpc": "2.0", "method": "subscription", "params": {"channel": "book.ETH-5SEP25.none.20.100ms", "data": {"timestamp": 1756308231728, "change_id": 83887166478, "instrument_name": "ETH-5SEP25", "bids": [[4652.5, 1000.0], [4652.0, 15239.0], [4651.5, 160.0], [4651.25, 2500.0], [4650.25, 210.0], [4650.0, 700.0], [4649.75, 600.0], [4649.5, 2000.0], [4649.25, 20.0], [4649.0, 10.0], [4648.75, 452.0], [4648.5, 1507.0], [4648.25, 6981.0], [4648.0, 23269.0], [4647.75, 458.0], [4647.5, 1526.0], [4647.25, 460.0], [4647.0, 2734.0], [4646.75, 4452.0], [4646.5, 1507.0]], "asks": [[4653.75, 160.0], [4654.0, 258.0], [4654.25, 700.0], [4654.75, 750.0], [4655.0, 2500.0], [4655.25, 4455.0], [4655.5, 14239.0], [4655.75, 600.0], [4656.0, 2000.0], [4656.25, 100.0], [4658.5, 10.0], [4658.75, 444.0], [4659.0, 1479.0], [4659.25, 2984.0], [4659.5, 10423.0], [4660.25, 447.0], [4660.5, 1490.0], [4660.75, 453.0], [4661.0, 1510.0], [4662.0, 1510.0]]}}}
{"jsonrpc": "2.0", "method": "subscription", "params": {"channel": "book.ETH-5SEP25.none.20.100ms", "data": {"timestamp": 1756308232275, "change_id": 83887167382, "instrument_name": "ETH-5SEP25", "bids": [[4652.5, 1700.0], [4652.25, 700.0], [4652.0, 14239.0], [4651.5, 910.0], [4651.25, 2500.0], [4650.25, 210.0], [4650.0, 700.0], [4649.75, 600.0], [4649.5, 2000.0], [4649.25, 20.0], [4649.0, 10.0], [4648.75, 452.0], [4648.5, 1507.0], [4648.25, 6981.0], [4648.0, 23269.0], [4647.75, 458.0], [4647.5, 1526.0], [4647.25, 460.0], [4647.0, 2734.0], [4646.75, 4452.0]], "asks": [[4653.5, 348.0], [4653.75, 1160.0], [4654.75, 750.0], [4655.0, 2500.0], [4655.25, 4455.0], [4655.5, 14239.0], [4655.75, 600.0], [4656.0, 2000.0], [4656.25, 100.0], [4658.5, 10.0], [4658.75, 444.0], [4659.0, 1479.0], [4659.25, 2984.0], [4659.5, 10423.0], [4660.25, 447.0], [4660.5, 1490.0], [4660.75, 453.0], [4661.0, 1510.0], [4662.0, 1510.0], [4662.25, 27443.0]]}}}
{"jsonrpc": "2.0", "method": "subscription", "params": {"channel": "book.ETH-5SEP25.none.20.100ms", "data": {"timestamp": 1756308232522, "change_id": 83887167974, "instrument_name": "ETH-5SEP25", "bids": [[4652.75, 1000.0], [4652.5, 1700.0], [4652.25, 700.0], [4652.0, 14239.0], [4651.75, 2500.0], [4651.5, 160.0], [4650.25, 210.0], [4650.0, 700.0], [4649.75, 600.0], [4649.5, 2000.0], [4649.25, 20.0], [4649.0, 10.0], [4648.75, 452.0], [4648.5, 1507.0], [4648.25, 6981.0], [4648.0, 23269.0], [4647.75, 458.0], [4647.5, 1526.0], [4647.25, 460.0], [4647.0, 2734.0]], "asks": [[4653.5, 348.0], [4653.75, 1160.0], [4654.0, 8955.0], [4654.25, 30059.0], [4654.5, 910.0], [4654.75, 1450.0], [4655.0, 2500.0], [4655.25, 4455.0], [4655.5, 14239.0], [4655.75, 600.0], [4656.0, 2000.0], [4656.25, 100.0], [4658.5, 10.0], [4658.75, 444.0], [4659.0, 1479.0], [4659.25, 2984.0], [4659.5, 10423.0], [4660.25, 447.0], [4660.5, 1490.0], [4660.75, 453.0]]}}}
{"jsonrpc": "2.0", "method": "subscription", "params": {"channel": "book.ETH-5SEP25.none.20.100ms", "data": {"timestamp": 1756308232919, "change_id": 83887168537, "instrument_name": "ETH-5SEP25", "bids": [[4652.5, 1000.0], [4652.25, 700.0], [4652.0, 14239.0], [4651.75, 2500.0], [4651.5, 160.0], [4650.25, 210.0], [4650.0, 700.0], [4649.75, 600.0], [4649.5, 2000.0], [4649.25, 20.0], [4649.0, 10.0], [4648.75, 452.0], [4648.5, 1507.0], [4648.25, 6981.0], [4648.0, 23269.0], [4647.75, 458.0], [4647.5, 1526.0], [4647.25, 460.0], [4647.0, 2734.0], [4646.75, 4452.0]], "asks": [[4653.25, 300.0], [4653.5, 1000.0], [4653.75, 160.0], [4654.25, 210.0], [4654.5, 910.0], [4654.75, 1450.0], [4655.0, 2500.0], [4655.25, 4455.0], [4655.5, 14239.0], [4655.75, 600.0], [4656.0, 2000.0], [4656.25, 100.0], [4658.5, 10.0], [4658.75, 444.0], [4659.0, 1479.0], [4659.25, 2984.0], [4659.5, 10423.0], [4660.25, 447.0], [4660.5, 1490.0], [4660.75, 453.0]]}}}
{"jsonrpc": "2.0", "method": "subscription", "params": {"channel": "book.ETH-5SEP25.none.20.100ms", "data": {"timestamp": 1756308233001, "change_id": 83887169220, "instrument_name": "ETH-5SEP25", "bids": [[4652.5, 1000.0], [4652.25, 700.0], [4652.0, 14399.0], [4651.75, 2500.0], [4650.25, 210.0], [4650.0, 700.0], [4649.75, 600.0], [4649.5, 2000.0], [4649.25, 20.0], [4649.0, 10.0], [4648.75, 452.0], [4648.5, 1507.0], [4648.25, 6981.0], [4648.0, 23269.0], [4647.75, 458.0], [4647.5, 1526.0], [4647.25, 460.0], [4647.0, 2734.0], [4646.75, 4452.0], [4646.5, 1507.0]], "asks": [[4653.75, 160.0], [4654.25, 210.0], [4654.5, 910.0], [4654.75, 1450.0], [4655.0, 2500.0], [4655.25, 4455.0], [4655.5, 14239.0], [4655.75, 600.0], [4656.0, 2000.0], [4656.25, 100.0], [4658.5, 10.0], [4658.75, 444.0], [4659.0, 1479.0], [4659.25, 2984.0], [4659.5, 10423.0], [4660.25, 447.0], [4660.5, 1490.0], [4660.75, 453.0], [4661.0, 1510.0], [4662.0, 1510.0]]}}}
{"jsonrpc": "2.0", "method": "subscription", "params": {"channel": "book.ETH-5SEP25.none.20.100ms", "data": {"timestamp": 1756308233556, "change_id": 83887170547, "instrument_name": "ETH-5SEP25", "bids": [[4652.75, 2500.0], [4652.5, 1000.0], [4652.25, 700.0], [4652.0, 14399.0], [4650.25, 210.0], [4650.0, 700.0], [4649.75, 600.0], [4649.5, 2000.0], [4649.25, 20.0], [4649.0, 10.0], [4648.75, 452.0], [4648.5, 1507.0], [4648.25, 6981.0], [4648.0, 23269.0], [4647.75, 458.0], [4647.5, 1526.0], [4647.25, 460.0], [4647.0, 2734.0], [4646.75, 4452.0], [4646.5, 1507.0]], "asks": [[4654.25, 13029.0], [4654.5, 43189.0], [4654.75, 750.0], [4655.0, 2500.0], [4655.25, 4455.0], [4655.5, 14239.0], [4655.75, 600.0], [4656.0, 2000.0], [4656.25, 100.0], [4658.5, 10.0], [4658.75, 444.0], [4659.0, 1479.0], [4659.25, 2984.0], [4659.5, 10423.0], [4660.25, 447.0], [4660.5, 1490.0], [4662.0, 1510.0], [4662.25, 27443.0], [4662.5, 91476.0], [4663.75, 18202.0]]}}}
{"jsonrpc": "2.0", "method": "subscription", "params": {"channel": "book.ETH-5SEP25.none.20.100ms", "data": {"timestamp": 1756308233919, "change_id": 83887171097, "instrument_name": "ETH-5SEP25", "bids": [[4653.0, 1000.0], [4652.75, 2500.0], [4652.5, 1000.0], [4652.25, 700.0], [4652.0, 14399.0], [4650.25, 210.0], [4650.0, 700.0], [4649.75, 600.0], [4649.5, 2000.0], [4649.25, 20.0], [4649.0, 10.0], [4648.75, 452.0], [4648.5, 1507.0], [4648.25, 6981.0], [4648.0, 23269.0], [4647.75, 458.0], [4647.5, 1526.0], [4647.25, 460.0], [4647.0, 2734.0], [4646.75, 4452.0]], "asks": [[4653.5, 300.0], [4653.75, 1000.0], [4654.5, 160.0], [4654.75, 750.0], [4655.0, 2500.0], [4655.25, 4455.0], [4655.5, 14239.0], [4655.75, 600.0], [4656.0, 2000.0], [4656.25, 100.0], [4658.5, 10.0], [4658.75, 444.0], [4659.0, 1479.0], [4659.25, 2984.0], [4659.5, 10423.0], [4660.25, 447.0], [4660.5, 1490.0], [4662.0, 1510.0], [4662.25, 27443.0], [4662.5, 91476.0]]}}}
{"jsonrpc": "2.0", "method": "subscription", "params": {"channel": "book.ETH-5SEP25.none.20.100ms", "data": {"timestamp": 1756308234203, "change_id": 83887171467, "instrument_name": "ETH-5SEP25", "bids": [[4652.75, 1000.0], [4652.5, 1000.0], [4652.0, 16899.0], [4650.25, 210.0], [4650.0, 700.0], [4649.75, 600.0], [4649.5, 2000.0], [4649.25, 20.0], [4649.0, 10.0], [4648.75, 452.0], [4648.5, 1507.0], [4648.25, 6981.0], [4648.0, 23269.0], [4647.75, 458.0], [4647.5, 1526.0], [4647.25, 460.0], [4647.0, 2734.0], [4646.75, 4452.0], [4646.5, 1507.0], [4646.25, 458.0]], "asks": [[4653.5, 300.0], [4653.75, 1000.0], [4654.0, 160.0], [4654.75, 750.0], [4655.0, 2500.0], [4655.25, 4455.0], [4655.5, 14239.0], [4655.75, 600.0], [4656.0, 2000.0], [4656.25, 100.0], [4658.5, 10.0], [4658.75, 444.0], [4659.0, 1479.0], [4659.25, 2984.0], [4659.5, 10423.0], [4660.25, 447.0], [4660.5, 1490.0], [4662.0, 1510.0], [4662.25, 27443.0], [4662.5, 91476.0]]}}}
{"jsonrpc": "2.0", "method": "subscription", "params": {"channel": "book.ETH-5SEP25.none.20.100ms", "data": {"timestamp": 1756308234564, "change_id": 83887172456, "instrument_name": "ETH-5SEP25", "bids": [[4652.5, 1000.0], [4652.25, 1000.0], [4651.5, 14239.0], [4651.0, 160.0], [4650.25, 210.0], [4650.0, 700.0], [4649.75, 600.0], [4649.5, 2000.0], [4649.25, 20.0], [4649.0, 10.0], [4648.75, 452.0], [4648.5, 1507.0], [4648.25, 6981.0], [4648.0, 23269.0], [4647.75, 458.0], [4647.5, 1526.0], [4647.25, 460.0], [4647.0, 2734.0], [4646.75, 4452.0], [4646.5, 1507.0]], "asks": [[4653.25, 210.0], [4653.5, 2699.0], [4653.75, 5256.0], [4654.25, 210.0], [4654.5, 4972.0], [4654.75, 14989.0], [4655.0, 2500.0], [4655.75, 600.0], [4656.0, 2000.0], [4656.25, 100.0], [4658.5, 10.0], [4658.75, 444.0], [4659.0, 1479.0], [4659.25, 2984.0], [4659.5, 10423.0], [4660.25, 447.0], [4660.5, 1490.0], [4662.0, 1510.0], [4662.25, 27443.0], [4662.5, 91476.0]]}}}
{"jsonrpc": "2.0", "method": "subscription", "params": {"channel": "book.ETH-5SEP25.none.20.100ms", "data": {"timestamp": 1756308234821, "change_id": 83887173235, "instrument_name": "ETH-5SEP25", "bids": [[4652.5, 1000.0], [4651.5, 16739.0], [4651.0, 160.0], [4650.25, 210.0], [4650.0, 700.0], [4649.75, 600.0], [4649.5, 2000.0], [4649.25, 20.0], [4649.0, 10.0], [4648.75, 452.0], [4648.5, 1507.0], [4648.25, 6981.0], [4648.0, 23269.0], [4647.75, 458.0], [4647.5, 1526.0], [4647.25, 460.0], [4647.0, 2734.0], [4646.75, 4452.0], [4646.5, 1507.0], [4646.25, 458.0]], "asks": [[4653.0, 1700.0], [4653.25, 210.0], [4653.5, 860.0], [4654.25, 934.0], [4654.5, 7472.0], [4654.75, 14989.0], [4655.75, 600.0], [4656.0, 2000.0], [4656.25, 100.0], [4658.5, 10.0], [4658.75, 444.0], [4659.0, 1479.0], [4659.25, 2984.0], [4659.5, 10423.0], [4660.25, 447.0], [4660.5, 1490.0], [4662.0, 1510.0], [4662.25, 27443.0], [4662.5, 91476.0], [4663.75, 18202.0]]}}}
{"jsonrpc": "2.0", "method": "subscription", "params": {"channel": "book.ETH-5SEP25.none.20.100ms", "data": {"timestamp": 1756308235224, "change_id": 83887173666, "instrument_name": "ETH-5SEP25", "bids": [[4652.5, 1000.0], [4652.25, 1000.0], [4651.5, 16739.0], [4651.0, 160.0], [4650.25, 210.0], [4650.0, 700.0], [4649.75, 600.0], [4649.5, 2000.0], [4649.25, 20.0], [4649.0, 10.0], [4648.75, 452.0], [4648.5, 1507.0], [4648.25, 6981.0], [4648.0, 23269.0], [4647.75, 458.0], [4647.5, 1526.0], [4647.25, 460.0], [4647.0, 2734.0], [4646.75, 4452.0], [4646.5, 1507.0]], "asks": [[4653.0, 12329.0], [4653.25, 39974.0], [4653.5, 860.0], [4654.25, 934.0], [4654.5, 7472.0], [4654.75, 14989.0], [4655.75, 600.0], [4656.0, 2000.0], [4656.25, 100.0], [4658.5, 10.0], [4658.75, 444.0], [4659.0, 1479.0], [4659.25, 2984.0], [4659.5, 10423.0], [4660.25, 447.0], [4660.5, 1490.0], [4662.0, 1510.0], [4662.25, 27443.0], [4662.5, 91476.0], [4663.75, 18202.0]]}}}
{"jsonrpc": "2.0", "method": "subscription", "params": {"channel": "book.ETH-5SEP25.none.20.100ms", "data": {"timestamp": 1756308235431, "change_id": 83887174214, "instrument_name": "ETH-5SEP25", "bids": [[4652.5, 1000.0], [4652.25, 1000.0], [4651.75, 700.0], [4651.5, 16739.0], [4651.0, 160.0], [4650.25, 210.0], [4650.0, 700.0], [4649.75, 600.0], [4649.5, 2000.0], [4649.25, 20.0], [4649.0, 10.0], [4648.75, 452.0], [4648.5, 1507.0], [4648.25, 6981.0], [4648.0, 23269.0], [4647.75, 458.0], [4647.5, 1526.0], [4647.25, 460.0], [4647.0, 2734.0], [4646.75, 4452.0]], "asks": [[4653.0, 12329.0], [4653.25, 39974.0], [4653.5, 160.0], [4654.25, 934.0], [4654.5, 7472.0], [4654.75, 14989.0], [4655.75, 600.0], [4656.0, 2000.0], [4656.25, 100.0], [4658.5, 10.0], [4658.75, 444.0], [4659.0, 1479.0], [4659.25, 2984.0], [4659.5, 10423.0], [4660.25, 447.0], [4660.5, 1490.0], [4662.0, 1510.0], [4662.25, 27443.0], [4662.5, 91476.0], [4663.75, 18202.0]]}}}
{"jsonrpc": "2.0", "method": "subscription", "params": {"channel": "book.ETH-5SEP25.none.20.100ms", "data": {"timestamp": 1756308235868, "change_id": 83887174672, "instrument_name": "ETH-5SEP25", "bids": [[4652.5, 1000.0], [4651.75, 700.0], [4651.5, 16739.0], [4651.0, 160.0], [4650.25, 210.0], [4650.0, 700.0], [4649.75, 600.0], [4649.5, 2000.0], [4649.25, 20.0], [4649.0, 10.0], [4648.75, 452.0], [4648.5, 1507.0], [4648.25, 6981.0], [4648.0, 23269.0], [4647.75, 458.0], [4647.5, 1526.0], [4647.25, 460.0], [4647.0, 2734.0], [4646.75, 4452.0], [4646.5, 1507.0]], "asks": [[4653.0, 12329.0], [4653.25, 38974.0], [4653.5, 160.0], [4654.25, 934.0], [4654.5, 7472.0], [4654.75, 14989.0], [4655.75, 600.0], [4656.0, 2000.0], [4656.25, 100.0], [4658.5, 10.0], [4658.75, 444.0], [4659.0, 1479.0], [4659.25, 2984.0], [4659.5, 10423.0], [4662.0, 1510.0], [4662.25, 27443.0], [4662.5, 91476.0], [4663.75, 18202.0], [4667.25, 1487.0], [4667.75, 1512.0]]}}}
{"jsonrpc": "2.0", "method": "subscription", "params": {"channel": "book.ETH-5SEP25.none.20.100ms", "data": {"timestamp": 1756308236585, "change_id": 83887175829, "instrument_name": "ETH-5SEP25", "bids": [[4652.5, 1000.0], [4652.25, 1000.0], [4651.75, 700.0], [4651.5, 16739.0], [4651.0, 160.0], [4650.25, 210.0], [4650.0, 700.0], [4649.75, 600.0], [4649.5, 2000.0], [4649.25, 20.0], [4649.0, 10.0], [4648.75, 452.0], [4648.5, 1507.0], [4648.25, 6981.0], [4648.0, 23269.0], [4647.75, 458.0], [4647.5, 1526.0], [4647.25, 460.0], [4647.0, 2734.0], [4646.75, 4452.0]], "asks": [[4653.0, 12329.0], [4653.25, 39974.0], [4653.5, 160.0], [4654.25, 934.0], [4654.5, 7472.0], [4654.75, 14989.0], [4655.75, 600.0], [4656.0, 2000.0], [4656.25, 100.0], [4658.5, 10.0], [4658.75, 444.0], [4659.0, 1479.0], [4659.25, 2984.0], [4659.5, 10423.0], [4662.0, 1510.0], [4662.25, 27443.0], [4662.5, 91476.0], [4663.75, 18202.0], [4667.25, 1487.0], [4667.75, 1512.0]]}}}
{"jsonrpc": "2.0", "method": "subscription", "params": {"channel": "book.ETH-5SEP25.none.20.100ms", "data": {"timestamp": 1756308237120, "change_id": 83887176908, "instrument_name": "ETH-5SEP25", "bids": [[4652.5, 1000.0], [4652.25, 1000.0], [4651.5, 14239.0], [4651.0, 160.0], [4650.75, 2500.0], [4650.25, 210.0], [4650.0, 700.0], [4649.75, 600.0], [4649.5, 2000.0], [4649.25, 20.0], [4649.0, 10.0], [4648.75, 452.0], [4648.5, 1507.0], [4648.25, 6981.0], [4648.0, 23269.0], [4647.75, 458.0], [4647.5, 1526.0], [4647.25, 460.0], [4647.0, 2734.0], [4646.75, 4452.0]], "asks": [[4653.0, 13489.0], [4653.25, 38974.0], [4653.75, 750.0], [4654.0, 2500.0], [4654.25, 210.0], [4654.5, 4972.0], [4654.75, 14989.0], [4655.75, 600.0], [4656.0, 2000.0], [4656.25, 100.0], [4658.5, 10.0], [4658.75, 444.0], [4659.0, 1479.0], [4659.25, 2984.0], [4659.5, 10423.0], [4662.0, 1510.0], [4662.25, 27443.0], [4662.5, 91476.0], [4663.75, 18202.0], [4667.25, 1487.0]]}}}
{"jsonrpc": "2.0", "method": "subscription", "params": {"channel": "book.ETH-5SEP25.none.20.100ms", "data": {"timestamp": 1756308237554, "change_id": 83887177889, "instrument_name": "ETH-5SEP25", "bids": [[4652.5, 1000.0], [4651.75, 1000.0], [4650.75, 16739.0], [4650.25, 160.0], [4649.75, 600.0], [4649.5, 2000.0], [4649.0, 30.0], [4648.25, 447.0], [4648.0, 1490.0], [4647.75, 458.0], [4647.5, 1526.0], [4647.25, 460.0], [4647.0, 2734.0], [4646.75, 4452.0], [4646.5, 1507.0], [4646.25, 458.0], [4646.0, 1526.0], [4645.75, 452.0], [4645.5, 1507.0], [4645.25, 444.0]], "asks": [[4652.75, 1700.0], [4653.0, 12489.0], [4653.25, 38974.0], [4653.75, 4928.0], [4654.0, 16739.0], [4655.75, 600.0], [4656.0, 2000.0], [4656.25, 100.0], [4658.5, 10.0], [4658.75, 444.0], [4659.0, 1479.0], [4659.25, 2984.0], [4659.5, 10423.0], [4662.0, 1510.0], [4662.25, 27443.0], [4662.5, 91476.0], [4663.75, 18202.0], [4667.25, 1487.0], [4667.75, 1512.0], [4668.25, 40400.0]]}}}
{"jsonrpc": "2.0", "method": "subscription", "params": {"channel": "book.ETH-5SEP25.none.20.100ms", "data": {"timestamp": 1756308237826, "change_id": 83887178872, "instrument_name": "ETH-5SEP25", "bids": [[4652.5, 1000.0], [4651.75, 1000.0], [4650.75, 16739.0], [4650.25, 160.0], [4649.75, 600.0], [4649.5, 2000.0], [4649.0, 2.0], [4648.75, 20.0], [4648.25, 447.0], [4648.0, 1490.0], [4647.75, 458.0], [4647.5, 1526.0], [4647.25, 460.0], [4647.0, 2734.0], [4646.75, 4452.0], [4646.5, 1507.0], [4646.25, 458.0], [4646.0, 1526.0], [4645.75, 452.0], [4645.5, 1515.0]], "asks": [[4652.75, 1700.0], [4653.0, 860.0], [4653.25, 724.0], [4653.5, 2500.0], [4653.75, 4928.0], [4654.0, 14239.0], [4655.5, 452.0], [4655.75, 2107.0], [4656.0, 2000.0], [4656.25, 100.0], [4658.5, 10.0], [4658.75, 444.0], [4659.0, 1479.0], [4659.25, 2984.0], [4659.5, 10423.0], [4662.0, 1510.0], [4662.25, 27443.0], [4662.5, 91476.0], [4663.75, 18202.0], [4667.25, 1487.0]]}}}
{"jsonrpc": "2.0", "method": "subscription", "params": {"channel": "book.ETH-5SEP25.none.20.100ms", "data": {"timestamp": 1756308238165, "change_id": 83887179492, "instrument_name": "ETH-5SEP25", "bids": [[4652.5, 1000.0], [4651.75, 1000.0], [4650.75, 16739.0], [4650.25, 160.0], [4649.75, 600.0], [4649.5, 2000.0], [4649.0, 2.0], [4648.5, 20.0], [4648.25, 447.0], [4648.0, 1490.0], [4647.75, 458.0], [4647.5, 1526.0], [4647.25, 460.0], [4647.0, 2734.0], [4646.75, 4452.0], [4646.5, 1507.0], [4646.25, 458.0], [4646.0, 1526.0], [4645.75, 452.0], [4645.5, 1515.0]], "asks": [[4652.75, 44504.0], [4653.0, 860.0], [4653.25, 724.0], [4653.5, 2500.0], [4653.75, 4928.0], [4654.0, 14239.0], [4655.5, 452.0], [4655.75, 2107.0], [4656.0, 2000.0], [4656.25, 100.0], [4658.5, 10.0], [4658.75, 444.0], [4659.0, 1479.0], [4659.25, 2984.0], [4659.5, 10423.0], [4662.0, 1510.0], [4662.25, 27443.0], [4662.5, 91476.0], [4663.75, 18202.0], [4667.25, 1487.0]]}}}
{"jsonrpc": "2.0", "method": "subscription", "params": {"channel": "book.ETH-5SEP25.none.20.100ms", "data": {"timestamp": 1756308238476, "change_id": 83887181046, "instrument_name": "ETH-5SEP25", "bids": [[4651.25, 1000.0], [4650.5, 14239.0], [4649.5, 2160.0], [4649.0, 2.0], [4648.5, 20.0], [4647.75, 458.0], [4647.5, 1526.0], [4647.25, 460.0], [4647.0, 2734.0], [4646.75, 4452.0], [4646.5, 1507.0], [4646.25, 458.0], [4646.0, 1526.0], [4645.75, 452.0], [4645.5, 1515.0], [4644.75, 452.0], [4644.5, 1507.0], [4644.25, 452.0], [4644.0, 3423.0], [4643.75, 6387.0]], "asks": [[4651.75, 910.0], [4652.0, 910.0], [4652.25, 1000.0], [4652.5, 14512.0], [4652.75, 42804.0], [4653.25, 724.0], [4653.5, 2500.0], [4653.75, 4928.0], [4654.0, 14239.0], [4654.75, 600.0], [4655.0, 2000.0], [4655.5, 452.0], [4655.75, 1507.0], [4656.25, 100.0], [4657.5, 452.0], [4657.75, 2707.0], [4658.0, 4000.0], [4658.5, 10.0], [4658.75, 444.0], [4659.0, 1479.0]]}}}
{"jsonrpc": "2.0", "method": "subscription", "params": {"channel": "book.ETH-5SEP25.none.20.100ms", "data": {"timestamp": 1756308238817, "change_id": 83887182503, "instrument_name": "ETH-5SEP25", "bids": [[4651.25, 1000.0], [4650.5, 14239.0], [4650.0, 2500.0], [4649.5, 160.0], [4649.0, 2.0], [4648.5, 600.0], [4648.25, 2000.0], [4647.75, 478.0], [4647.5, 1526.0], [4647.25, 460.0], [4647.0, 2734.0], [4646.75, 4452.0], [4646.5, 1507.0], [4646.25, 458.0], [4646.0, 1526.0], [4645.75, 455.0], [4645.5, 1515.0], [4644.75, 452.0], [4644.5, 1507.0], [4644.25, 452.0]], "asks": [[4651.75, 910.0], [4652.0, 1344.0], [4652.25, 1700.0], [4653.0, 4118.0], [4653.25, 14963.0], [4653.5, 2500.0], [4654.75, 600.0], [4655.0, 2000.0], [4655.5, 452.0], [4655.75, 1507.0], [4656.25, 100.0], [4657.5, 452.0], [4657.75, 2707.0], [4658.0, 4000.0], [4658.5, 10.0], [4658.75, 444.0], [4659.0, 1479.0], [4659.25, 1784.0], [4659.5, 6423.0], [4662.0, 1510.0]]}}}
{"jsonrpc": "2.0", "method": "subscription", "params": {"channel": "book.ETH-5SEP25.none.20.100ms", "data": {"timestamp": 1756308239166, "change_id": 83887183242, "instrument_name": "ETH-5SEP25", "bids": [[4651.25, 1000.0], [4651.0, 1000.0], [4650.5, 14239.0], [4650.0, 2500.0], [4649.5, 160.0], [4649.0, 2.0], [4648.5, 600.0], [4648.25, 2000.0], [4648.0, 20.0], [4647.75, 458.0], [4647.5, 1526.0], [4647.25, 460.0], [4647.0, 2734.0], [4646.75, 4452.0], [4646.5, 1507.0], [4646.25, 458.0], [4646.0, 1526.0], [4645.75, 455.0], [4645.5, 1515.0], [4644.75, 452.0]], "asks": [[4651.75, 910.0], [4652.0, 1070.0], [4652.25, 700.0], [4652.75, 750.0], [4653.0, 6618.0], [4653.25, 14449.0], [4654.75, 600.0], [4655.0, 2000.0], [4655.5, 452.0], [4655.75, 1507.0], [4656.25, 100.0], [4657.5, 452.0], [4657.75, 2707.0], [4658.0, 4000.0], [4658.5, 10.0], [4658.75, 444.0], [4659.0, 1479.0], [4659.25, 1784.0], [4659.5, 6423.0], [4662.0, 1510.0]]}}}
{"jsonrpc": "2.0", "method": "subscription", "params": {"channel": "book.ETH-5SEP25.none.20.100ms", "data": {"timestamp": 1756308239429, "change_id": 83887184075, "instrument_name": "ETH-5SEP25", "bids": [[4651.25, 1000.0], [4651.0, 1000.0], [4650.5, 14239.0], [4650.0, 2500.0], [4649.5, 160.0], [4649.0, 2.0], [4648.5, 600.0], [4648.25, 2000.0], [4648.0, 20.0], [4647.75, 458.0], [4647.5, 1526.0], [4647.25, 460.0], [4647.0, 2734.0], [4646.75, 4452.0], [4646.5, 1507.0], [4646.25, 458.0], [4646.0, 1526.0], [4645.75, 455.0], [4645.5, 1515.0], [4644.75, 452.0]], "asks": [[4651.75, 13771.0], [4652.0, 44658.0], [4652.25, 210.0], [4652.5, 700.0], [4652.75, 750.0], [4653.0, 6618.0], [4653.25, 14449.0], [4654.75, 600.0], [4655.0, 2000.0], [4655.5, 452.0], [4655.75, 1507.0], [4656.25, 100.0], [4657.5, 452.0], [4657.75, 2707.0], [4658.0, 4000.0], [4658.5, 10.0], [4658.75, 444.0], [4659.0, 1479.0], [4659.25, 1784.0], [4659.5, 7930.0]]}}}
{"jsonrpc": "2.0", "method": "subscription", "params": {"channel": "book.ETH-5SEP25.none.20.100ms", "data": {"timestamp": 1756308239834, "change_id": 83887184868, "instrument_name": "ETH-5SEP25", "bids": [[4651.25, 1000.0], [4650.25, 14239.0], [4650.0, 2500.0], [4649.5, 160.0], [4648.5, 600.0], [4648.25, 2000.0], [4648.0, 20.0], [4647.75, 458.0], [4647.5, 1526.0], [4647.25, 460.0], [4647.0, 2734.0], [4646.75, 4452.0], [4646.5, 1507.0], [4646.25, 458.0], [4646.0, 1526.0], [4645.75, 457.0], [4645.5, 1515.0], [4644.75, 452.0], [4644.5, 1507.0], [4644.25, 452.0]], "asks": [[4651.75, 14771.0], [4652.0, 43658.0], [4652.25, 210.0], [4652.5, 700.0], [4652.75, 750.0], [4653.0, 6618.0], [4653.25, 14449.0], [4654.75, 600.0], [4655.0, 2000.0], [4655.5, 452.0], [4655.75, 1507.0], [4656.25, 100.0], [4657.5, 452.0], [4657.75, 2707.0], [4658.0, 4000.0], [4658.5, 10.0], [4658.75, 444.0], [4659.0, 1479.0], [4659.25, 1784.0], [4659.5, 7930.0]]}}}
{"jsonrpc": "2.0", "method": "subscription", "params": {"channel": "book.ETH-5SEP25.none.20.100ms", "data": {"timestamp": 1756308240057, "change_id": 83887185772, "instrument_name": "ETH-5SEP25", "bids": [[4651.25, 1000.0], [4651.0, 1000.0], [4650.25, 14239.0], [4650.0, 2500.0], [4649.5, 160.0], [4648.5, 600.0], [4648.25, 2000.0], [4647.25, 480.0], [4647.0, 1534.0], [4646.75, 452.0], [4646.5, 1507.0], [4646.25, 458.0], [4646.0, 1526.0], [4645.75, 457.0], [4645.5, 1515.0], [4645.25, 1200.0], [4645.0, 4000.0], [4644.75, 452.0], [4644.5, 1507.0], [4644.25, 452.0]], "asks": [[4651.5, 860.0], [4651.75, 13771.0], [4652.0, 43798.0], [4652.75, 750.0], [4653.0, 6618.0], [4653.25, 14449.0], [4654.75, 600.0], [4655.0, 2000.0], [4655.5, 452.0], [4655.75, 1507.0], [4656.25, 100.0], [4657.5, 452.0], [4657.75, 2707.0], [4658.0, 4000.0], [4658.5, 10.0], [4658.75, 444.0], [4659.0, 1479.0], [4659.25, 1784.0], [4659.5, 7930.0], [4661.25, 18202.0]]}}}
{"jsonrpc": "2.0", "method": "subscription", "params": {"channel": "book.ETH-5SEP25.none.20.100ms", "data": {"timestamp": 1756308240535, "change_id": 83887186697, "instrument_name": "ETH-5SEP25", "bids": [[4651.25, 1000.0], [4651.0, 14239.0], [4650.5, 2500.0], [4650.0, 160.0], [4648.5, 600.0], [4648.25, 2000.0], [4647.25, 480.0], [4647.0, 1534.0], [4646.75, 452.0], [4646.5, 1507.0], [4646.25, 458.0], [4646.0, 1526.0], [4645.75, 457.0], [4645.5, 1515.0], [4645.25, 1200.0], [4645.0, 4000.0], [4644.75, 452.0], [4644.5, 1507.0], [4644.25, 452.0], [4644.0, 1507.0]], "asks": [[4651.75, 700.0], [4652.25, 160.0], [4652.75, 750.0], [4653.0, 2500.0], [4653.75, 4272.0], [4654.0, 14239.0], [4654.75, 600.0], [4655.0, 2000.0], [4655.5, 452.0], [4655.75, 1507.0], [4656.25, 100.0], [4657.5, 452.0], [4657.75, 2707.0], [4658.0, 4000.0], [4658.5, 10.0], [4658.75, 444.0], [4659.0, 1479.0], [4659.25, 1784.0], [4659.5, 7930.0], [4660.75, 452.0]]}}}
{"jsonrpc": "2.0", "method": "subscription", "params": {"channel": "book.ETH-5SEP25.none.20.100ms", "data": {"timestamp": 1756308240858, "change_id": 83887187446, "instrument_name": "ETH-5SEP25", "bids": [[4651.25, 1000.0], [4650.5, 2500.0], [4650.25, 14239.0], [4650.0, 160.0], [4648.5, 600.0], [4648.25, 2000.0], [4647.25, 480.0], [4647.0, 1534.0], [4646.75, 452.0], [4646.5, 1507.0], [4646.25, 458.0], [4646.0, 1526.0], [4645.75, 457.0], [4645.5, 1515.0], [4645.25, 1200.0], [4645.0, 4000.0], [4644.75, 452.0], [4644.5, 1507.0], [4644.25, 452.0], [4644.0, 1507.0]], "asks": [[4651.75, 1000.0], [4652.0, 1700.0], [4652.25, 160.0], [4652.75, 750.0], [4653.0, 2500.0], [4653.25, 14239.0], [4654.75, 600.0], [4655.0, 2000.0], [4655.5, 452.0], [4655.75, 1507.0], [4656.25, 100.0], [4657.5, 452.0], [4657.75, 2707.0], [4658.0, 4000.0], [4658.5, 10.0], [4658.75, 444.0], [4659.0, 1479.0], [4659.25, 1784.0], [4659.5, 7930.0], [4660.75, 452.0]]}}}
{"jsonrpc": "2.0", "method": "subscription", "params": {"channel": "book.ETH-5SEP25.none.20.100ms", "data": {"timestamp": 1756308240962, "change_id": 83887188369, "instrument_name": "ETH-5SEP25", "bids": [[4651.25, 1000.0], [4649.75, 14239.0], [4649.5, 2500.0], [4649.25, 160.0], [4648.5, 600.0], [4648.25, 2000.0], [4647.25, 480.0], [4647.0, 1534.0], [4646.75, 452.0], [4646.5, 1507.0], [4646.25, 458.0], [4646.0, 1526.0], [4645.75, 457.0], [4645.5, 1515.0], [4645.25, 1200.0], [4645.0, 4000.0], [4644.75, 452.0], [4644.5, 1507.0], [4644.25, 452.0], [4644.0, 1507.0]], "asks": [[4651.75, 1070.0], [4652.0, 700.0], [4652.25, 750.0], [4652.5, 6802.0], [4652.75, 15091.0], [4653.0, 4272.0], [4653.25, 14239.0], [4654.5, 452.0], [4654.75, 2107.0], [4655.0, 2000.0], [4655.5, 452.0], [4655.75, 1507.0], [4656.25, 100.0], [4657.5, 452.0], [4657.75, 2707.0], [4658.0, 4000.0], [4658.5, 10.0], [4658.75, 444.0], [4659.0, 1479.0], [4659.25, 1784.0]]}}}
{"jsonrpc": "2.0", "method": "subscription", "params": {"channel": "book.ETH-5SEP25.none.20.100ms", "data": {"timestamp": 1756308241387, "change_id": 83887190802, "instrument_name": "ETH-5SEP25", "bids": [[4650.25, 1000.0], [4649.75, 15239.0], [4649.25, 160.0], [4648.25, 2000.0], [4647.25, 20.0], [4646.0, 1526.0], [4645.75, 2.0], [4645.5, 1515.0], [4645.0, 4000.0], [4644.5, 1507.0], [4644.0, 1507.0], [4643.5, 7644.0], [4643.25, 1526.0], [4642.75, 1507.0], [4642.5, 5030.0], [4642.25, 23396.0], [4641.75, 1534.0], [4641.25, 90000.0], [4640.75, 1534.0], [4640.25, 18865.0]], "asks": [[4651.25, 160.0], [4651.5, 700.0], [4651.75, 700.0], [4652.0, 700.0], [4652.25, 700.0], [4652.5, 17439.0], [4654.75, 1507.0], [4655.0, 2000.0], [4655.75, 1507.0], [4656.25, 100.0], [4657.75, 1507.0], [4658.0, 4000.0], [4658.5, 10.0], [4659.0, 1479.0], [4659.5, 7930.0], [4661.0, 1507.0], [4661.25, 18202.0], [4662.0, 1510.0], [4662.5, 91476.0], [4664.0, 1507.0]]}}}
{"jsonrpc": "2.0", "method": "subscription", "params": {"channel": "book.ETH-5SEP25.none.20.100ms", "data": {"timestamp": 1756308241856, "change_id": 83887191732, "instrument_name": "ETH-5SEP25", "bids": [[4649.75, 15239.0], [4649.5, 2500.0], [4649.25, 160.0], [4647.25, 620.0], [4647.0, 2000.0], [4646.25, 458.0], [4646.0, 1526.0], [4645.75, 457.0], [4645.5, 1515.0], [4645.25, 1200.0], [4645.0, 4000.0], [4644.75, 452.0], [4644.5, 1507.0], [4644.0, 1507.0], [4643.5, 1257.0], [4643.25, 1526.0], [4642.75, 7894.0], [4642.5, 5030.0], [4642.25, 23396.0], [4641.75, 1534.0]], "asks": [[4650.75, 8780.0], [4651.0, 27734.0], [4651.5, 700.0], [4651.75, 700.0], [4652.0, 3200.0], [4652.25, 700.0], [4652.5, 14939.0], [4654.0, 2000.0], [4654.75, 1507.0], [4655.75, 1507.0], [4656.25, 100.0], [4657.75, 1507.0], [4658.0, 4000.0], [4658.5, 10.0], [4659.0, 1479.0], [4659.5, 7930.0], [4661.0, 1507.0], [4661.25, 18202.0], [4662.0, 1510.0], [4662.5, 91476.0]]}}}
{"jsonrpc": "2.0", "method": "subscription", "params": {"channel": "book.ETH-5SEP25.none.20.100ms", "data": {"timestamp": 1756308242163, "change_id": 83887192261, "instrument_name": "ETH-5SEP25", "bids": [[4649.75, 15239.0], [4649.5, 2500.0], [4649.25, 160.0], [4647.25, 600.0], [4647.0, 2000.0], [4646.25, 458.0], [4646.0, 1546.0], [4645.75, 457.0], [4645.5, 1515.0], [4645.25, 1200.0], [4645.0, 4000.0], [4644.75, 452.0], [4644.5, 1507.0], [4644.25, 452.0], [4644.0, 1507.0], [4643.75, 377.0], [4643.5, 1715.0], [4643.25, 1526.0], [4643.0, 2368.0], [4642.75, 7894.0]], "asks": [[4650.75, 8780.0], [4651.0, 27734.0], [4651.25, 210.0], [4651.5, 910.0], [4651.75, 1660.0], [4652.0, 3410.0], [4652.25, 5182.0], [4652.5, 14939.0], [4653.75, 600.0], [4654.0, 2000.0], [4654.5, 452.0], [4654.75, 1507.0], [4655.5, 452.0], [4655.75, 1507.0], [4656.25, 100.0], [4657.5, 452.0], [4657.75, 2707.0], [4658.0, 4000.0], [4658.5, 10.0], [4658.75, 444.0]]}}}
{"jsonrpc": "2.0", "method": "subscription", "params": {"channel": "book.ETH-5SEP25.none.20.100ms", "data": {"timestamp": 1756308242507, "change_id": 83887193087, "instrument_name": "ETH-5SEP25", "bids": [[4649.75, 15239.0], [4649.5, 2500.0], [4648.5, 160.0], [4647.25, 600.0], [4647.0, 2000.0], [4646.25, 458.0], [4646.0, 1546.0], [4645.75, 457.0], [4645.5, 1515.0], [4645.25, 1200.0], [4645.0, 4000.0], [4644.75, 452.0], [4644.5, 1507.0], [4644.25, 452.0], [4644.0, 1507.0], [4643.75, 377.0], [4643.5, 1715.0], [4643.25, 1526.0], [4643.0, 2368.0], [4642.75, 7894.0]], "asks": [[4650.75, 8780.0], [4651.0, 27734.0], [4651.25, 210.0], [4651.5, 910.0], [4651.75, 1660.0], [4652.0, 3410.0], [4652.25, 5182.0], [4652.5, 14239.0], [4653.5, 452.0], [4653.75, 2107.0], [4654.0, 2000.0], [4654.5, 452.0], [4654.75, 1507.0], [4655.5, 452.0], [4655.75, 1507.0], [4656.25, 100.0], [4657.5, 452.0], [4657.75, 2707.0], [4658.0, 4000.0], [4658.5, 10.0]]}}}
{"jsonrpc": "2.0", "method": "subscription", "params": {"channel": "book.ETH-5SEP25.none.20.100ms", "data": {"timestamp": 1756308242662, "change_id": 83887193938, "instrument_name": "ETH-5SEP25", "bids": [[4649.75, 1000.0], [4649.0, 14239.0], [4648.5, 2660.0], [4647.25, 600.0], [4647.0, 2000.0], [4646.0, 20.0], [4645.75, 457.0], [4645.5, 1515.0], [4645.25, 1200.0], [4645.0, 4000.0], [4644.75, 452.0], [4644.5, 1507.0], [4644.25, 452.0], [4644.0, 1507.0], [4643.25, 1526.0], [4643.0, 452.0], [4642.75, 1507.0], [4642.5, 7019.0], [4642.25, 29783.0], [4642.0, 460.0]], "asks": [[4650.75, 8780.0], [4651.0, 27734.0], [4651.25, 934.0], [4651.5, 7655.0], [4651.75, 15899.0], [4652.0, 910.0], [4652.25, 700.0], [4653.5, 452.0], [4653.75, 2107.0], [4654.0, 2000.0], [4654.5, 452.0], [4654.75, 1507.0], [4655.5, 452.0], [4655.75, 1507.0], [4656.25, 100.0], [4657.5, 452.0], [4657.75, 2707.0], [4658.0, 4000.0], [4658.5, 10.0], [4658.75, 444.0]]}}}
{"jsonrpc": "2.0", "method": "subscription", "params": {"channel": "book.ETH-5SEP25.none.20.100ms", "data": {"timestamp": 1756308243044, "change_id": 83887194651, "instrument_name": "ETH-5SEP25", "bids": [[4650.0, 1000.0], [4649.75, 1000.0], [4649.25, 700.0], [4649.0, 14239.0], [4648.5, 160.0], [4647.25, 600.0], [4647.0, 2000.0], [4646.0, 20.0], [4645.75, 455.0], [4645.5, 1507.0], [4645.25, 1200.0], [4645.0, 4000.0], [4644.75, 452.0], [4644.5, 1507.0], [4644.25, 452.0], [4644.0, 1507.0], [4643.5, 458.0], [4643.25, 1526.0], [4643.0, 452.0], [4642.75, 1507.0]], "asks": [[4650.75, 8780.0], [4651.0, 28034.0], [4651.25, 1934.0], [4651.5, 7655.0], [4651.75, 15899.0], [4652.0, 910.0], [4652.25, 700.0], [4653.5, 452.0], [4653.75, 2107.0], [4654.0, 2000.0], [4654.5, 452.0], [4654.75, 1507.0], [4655.5, 452.0], [4655.75, 1507.0], [4656.25, 100.0], [4657.5, 452.0], [4657.75, 2707.0], [4658.0, 4000.0], [4658.5, 10.0], [4658.75, 444.0]]}}}
{"jsonrpc": "2.0", "method": "subscription", "params": {"channel": "book.ETH-5SEP25.none.20.100ms", "data": {"timestamp": 1756308243214, "change_id": 83887195710, "instrument_name": "ETH-5SEP25", "bids": [[4649.75, 1000.0], [4649.25, 700.0], [4649.0, 14399.0], [4647.25, 600.0], [4647.0, 2000.0], [4646.0, 20.0], [4645.75, 455.0], [4645.5, 1507.0], [4645.25, 1200.0], [4645.0, 4000.0], [4644.5, 1507.0], [4644.25, 452.0], [4644.0, 1507.0], [4643.5, 458.0], [4643.25, 1526.0], [4643.0, 452.0], [4642.75, 1507.0], [4642.25, 29783.0], [4642.0, 460.0], [4641.75, 1534.0]], "asks": [[4650.75, 160.0], [4652.75, 14239.0], [4653.5, 272.0], [4653.75, 1507.0], [4654.0, 2000.0], [4655.75, 1507.0], [4656.25, 100.0], [4657.75, 2707.0], [4658.0, 4000.0], [4658.5, 10.0], [4659.0, 1479.0], [4659.5, 7930.0], [4661.0, 1507.0], [4661.25, 18202.0], [4662.0, 1510.0], [4662.5, 91476.0], [4664.0, 1507.0], [4664.5, 38670.0], [4665.25, 19786.0], [4665.5, 40400.0]]}}}
{"jsonrpc": "2.0", "method": "subscription", "params": {"channel": "book.ETH-5SEP25.none.20.100ms", "data": {"timestamp": 1756308243602, "change_id": 83887196376, "instrument_name": "ETH-5SEP25", "bids": [[4649.75, 1000.0], [4649.25, 3200.0], [4649.0, 14399.0], [4647.25, 600.0], [4647.0, 2000.0], [4646.0, 20.0], [4645.75, 455.0], [4645.5, 1507.0], [4645.25, 1200.0], [4645.0, 4000.0], [4644.75, 452.0], [4644.5, 1507.0], [4644.25, 452.0], [4644.0, 1507.0], [4643.5, 458.0], [4643.25, 1526.0], [4643.0, 452.0], [4642.75, 1884.0], [4642.5, 10192.0], [4642.25, 29783.0]], "asks": [[4650.75, 12039.0], [4651.0, 42788.0], [4651.75, 750.0], [4652.0, 2500.0], [4652.5, 4272.0], [4652.75, 14239.0], [4653.5, 272.0], [4653.75, 2107.0], [4654.0, 2000.0], [4655.5, 452.0], [4655.75, 1507.0], [4656.25, 100.0], [4657.5, 452.0], [4657.75, 2707.0], [4658.0, 4000.0], [4658.5, 10.0], [4658.75, 444.0], [4659.0, 1479.0], [4659.25, 2379.0], [4659.5, 7930.0]]}}}
{"jsonrpc": "2.0", "method": "subscription", "params": {"channel": "book.ETH-5SEP25.none.20.100ms", "data": {"timestamp": 1756308244107, "change_id": 83887196970, "instrument_name": "ETH-5SEP25", "bids": [[4649.75, 15239.0], [4649.25, 3200.0], [4649.0, 160.0], [4647.25, 600.0], [4647.0, 2000.0], [4646.0, 20.0], [4645.75, 455.0], [4645.5, 1507.0], [4645.25, 1200.0], [4645.0, 4000.0], [4644.75, 452.0], [4644.5, 1507.0], [4644.25, 452.0], [4644.0, 1507.0], [4643.5, 458.0], [4643.25, 1526.0], [4643.0, 452.0], [4642.75, 1892.0], [4642.5, 10192.0], [4642.25, 29783.0]], "asks": [[4650.75, 11879.0], [4651.0, 42788.0], [4651.75, 160.0], [4652.5, 4272.0], [4652.75, 16739.0], [4653.5, 272.0], [4653.75, 2107.0], [4654.0, 2000.0], [4655.5, 452.0], [4655.75, 1507.0], [4656.25, 100.0], [4657.5, 452.0], [4657.75, 2707.0], [4658.0, 4000.0], [4658.5, 10.0], [4658.75, 444.0], [4659.0, 1479.0], [4659.25, 2379.0], [4659.5, 7930.0], [4661.0, 1507.0]]}}}
{"jsonrpc": "2.0", "method": "subscription", "params": {"channel": "book.ETH-5SEP25.none.20.100ms", "data": {"timestamp": 1756308244507, "change_id": 83887198236, "instrument_name": "ETH-5SEP25", "bids": [[4650.25, 1000.0], [4650.0, 3200.0], [4649.75, 14239.0], [4649.5, 160.0], [4648.25, 600.0], [4648.0, 2000.0], [4646.0, 20.0], [4645.75, 455.0], [4645.5, 1507.0], [4645.25, 1200.0], [4645.0, 4000.0], [4644.75, 452.0], [4644.5, 1507.0], [4644.25, 452.0], [4644.0, 1507.0], [4643.5, 458.0], [4643.25, 1526.0], [4643.0, 452.0], [4642.75, 1894.0], [4642.5, 10192.0]], "asks": [[4650.75, 9292.0], [4651.0, 42788.0], [4651.25, 160.0], [4652.25, 2500.0], [4652.5, 4272.0], [4652.75, 14239.0], [4653.5, 272.0], [4653.75, 2107.0], [4654.0, 2000.0], [4655.5, 452.0], [4655.75, 1507.0], [4656.25, 100.0], [4657.5, 452.0], [4657.75, 2707.0], [4658.0, 4000.0], [4658.5, 10.0], [4658.75, 444.0], [4659.0, 1479.0], [4659.25, 2379.0], [4659.5, 7930.0]]}}}
{"jsonrpc": "2.0", "method": "subscription", "params": {"channel": "book.ETH-5SEP25.none.20.100ms", "data": {"timestamp": 1756308244582, "change_id": 83887198632, "instrument_name": "ETH-5SEP25", "bids": [[4650.25, 1000.0], [4650.0, 700.0], [4649.75, 14239.0], [4649.25, 2500.0], [4648.75, 160.0], [4648.25, 600.0], [4648.0, 2000.0], [4646.0, 20.0], [4645.75, 455.0], [4645.5, 1507.0], [4645.25, 1200.0], [4645.0, 4000.0], [4644.75, 452.0], [4644.5, 1507.0], [4644.25, 452.0], [4644.0, 1507.0], [4643.5, 458.0], [4643.25, 1526.0], [4643.0, 452.0], [4642.75, 1894.0]], "asks": [[4651.25, 160.0], [4652.0, 750.0], [4652.25, 2500.0], [4652.5, 4272.0], [4652.75, 14239.0], [4653.5, 272.0], [4653.75, 2107.0], [4654.0, 2000.0], [4655.5, 452.0], [4655.75, 1507.0], [4656.25, 100.0], [4657.5, 452.0], [4657.75, 2707.0], [4658.0, 4000.0], [4658.5, 10.0], [4658.75, 444.0], [4659.0, 1479.0], [4659.25, 2379.0], [4659.5, 7930.0], [4661.0, 1507.0]]}}}
{"jsonrpc": "2.0", "method": "subscription", "params": {"channel": "book.ETH-5SEP25.none.20.100ms", "data": {"timestamp": 1756308245106, "change_id": 83887199274, "instrument_name": "ETH-5SEP25", "bids": [[4650.25, 1000.0], [4650.0, 700.0], [4649.75, 14239.0], [4649.25, 2500.0], [4648.75, 160.0], [4648.25, 600.0], [4648.0, 2000.0], [4646.0, 20.0], [4645.75, 455.0], [4645.5, 1507.0], [4645.25, 1200.0], [4645.0, 4000.0], [4644.75, 452.0], [4644.5, 1507.0], [4644.25, 452.0], [4644.0, 3423.0], [4643.75, 6387.0], [4643.5, 458.0], [4643.25, 1526.0], [4643.0, 452.0]], "asks": [[4651.25, 12645.0], [4651.5, 41617.0], [4652.0, 750.0], [4652.25, 2500.0], [4652.5, 4272.0], [4652.75, 14239.0], [4653.5, 272.0], [4653.75, 2107.0], [4654.0, 2000.0], [4655.5, 452.0], [4655.75, 1507.0], [4656.25, 100.0], [4657.0, 1927.0], [4657.25, 7930.0], [4657.5, 452.0], [4657.75, 2707.0], [4658.0, 4000.0], [4658.5, 10.0], [4658.75, 444.0], [4659.0, 1479.0]]}}}
{"jsonrpc": "2.0", "method": "subscription", "params": {"channel": "book.ETH-5SEP25.none.20.100ms", "data": {"timestamp": 1756308245337, "change_id": 83887200355, "instrument_name": "ETH-5SEP25", "bids": [[4650.75, 1000.0], [4650.25, 1000.0], [4650.0, 700.0], [4649.75, 16739.0], [4649.25, 160.0], [4648.25, 600.0], [4648.0, 2000.0], [4646.0, 20.0], [4645.75, 455.0], [4645.5, 1507.0], [4645.25, 1200.0], [4645.0, 4000.0], [4644.75, 452.0], [4644.5, 1507.0], [4644.25, 452.0], [4644.0, 3423.0], [4643.75, 6387.0], [4643.5, 458.0], [4643.25, 1526.0], [4643.0, 452.0]], "asks": [[4651.25, 12645.0], [4652.5, 4272.0], [4652.75, 14239.0], [4653.0, 2500.0], [4653.75, 600.0], [4654.0, 2000.0], [4655.5, 452.0], [4655.75, 1507.0], [4656.25, 100.0], [4657.0, 1927.0], [4657.25, 7930.0], [4657.5, 452.0], [4657.75, 2707.0], [4658.0, 4000.0], [4658.5, 10.0], [4658.75, 444.0], [4659.0, 1479.0], [4659.25, 452.0], [4659.5, 1507.0], [4661.0, 1507.0]]}}}
{"jsonrpc": "2.0", "method": "subscription", "params": {"channel": "book.ETH-5SEP25.none.20.100ms", "data": {"timestamp": 1756308245647, "change_id": 83887201122, "instrument_name": "ETH-5SEP25", "bids": [[4651.0, 1000.0], [4650.25, 1000.0], [4650.0, 700.0], [4649.75, 16899.0], [4648.25, 600.0], [4648.0, 2000.0], [4646.0, 20.0], [4645.75, 455.0], [4645.5, 1507.0], [4645.25, 1200.0], [4645.0, 4000.0], [4644.75, 452.0], [4644.5, 1507.0], [4644.25, 6839.0], [4644.0, 1507.0], [4643.5, 458.0], [4643.25, 1526.0], [4643.0, 452.0], [4642.75, 1894.0], [4642.5, 10192.0]], "asks": [[4651.5, 210.0], [4651.75, 1226.0], [4652.0, 2070.0], [4652.25, 910.0], [4652.5, 4972.0], [4652.75, 14989.0], [4653.0, 2500.0], [4653.75, 600.0], [4654.0, 2000.0], [4655.5, 452.0], [4655.75, 1507.0], [4656.25, 100.0], [4657.0, 1927.0], [4657.25, 7930.0], [4657.5, 452.0], [4657.75, 2707.0], [4658.0, 4000.0], [4658.5, 10.0], [4658.75, 444.0], [4659.0, 1479.0]]}}}
{"jsonrpc": "2.0", "method": "subscription", "params": {"channel": "book.ETH-5SEP25.none.20.100ms", "data": {"timestamp": 1756308246070, "change_id": 83887204158, "instrument_name": "ETH-5SEP25", "bids": [[4651.75, 14239.0], [4650.5, 160.0], [4650.25, 700.0], [4650.0, 700.0], [4649.75, 2500.0], [4646.0, 20.0], [4645.5, 1507.0], [4644.5, 1507.0], [4644.0, 1507.0], [4643.25, 1526.0], [4642.75, 1517.0], [4642.5, 1257.0], [4642.25, 23396.0], [4641.75, 6564.0], [4641.25, 90000.0], [4640.75, 1534.0], [4640.0, 1481.0], [4639.75, 10.0], [4638.5, 1481.0], [4638.25, 56890.0]], "asks": [[4653.75, 860.0], [4655.0, 14239.0], [4655.75, 1507.0], [4656.25, 100.0], [4657.25, 1507.0], [4657.75, 1507.0], [4658.0, 4000.0], [4658.5, 10.0], [4659.0, 1479.0], [4659.5, 7930.0], [4661.0, 1507.0], [4662.0, 1510.0], [4662.25, 90000.0], [4662.5, 1507.0], [4664.0, 1507.0], [4664.5, 1507.0], [4665.25, 19786.0], [4665.5, 1907.0], [4666.5, 18202.0], [4667.0, 20.0]]}}}
{"jsonrpc": "2.0", "method": "subscription", "params": {"channel": "book.ETH-5SEP25.none.20.100ms", "data": {"timestamp": 1756308246469, "change_id": 83887205939, "instrument_name": "ETH-5SEP25", "bids": [[4652.5, 1000.0], [4651.75, 14239.0], [4651.25, 2500.0], [4651.0, 160.0], [4649.5, 600.0], [4649.25, 2000.0], [4647.25, 452.0], [4647.0, 1507.0], [4646.75, 1200.0], [4646.5, 4000.0], [4646.0, 20.0], [4645.5, 1507.0], [4644.5, 1507.0], [4644.0, 1507.0], [4643.25, 1526.0], [4642.75, 1517.0], [4642.5, 1257.0], [4642.25, 23396.0], [4641.75, 6564.0], [4641.25, 90000.0]], "asks": [[4653.0, 42807.0], [4653.25, 460.0], [4653.5, 1000.0], [4653.75, 750.0], [4654.0, 6772.0], [4654.25, 14239.0], [4655.5, 2000.0], [4655.75, 1507.0], [4656.25, 100.0], [4657.25, 1507.0], [4657.75, 1507.0], [4658.0, 4000.0], [4658.5, 10.0], [4659.0, 1479.0], [4659.5, 7930.0], [4661.0, 1507.0], [4662.0, 1510.0], [4662.25, 90000.0], [4662.5, 1507.0], [4664.0, 1507.0]]}}}
{"jsonrpc": "2.0", "method": "subscription", "params": {"channel": "book.ETH-5SEP25.none.20.100ms", "data": {"timestamp": 1756308246781, "change_id": 83887207130, "instrument_name": "ETH-5SEP25", "bids": [[4652.25, 1000.0], [4650.5, 700.0], [4649.25, 2000.0], [4649.0, 160.0], [4647.0, 1507.0], [4646.5, 4000.0], [4646.0, 20.0], [4645.5, 1507.0], [4644.5, 1507.0], [4644.0, 1507.0], [4643.25, 1526.0], [4643.0, 6387.0], [4642.75, 1517.0], [4642.5, 1257.0], [4642.25, 23396.0], [4641.75, 6564.0], [4641.25, 90000.0], [4640.75, 1534.0], [4640.0, 1481.0], [4639.75, 10.0]], "asks": [[4652.75, 160.0], [4653.0, 42807.0], [4653.25, 1000.0], [4653.5, 14239.0], [4654.0, 2500.0], [4655.25, 1507.0], [4655.5, 2000.0], [4655.75, 1507.0], [4656.25, 100.0], [4657.25, 1507.0], [4657.75, 1507.0], [4658.0, 4000.0], [4658.5, 10.0], [4659.0, 1479.0], [4659.5, 7930.0], [4661.0, 1507.0], [4662.0, 1510.0], [4662.25, 90000.0], [4662.5, 1507.0], [4664.0, 1507.0]]}}}
{"jsonrpc": "2.0", "method": "subscription", "params": {"channel": "book.ETH-5SEP25.none.20.100ms", "data": {"timestamp": 1756308247153, "change_id": 83887209077, "instrument_name": "ETH-5SEP25", "bids": [[4650.5, 700.0], [4650.0, 14239.0], [4649.5, 160.0], [4649.25, 2000.0], [4647.5, 750.0], [4647.25, 2500.0], [4646.75, 1200.0], [4646.5, 4000.0], [4645.75, 452.0], [4645.5, 1507.0], [4644.75, 472.0], [4644.5, 1507.0], [4644.25, 452.0], [4644.0, 1507.0], [4643.5, 458.0], [4643.25, 1526.0], [4643.0, 455.0], [4642.75, 3433.0], [4642.5, 13406.0], [4642.25, 23396.0]], "asks": [[4651.75, 1160.0], [4652.0, 1000.0], [4652.5, 210.0], [4652.75, 1450.0], [4653.0, 2500.0], [4653.25, 4272.0], [4653.5, 14239.0], [4655.0, 452.0], [4655.25, 2107.0], [4655.5, 2452.0], [4655.75, 1507.0], [4656.25, 100.0], [4657.0, 452.0], [4657.25, 1507.0], [4657.5, 452.0], [4657.75, 2707.0], [4658.0, 4000.0], [4658.5, 10.0], [4658.75, 444.0], [4659.0, 1479.0]]}}}
{"jsonrpc": "2.0", "method": "subscription", "params": {"channel": "book.ETH-5SEP25.none.20.100ms", "data": {"timestamp": 1756308247475, "change_id": 83887210344, "instrument_name": "ETH-5SEP25", "bids": [[4650.75, 1000.0], [4649.25, 2000.0], [4647.0, 20.0], [4646.5, 4000.0], [4645.75, 452.0], [4645.5, 1507.0], [4644.75, 452.0], [4644.5, 1507.0], [4644.25, 452.0], [4644.0, 1507.0], [4643.5, 458.0], [4643.25, 1526.0], [4642.75, 1517.0], [4642.5, 7019.0], [4642.25, 23396.0], [4642.0, 460.0], [4641.75, 1534.0], [4641.5, 27000.0], [4641.25, 96387.0], [4640.75, 1534.0]], "asks": [[4651.5, 700.0], [4651.75, 1160.0], [4652.0, 1000.0], [4652.5, 210.0], [4652.75, 1450.0], [4653.0, 2500.0], [4653.25, 4272.0], [4653.5, 14239.0], [4654.25, 1507.0], [4655.0, 452.0], [4655.25, 2107.0], [4655.5, 2452.0], [4655.75, 1507.0], [4656.25, 100.0], [4657.0, 452.0], [4657.25, 1507.0], [4657.5, 452.0], [4657.75, 2707.0], [4658.0, 4000.0], [4658.5, 10.0]]}}}
{"jsonrpc": "2.0", "method": "subscription", "params": {"channel": "book.ETH-5SEP25.none.20.100ms", "data": {"timestamp": 1756308247804, "change_id": 83887212527, "instrument_name": "ETH-5SEP25", "bids": [[4649.25, 14239.0], [4648.5, 160.0], [4647.75, 4500.0], [4646.0, 20.0], [4645.5, 1507.0], [4644.5, 5507.0], [4644.0, 1507.0], [4643.25, 1526.0], [4642.75, 2774.0], [4642.25, 23396.0], [4641.75, 1534.0], [4641.25, 96387.0], [4640.75, 1534.0], [4640.0, 1481.0], [4639.75, 10.0], [4638.5, 1481.0], [4638.25, 19015.0], [4638.0, 40000.0], [4637.0, 1529.0], [4636.5, 400.0]], "asks": [[4651.25, 160.0], [4652.25, 14239.0], [4652.5, 2500.0], [4654.0, 2000.0], [4654.25, 1507.0], [4655.25, 1507.0], [4655.75, 1507.0], [4656.25, 100.0], [4657.25, 1507.0], [4657.75, 1507.0], [4658.0, 4000.0], [4658.5, 10.0], [4659.0, 1479.0], [4659.5, 7930.0], [4661.0, 1507.0], [4662.0, 1510.0], [4662.25, 90000.0], [4662.5, 1507.0], [4664.0, 1507.0], [4664.5, 1507.0]]}}}
{"jsonrpc": "2.0", "method": "subscription", "params": {"channel": "book.ETH-5SEP25.none.20.100ms", "data": {"timestamp": 1756308247938, "change_id": 83887213766, "instrument_name": "ETH-5SEP25", "bids": [[4649.5, 700.0], [4649.25, 14239.0], [4649.0, 160.0], [4648.5, 750.0], [4648.25, 2500.0], [4648.0, 600.0], [4647.75, 2000.0], [4646.0, 20.0], [4645.5, 1507.0], [4644.75, 1652.0], [4644.5, 5507.0], [4643.25, 1526.0], [4642.75, 2774.0], [4642.25, 23396.0], [4642.0, 6387.0], [4641.75, 1534.0], [4641.25, 90000.0], [4640.75, 1534.0], [4640.0, 1481.0], [4639.75, 10.0]], "asks": [[4651.25, 160.0], [4652.75, 2500.0], [4653.0, 14239.0], [4654.0, 2000.0], [4655.25, 1507.0], [4655.75, 1507.0], [4656.25, 100.0], [4657.25, 1507.0], [4657.75, 1507.0], [4658.0, 4000.0], [4658.5, 10.0], [4659.0, 1479.0], [4659.5, 7930.0], [4661.0, 1507.0], [4662.0, 1510.0], [4662.25, 90000.0], [4662.5, 1507.0], [4664.0, 1507.0], [4664.5, 1507.0], [4665.25, 19786.0]]}}}
{"jsonrpc": "2.0", "method": "subscription", "params": {"channel": "book.ETH-5SEP25.none.20.100ms", "data": {"timestamp": 1756308248418, "change_id": 83887214789, "instrument_name": "ETH-5SEP25", "bids": [[4649.5, 860.0], [4649.25, 14239.0], [4648.75, 2500.0], [4648.0, 600.0], [4647.75, 2000.0], [4646.0, 20.0], [4645.75, 452.0], [4645.5, 1507.0], [4644.75, 1652.0], [4644.5, 5507.0], [4643.5, 458.0], [4643.25, 1526.0], [4643.0, 832.0], [4642.75, 2774.0], [4642.5, 7019.0], [4642.25, 25312.0], [4642.0, 8356.0], [4641.75, 6564.0], [4641.25, 90000.0], [4641.0, 460.0]], "asks": [[4651.25, 160.0], [4651.5, 18000.0], [4652.0, 750.0], [4652.25, 2500.0], [4652.75, 4272.0], [4653.0, 14239.0], [4653.75, 600.0], [4654.0, 2000.0], [4655.0, 452.0], [4655.25, 1507.0], [4655.5, 452.0], [4655.75, 1507.0], [4656.25, 100.0], [4657.25, 1507.0], [4657.75, 1507.0], [4658.0, 4000.0], [4658.5, 10.0], [4659.0, 1479.0], [4659.5, 7930.0], [4661.0, 1507.0]]}}}
{"jsonrpc": "2.0", "method": "subscription", "params": {"channel": "book.ETH-5SEP25.none.20.100ms", "data": {"timestamp": 1756308248632, "change_id": 83887215564, "instrument_name": "ETH-5SEP25", "bids": [[4649.25, 14239.0], [4648.75, 2660.0], [4648.0, 600.0], [4647.75, 2000.0], [4646.0, 20.0], [4645.75, 452.0], [4645.5, 1507.0], [4644.75, 1652.0], [4644.5, 5507.0], [4643.5, 458.0], [4643.25, 1526.0], [4643.0, 832.0], [4642.75, 2774.0], [4642.5, 7019.0], [4642.25, 23396.0], [4642.0, 3639.0], [4641.75, 12951.0], [4641.5, 27000.0], [4641.25, 90000.0], [4641.0, 460.0]], "asks": [[4651.25, 5560.0], [4651.5, 18000.0], [4652.0, 4928.0], [4652.25, 16739.0], [4653.75, 600.0], [4654.0, 2000.0], [4655.0, 452.0], [4655.25, 1507.0], [4655.5, 452.0], [4655.75, 1507.0], [4656.25, 100.0], [4657.0, 452.0], [4657.25, 1507.0], [4657.5, 452.0], [4657.75, 2707.0], [4658.0, 4000.0], [4658.5, 10.0], [4658.75, 444.0], [4659.0, 1479.0], [4659.5, 7930.0]]}}}
{"jsonrpc": "2.0", "method": "subscription", "params": {"channel": "book.ETH-5SEP25.none.20.100ms", "data": {"timestamp": 1756308249101, "change_id": 83887216368, "instrument_name": "ETH-5SEP25", "bids": [[4650.0, 1000.0], [4649.25, 14399.0], [4648.75, 2500.0], [4648.0, 600.0], [4647.75, 2000.0], [4646.0, 20.0], [4645.75, 452.0], [4645.5, 1507.0], [4644.75, 1652.0], [4644.5, 5507.0], [4643.5, 458.0], [4643.25, 1526.0], [4643.0, 832.0], [4642.75, 2774.0], [4642.5, 7019.0], [4642.25, 23396.0], [4642.0, 1969.0], [4641.75, 7921.0], [4641.5, 27000.0], [4641.25, 90000.0]], "asks": [[4651.25, 160.0], [4652.0, 4928.0], [4652.25, 16739.0], [4653.75, 600.0], [4654.0, 2000.0], [4655.0, 452.0], [4655.25, 1507.0], [4655.5, 452.0], [4655.75, 1507.0], [4656.25, 100.0], [4657.0, 452.0], [4657.25, 1507.0], [4657.5, 452.0], [4657.75, 2707.0], [4658.0, 4000.0], [4658.5, 10.0], [4658.75, 444.0], [4659.0, 1479.0], [4659.5, 7930.0], [4661.0, 1507.0]]}}}
{"jsonrpc": "2.0", "method": "subscription", "params": {"channel": "book.ETH-5SEP25.none.20.100ms", "data": {"timestamp": 1756308249252, "change_id": 83887217647, "instrument_name": "ETH-5SEP25", "bids": [[4650.0, 1000.0], [4648.75, 14239.0], [4648.5, 2660.0], [4648.0, 600.0], [4647.75, 2000.0], [4646.0, 20.0], [4645.75, 452.0], [4645.5, 1507.0], [4644.75, 1652.0], [4644.5, 5507.0], [4643.5, 458.0], [4643.25, 1526.0], [4643.0, 832.0], [4642.75, 2774.0], [4642.5, 7019.0], [4642.25, 23396.0], [4642.0, 460.0], [4641.75, 3450.0], [4641.5, 33387.0], [4641.25, 90000.0]], "asks": [[4650.5, 5713.0], [4650.75, 19204.0], [4651.5, 750.0], [4651.75, 2500.0], [4652.0, 4178.0], [4652.25, 14239.0], [4653.75, 600.0], [4654.0, 2000.0], [4655.0, 452.0], [4655.25, 1507.0], [4655.5, 452.0], [4655.75, 1507.0], [4656.25, 100.0], [4657.0, 452.0], [4657.25, 1507.0], [4657.75, 1507.0], [4658.0, 4000.0], [4658.5, 10.0], [4658.75, 444.0], [4659.0, 1479.0]]}}}
{"jsonrpc": "2.0", "method": "subscription", "params": {"channel": "book.ETH-5SEP25.none.20.100ms", "data": {"timestamp": 1756308249735, "change_id": 83887218496, "instrument_name": "ETH-5SEP25", "bids": [[4650.0, 1000.0], [4648.75, 14239.0], [4648.5, 160.0], [4646.75, 600.0], [4646.5, 2000.0], [4646.0, 20.0], [4645.75, 452.0], [4645.5, 1507.0], [4644.75, 1652.0], [4644.5, 5507.0], [4643.5, 458.0], [4643.25, 1526.0], [4643.0, 832.0], [4642.75, 2774.0], [4642.5, 7019.0], [4642.25, 23396.0], [4642.0, 460.0], [4641.75, 1534.0], [4641.5, 27000.0], [4641.25, 90000.0]], "asks": [[4650.25, 160.0], [4650.75, 19044.0], [4651.5, 14239.0], [4651.75, 2500.0], [4653.0, 2000.0], [4655.0, 452.0], [4655.25, 1507.0], [4655.75, 1507.0], [4656.0, 475.0], [4656.25, 2782.0], [4656.5, 4000.0], [4657.25, 1507.0], [4657.5, 452.0], [4657.75, 1507.0], [4658.5, 10.0], [4658.75, 444.0], [4659.0, 1479.0], [4659.5, 7930.0], [4661.0, 1507.0], [4662.0, 1510.0]]}}}
{"jsonrpc": "2.0", "method": "subscription", "params": {"channel": "book.ETH-5SEP25.none.20.100ms", "data": {"timestamp": 1756308250117, "change_id": 83887219228, "instrument_name": "ETH-5SEP25", "bids": [[4650.0, 1000.0], [4649.5, 1000.0], [4648.75, 16739.0], [4648.5, 160.0], [4646.75, 600.0], [4646.5, 2000.0], [4646.0, 20.0], [4645.75, 452.0], [4645.5, 1507.0], [4644.75, 1652.0], [4644.5, 5507.0], [4643.5, 458.0], [4643.25, 1526.0], [4643.0, 832.0], [4642.75, 2774.0], [4642.5, 7019.0], [4642.25, 23396.0], [4642.0, 460.0], [4641.75, 1534.0], [4641.5, 27000.0]], "asks": [[4650.25, 160.0], [4651.0, 750.0], [4651.25, 6772.0], [4651.5, 14239.0], [4652.75, 600.0], [4653.0, 2000.0], [4655.0, 452.0], [4655.25, 1507.0], [4655.5, 452.0], [4655.75, 1507.0], [4656.0, 475.0], [4656.25, 2782.0], [4656.5, 4000.0], [4657.0, 452.0], [4657.25, 1507.0], [4657.5, 452.0], [4657.75, 1507.0], [4658.5, 10.0], [4658.75, 444.0], [4659.0, 1479.0]]}}}
{"jsonrpc": "2.0", "method": "subscription", "params": {"channel": "book.ETH-5SEP25.none.20.100ms", "data": {"timestamp": 1756308250165, "change_id": 83887219284, "instrument_name": "ETH-5SEP25", "bids": [[4650.0, 1000.0], [4649.5, 1000.0], [4648.75, 16739.0], [4648.5, 160.0], [4646.75, 600.0], [4646.5, 2000.0], [4646.0, 20.0], [4645.75, 452.0], [4645.5, 1507.0], [4644.75, 1652.0], [4644.5, 5507.0], [4643.5, 458.0], [4643.25, 1526.0], [4643.0, 832.0], [4642.75, 2774.0], [4642.5, 7019.0], [4642.25, 23396.0], [4642.0, 460.0], [4641.75, 1534.0], [4641.5, 27000.0]], "asks": [[4650.25, 160.0], [4651.0, 750.0], [4651.25, 6772.0], [4651.5, 14239.0], [4652.75, 600.0], [4653.0, 2000.0], [4655.0, 452.0], [4655.25, 1507.0], [4655.5, 452.0], [4655.75, 1507.0], [4656.0, 475.0], [4656.25, 2782.0], [4656.5, 4000.0], [4657.0, 452.0], [4657.25, 1507.0], [4657.5, 452.0], [4657.75, 1507.0], [4658.5, 10.0], [4658.75, 444.0], [4659.0, 1479.0]]}}}
{"jsonrpc": "2.0", "method": "subscription", "params": {"channel": "book.ETH-5SEP25.none.20.100ms", "data": {"timestamp": 1756308250536, "change_id": 83887220449, "instrument_name": "ETH-5SEP25", "bids": [[4650.0, 1000.0], [4649.75, 1000.0], [4648.75, 16739.0], [4648.5, 160.0], [4646.75, 600.0], [4646.5, 2000.0], [4646.0, 20.0], [4645.75, 452.0], [4645.5, 1507.0], [4644.75, 1652.0], [4644.5, 5507.0], [4643.5, 458.0], [4643.25, 1526.0], [4643.0, 832.0], [4642.75, 2774.0], [4642.5, 7019.0], [4642.25, 23396.0], [4642.0, 460.0], [4641.75, 1534.0], [4641.5, 27000.0]], "asks": [[4650.25, 17441.0], [4651.0, 750.0], [4651.25, 6772.0], [4651.5, 14239.0], [4652.75, 600.0], [4653.0, 2000.0], [4655.0, 452.0], [4655.25, 1507.0], [4655.5, 452.0], [4655.75, 1507.0], [4656.0, 475.0], [4656.25, 2782.0], [4656.5, 4000.0], [4657.0, 452.0], [4657.25, 1507.0], [4657.5, 452.0], [4657.75, 1507.0], [4658.5, 10.0], [4658.75, 444.0], [4659.0, 1479.0]]}}}
{"jsonrpc": "2.0", "method": "subscription", "params": {"channel": "book.ETH-5SEP25.none.20.100ms", "data": {"timestamp": 1756308251068, "change_id": 83887221388, "instrument_name": "ETH-5SEP25", "bids": [[4650.0, 1000.0], [4649.75, 1000.0], [4648.75, 16739.0], [4648.5, 160.0], [4646.75, 600.0], [4646.5, 2000.0], [4646.0, 20.0], [4645.75, 452.0], [4645.5, 1507.0], [4644.75, 1652.0], [4644.5, 5507.0], [4643.5, 458.0], [4643.25, 1526.0], [4643.0, 832.0], [4642.75, 2774.0], [4642.5, 7019.0], [4642.25, 23396.0], [4642.0, 460.0], [4641.75, 1534.0], [4641.5, 27000.0]], "asks": [[4650.25, 17441.0], [4651.0, 750.0], [4651.25, 6772.0], [4651.5, 14239.0], [4652.75, 600.0], [4653.0, 2000.0], [4655.0, 452.0], [4655.25, 1507.0], [4655.5, 452.0], [4655.75, 1507.0], [4656.0, 475.0], [4656.25, 2782.0], [4656.5, 4000.0], [4657.0, 452.0], [4657.25, 1507.0], [4657.5, 452.0], [4657.75, 1507.0], [4658.5, 10.0], [4658.75, 444.0], [4659.0, 1479.0]]}}}
{"jsonrpc": "2.0", "method": "subscription", "params": {"channel": "book.ETH-5SEP25.none.20.100ms", "data": {"timestamp": 1756308251421, "change_id": 83887222316, "instrument_name": "ETH-5SEP25", "bids": [[4650.0, 1000.0], [4649.5, 1000.0], [4648.75, 16739.0], [4647.75, 160.0], [4646.75, 600.0], [4646.5, 2000.0], [4646.0, 20.0], [4645.75, 452.0], [4645.5, 1507.0], [4644.75, 1652.0], [4644.5, 5507.0], [4643.5, 458.0], [4643.25, 1526.0], [4643.0, 832.0], [4642.75, 2774.0], [4642.5, 7019.0], [4642.25, 23396.0], [4642.0, 460.0], [4641.75, 1534.0], [4641.5, 27000.0]], "asks": [[4650.25, 17441.0], [4651.0, 750.0], [4651.25, 6772.0], [4651.5, 14239.0], [4652.75, 600.0], [4653.0, 2000.0], [4655.0, 452.0], [4655.25, 1507.0], [4655.5, 452.0], [4655.75, 1507.0], [4656.0, 475.0], [4656.25, 2782.0], [4656.5, 4000.0], [4657.0, 452.0], [4657.25, 1507.0], [4657.5, 452.0], [4657.75, 1507.0], [4658.5, 10.0], [4658.75, 444.0], [4659.0, 1479.0]]}}}
{"jsonrpc": "2.0", "method": "subscription", "params": {"channel": "book.ETH-5SEP25.none.20.100ms", "data": {"timestamp": 1756308251709, "change_id": 83887222853, "instrument_name": "ETH-5SEP25", "bids": [[4650.0, 1000.0], [4649.5, 1000.0], [4648.75, 14239.0], [4648.25, 2500.0], [4647.75, 160.0], [4646.75, 600.0], [4646.5, 2000.0], [4646.0, 20.0], [4645.75, 452.0], [4645.5, 1507.0], [4644.75, 1652.0], [4644.5, 5507.0], [4643.5, 458.0], [4643.25, 1526.0], [4643.0, 832.0], [4642.75, 2774.0], [4642.5, 7019.0], [4642.25, 23396.0], [4642.0, 460.0], [4641.75, 1534.0]], "asks": [[4650.25, 17441.0], [4651.0, 750.0], [4651.25, 6772.0], [4651.5, 14239.0], [4652.75, 600.0], [4653.0, 2000.0], [4655.0, 452.0], [4655.25, 1507.0], [4655.5, 452.0], [4655.75, 1507.0], [4656.0, 475.0], [4656.25, 2782.0], [4656.5, 4000.0], [4657.0, 452.0], [4657.25, 1507.0], [4657.5, 452.0], [4657.75, 1507.0], [4658.5, 10.0], [4658.75, 444.0], [4659.0, 1479.0]]}}}
{"jsonrpc": "2.0", "method": "subscription", "params": {"channel": "book.ETH-5SEP25.none.20.100ms", "data": {"timestamp": 1756308251880, "change_id": 83887223934, "instrument_name": "ETH-5SEP25", "bids": [[4649.25, 1000.0], [4648.5, 1000.0], [4648.25, 2500.0], [4648.0, 14239.0], [4647.75, 160.0], [4647.25, 210.0], [4647.0, 700.0], [4646.75, 600.0], [4646.5, 2000.0], [4646.0, 20.0], [4644.75, 1652.0], [4644.5, 5507.0], [4643.5, 458.0], [4643.25, 1526.0], [4643.0, 832.0], [4642.75, 2774.0], [4642.5, 7019.0], [4642.25, 23396.0], [4642.0, 460.0], [4641.75, 1534.0]], "asks": [[4650.0, 5232.0], [4650.25, 18441.0], [4651.0, 750.0], [4651.25, 6772.0], [4651.5, 14239.0], [4652.75, 600.0], [4653.0, 2000.0], [4655.0, 452.0], [4655.25, 1507.0], [4655.5, 452.0], [4655.75, 1507.0], [4656.0, 475.0], [4656.25, 2782.0], [4656.5, 4000.0], [4657.0, 452.0], [4657.25, 1507.0], [4657.5, 452.0], [4657.75, 1507.0], [4658.5, 10.0], [4658.75, 444.0]]}}}
{"jsonrpc": "2.0", "method": "subscription", "params": {"channel": "book.ETH-5SEP25.none.20.100ms", "data": {"timestamp": 1756308252395, "change_id": 83887225091, "instrument_name": "ETH-5SEP25", "bids": [[4649.25, 1000.0], [4648.75, 700.0], [4648.5, 1000.0], [4648.25, 2500.0], [4648.0, 14239.0], [4647.75, 160.0], [4647.25, 210.0], [4647.0, 700.0], [4646.75, 600.0], [4646.5, 2000.0], [4645.5, 20.0], [4644.75, 1652.0], [4644.5, 5507.0], [4643.5, 458.0], [4643.25, 1526.0], [4643.0, 832.0], [4642.75, 2774.0], [4642.5, 7019.0], [4642.25, 23396.0], [4642.0, 460.0]], "asks": [[4650.25, 460.0], [4650.5, 1000.0], [4651.0, 750.0], [4651.25, 6772.0], [4651.5, 14239.0], [4652.75, 600.0], [4653.0, 2000.0], [4655.0, 452.0], [4655.25, 1507.0], [4655.5, 452.0], [4655.75, 1507.0], [4656.0, 475.0], [4656.25, 2782.0], [4656.5, 4000.0], [4657.0, 452.0], [4657.25, 1507.0], [4657.5, 452.0], [4657.75, 1507.0], [4658.5, 10.0], [4658.75, 444.0]]}}}
{"jsonrpc": "2.0", "method": "subscription", "params": {"channel": "book.ETH-5SEP25.none.20.100ms", "data": {"timestamp": 1756308252697, "change_id": 83887225787, "instrument_name": "ETH-5SEP25", "bids": [[4648.75, 17439.0], [4648.25, 160.0], [4647.25, 210.0], [4647.0, 700.0], [4646.75, 600.0], [4646.5, 2000.0], [4645.5, 20.0], [4644.75, 1652.0], [4644.5, 5507.0], [4643.5, 458.0], [4643.25, 1526.0], [4643.0, 832.0], [4642.75, 2774.0], [4642.5, 7019.0], [4642.25, 23396.0], [4642.0, 460.0], [4641.75, 1534.0], [4641.5, 27000.0], [4641.25, 90000.0], [4640.75, 1534.0]], "asks": [[4649.75, 4037.0], [4650.0, 13455.0], [4650.25, 160.0], [4650.5, 300.0], [4650.75, 1000.0], [4651.0, 750.0], [4651.25, 6772.0], [4651.5, 14239.0], [4652.75, 600.0], [4653.0, 2000.0], [4655.0, 452.0], [4655.25, 1507.0], [4655.5, 452.0], [4655.75, 1507.0], [4656.0, 475.0], [4656.25, 2782.0], [4656.5, 4000.0], [4657.0, 452.0], [4657.25, 1507.0], [4657.5, 452.0]]}}}
{"jsonrpc": "2.0", "method": "subscription", "params": {"channel": "book.ETH-5SEP25.none.20.100ms", "data": {"timestamp": 1756308253095, "change_id": 83887226507, "instrument_name": "ETH-5SEP25", "bids": [[4647.5, 700.0], [4647.25, 370.0], [4647.0, 910.0], [4646.75, 1300.0], [4646.5, 2000.0], [4645.5, 20.0], [4644.75, 1652.0], [4644.5, 5507.0], [4643.5, 458.0], [4643.25, 1526.0], [4643.0, 832.0], [4642.75, 2774.0], [4642.5, 7019.0], [4642.25, 23396.0], [4642.0, 460.0], [4641.75, 1534.0], [4641.5, 27000.0], [4641.25, 90000.0], [4641.0, 2319.0], [4640.75, 7921.0]], "asks": [[4649.75, 3274.0], [4650.0, 10913.0], [4650.25, 160.0], [4651.0, 750.0], [4651.25, 6772.0], [4651.5, 14239.0], [4652.75, 600.0], [4653.0, 2000.0], [4655.0, 452.0], [4655.25, 1507.0], [4655.5, 452.0], [4655.75, 1507.0], [4656.0, 475.0], [4656.25, 2782.0], [4656.5, 4000.0], [4657.0, 452.0], [4657.25, 1507.0], [4657.5, 452.0], [4657.75, 1507.0], [4658.5, 10.0]]}}}
{"jsonrpc": "2.0", "method": "subscription", "params": {"channel": "book.ETH-5SEP25.none.20.100ms", "data": {"timestamp": 1756308253133, "change_id": 83887227275, "instrument_name": "ETH-5SEP25", "bids": [[4648.75, 700.0], [4648.5, 14239.0], [4648.25, 2500.0], [4647.75, 160.0], [4647.25, 210.0], [4647.0, 910.0], [4646.75, 1300.0], [4646.5, 2000.0], [4644.75, 1672.0], [4644.5, 5507.0], [4643.5, 458.0], [4643.25, 1526.0], [4643.0, 832.0], [4642.75, 2774.0], [4642.5, 7019.0], [4642.25, 23396.0], [4642.0, 460.0], [4641.75, 1534.0], [4641.5, 27000.0], [4641.25, 90000.0]], "asks": [[4649.75, 3274.0], [4650.0, 10913.0], [4650.25, 160.0], [4651.0, 750.0], [4651.25, 6772.0], [4651.5, 14239.0], [4652.75, 600.0], [4653.0, 2000.0], [4655.0, 452.0], [4655.25, 1507.0], [4655.5, 452.0], [4655.75, 1507.0], [4656.0, 475.0], [4656.25, 2782.0], [4656.5, 4000.0], [4657.0, 452.0], [4657.25, 1507.0], [4657.5, 452.0], [4657.75, 1507.0], [4658.5, 10.0]]}}}
{"jsonrpc": "2.0", "method": "subscription", "params": {"channel": "book.ETH-5SEP25.none.20.100ms", "data": {"timestamp": 1756308253695, "change_id": 83887227942, "instrument_name": "ETH-5SEP25", "bids": [[4648.5, 14239.0], [4648.25, 2500.0], [4647.75, 160.0], [4647.25, 210.0], [4647.0, 910.0], [4646.75, 1300.0], [4646.5, 2000.0], [4645.5, 20.0], [4644.75, 1652.0], [4644.5, 5507.0], [4643.5, 458.0], [4643.25, 1526.0], [4643.0, 832.0], [4642.75, 2774.0], [4642.5, 7019.0], [4642.25, 23396.0], [4642.0, 460.0], [4641.75, 1534.0], [4641.5, 27000.0], [4641.25, 90000.0]], "asks": [[4649.75, 3434.0], [4650.0, 11261.0], [4650.25, 1000.0], [4651.0, 750.0], [4651.25, 6772.0], [4651.5, 14239.0], [4652.75, 600.0], [4653.0, 2000.0], [4655.0, 452.0], [4655.25, 1507.0], [4655.5, 452.0], [4655.75, 1507.0], [4656.0, 475.0], [4656.25, 2782.0], [4656.5, 4000.0], [4657.0, 452.0], [4657.25, 1507.0], [4657.5, 452.0], [4657.75, 1507.0], [4658.5, 10.0]]}}}
{"jsonrpc": "2.0", "method": "subscription", "params": {"channel": "book.ETH-5SEP25.none.20.100ms", "data": {"timestamp": 1756308254101, "change_id": 83887228851, "instrument_name": "ETH-5SEP25", "bids": [[4649.0, 1000.0], [4648.5, 14239.0], [4647.75, 2660.0], [4647.0, 210.0], [4646.75, 1300.0], [4646.5, 2000.0], [4645.5, 20.0], [4644.75, 1652.0], [4644.5, 5507.0], [4643.5, 458.0], [4643.25, 1526.0], [4643.0, 832.0], [4642.75, 2774.0], [4642.5, 7019.0], [4642.25, 23396.0], [4642.0, 460.0], [4641.75, 1534.0], [4641.5, 27000.0], [4641.25, 90000.0], [4641.0, 460.0]], "asks": [[4649.75, 3434.0], [4650.0, 11261.0], [4650.25, 1000.0], [4650.5, 750.0], [4650.75, 2500.0], [4651.25, 4272.0], [4651.5, 14239.0], [4652.75, 600.0], [4653.0, 2000.0], [4655.0, 452.0], [4655.25, 1507.0], [4655.5, 452.0], [4655.75, 1507.0], [4656.0, 475.0], [4656.25, 2782.0], [4656.5, 4000.0], [4657.0, 452.0], [4657.25, 1507.0], [4657.5, 452.0], [4657.75, 1507.0]]}}}
{"jsonrpc": "2.0", "method": "subscription", "params": {"channel": "book.ETH-5SEP25.none.20.100ms", "data": {"timestamp": 1756308254376, "change_id": 83887233405, "instrument_name": "ETH-5SEP25", "bids": [[4646.5, 16239.0], [4646.0, 160.0], [4645.5, 20.0], [4643.25, 1526.0], [4642.75, 2774.0], [4642.25, 23396.0], [4641.75, 1534.0], [4640.75, 1534.0], [4640.0, 1481.0], [4639.75, 10.0], [4638.5, 6511.0], [4638.25, 150.0], [4637.0, 1529.0], [4636.0, 1514.0], [4635.5, 1481.0], [4635.0, 41482.0], [4633.75, 400.0], [4633.0, 20347.0], [4631.5, 21583.0], [4631.25, 54918.0]], "asks": [[4648.0, 100.0], [4649.25, 160.0], [4649.75, 14239.0], [4650.25, 2500.0], [4652.75, 1482.0], [4655.25, 1507.0], [4655.75, 1507.0], [4656.25, 1582.0], [4657.25, 1507.0], [4657.75, 1507.0], [4658.5, 10.0], [4659.0, 1479.0], [4659.5, 7930.0], [4662.0, 1510.0], [4662.75, 400.0], [4664.0, 1507.0], [4664.5, 1507.0], [4665.25, 19786.0], [4665.5, 1507.0], [4666.25, 20.0]]}}}
{"jsonrpc": "2.0", "method": "subscription", "params": {"channel": "book.ETH-5SEP25.none.20.100ms", "data": {"timestamp": 1756308254674, "change_id": 83887234722, "instrument_name": "ETH-5SEP25", "bids": [[4646.5, 160.0], [4645.5, 20.0], [4643.5, 458.0], [4643.25, 1526.0], [4643.0, 832.0], [4642.75, 2774.0], [4642.25, 23396.0], [4641.75, 1534.0], [4640.75, 1534.0], [4640.0, 1481.0], [4639.75, 10.0], [4638.5, 6511.0], [4638.25, 2650.0], [4638.0, 90000.0], [4637.0, 1529.0], [4636.5, 1482.0], [4636.25, 6387.0], [4636.0, 1514.0], [4635.5, 1481.0], [4635.0, 41482.0]], "asks": [[4648.0, 100.0], [4648.75, 160.0], [4649.5, 5022.0], [4649.75, 16739.0], [4652.5, 445.0], [4652.75, 1482.0], [4655.25, 1507.0], [4655.75, 1507.0], [4656.25, 1582.0], [4657.25, 1507.0], [4657.75, 1507.0], [4658.5, 10.0], [4658.75, 90000.0], [4659.0, 1479.0], [4659.5, 7930.0], [4662.0, 1510.0], [4662.75, 40400.0], [4664.0, 1507.0], [4664.5, 1507.0], [4665.25, 19786.0]]}}}
{"jsonrpc": "2.0", "method": "subscription", "params": {"channel": "book.ETH-5SEP25.none.20.100ms", "data": {"timestamp": 1756308255065, "change_id": 83887237593, "instrument_name": "ETH-5SEP25", "bids": [[4646.0, 700.0], [4645.75, 14399.0], [4645.5, 600.0], [4645.25, 2000.0], [4644.5, 20.0], [4643.25, 1526.0], [4642.75, 2774.0], [4642.5, 4000.0], [4642.25, 23396.0], [4641.75, 1534.0], [4641.0, 460.0], [4640.75, 1534.0], [4640.25, 444.0], [4640.0, 1481.0], [4639.75, 10.0], [4639.5, 1482.0], [4639.0, 3982.0], [4638.5, 6511.0], [4638.25, 150.0], [4638.0, 90000.0]], "asks": [[4648.0, 9753.0], [4648.25, 32337.0], [4649.25, 16739.0], [4652.0, 2000.0], [4652.75, 1482.0], [4655.0, 4000.0], [4655.25, 1507.0], [4655.75, 1507.0], [4656.25, 1582.0], [4657.25, 1507.0], [4657.75, 1507.0], [4658.5, 10.0], [4658.75, 90000.0], [4659.0, 1479.0], [4659.5, 7930.0], [4662.0, 1510.0], [4662.75, 40400.0], [4664.0, 1507.0], [4664.5, 1507.0], [4665.25, 19806.0]]}}}
{"jsonrpc": "2.0", "method": "subscription", "params": {"channel": "book.ETH-5SEP25.none.20.100ms", "data": {"timestamp": 1756308255234, "change_id": 83887241041, "instrument_name": "ETH-5SEP25", "bids": [[4646.5, 14239.0], [4646.25, 160.0], [4643.25, 1546.0], [4642.75, 2774.0], [4642.5, 4000.0], [4642.25, 23396.0], [4641.75, 1534.0], [4641.5, 2500.0], [4640.75, 1534.0], [4640.0, 1481.0], [4639.75, 10.0], [4639.5, 1482.0], [4639.0, 1482.0], [4638.5, 6511.0], [4638.25, 150.0], [4638.0, 90000.0], [4637.0, 1529.0], [4636.5, 7869.0], [4636.0, 1514.0], [4635.5, 1481.0]], "asks": [[4648.0, 100.0], [4648.25, 160.0], [4649.25, 16739.0], [4652.0, 2000.0], [4652.75, 1482.0], [4655.0, 4000.0], [4655.25, 1507.0], [4655.75, 1507.0], [4656.25, 1582.0], [4657.25, 1507.0], [4657.75, 1507.0], [4658.5, 10.0], [4658.75, 90000.0], [4659.0, 1479.0], [4659.5, 7930.0], [4662.0, 1510.0], [4662.75, 40400.0], [4664.0, 1507.0], [4664.25, 20.0], [4664.5, 1507.0]]}}}
