{"jsonrpc": "2.0", "method": "subscription", "params": {"channel": "book.ETH-18APR25.none.20.100ms", "data": {"timestamp": 1744008692880, "change_id": 64693352126, "instrument_name": "ETH-18APR25", "bids": [[1457.5, 29500.0], [1457.0, 11708.0], [1454.5, 6300.0], [1453.0, 27828.0], [1452.0, 36471.0], [1451.5, 1363.0], [1451.0, 41363.0], [1449.75, 1353.0], [1449.5, 41363.0], [1449.0, 1350.0], [1448.75, 1365.0], [1447.0, 2740.0], [1446.75, 1350.0], [1446.0, 44644.0], [1445.75, 41363.0], [1442.75, 1317.0], [1442.0, 38313.0], [1439.0, 1342.0], [1437.25, 26923.0], [1435.5, 25720.0]], "asks": [[1459.75, 21708.0], [1460.5, 4500.0], [1461.0, 7532.0], [1462.0, 9461.0], [1463.5, 18293.0], [1465.25, 37171.0], [1466.75, 1363.0], [1467.0, 40000.0], [1467.75, 1363.0], [1468.0, 39786.0], [1468.5, 2713.0], [1470.75, 40000.0], [1471.0, 1365.0], [1471.25, 39286.0], [1472.25, 1353.0], [1473.75, 41353.0], [1474.5, 1322.0], [1475.5, 26738.0], [1476.5, 1365.0], [1479.25, 25451.0]]}}}
{"jsonrpc": "2.0", "method": "subscription", "params": {"channel": "book.ETH-11APR25.none.20.100ms", "data": {"timestamp": 1744008693330, "change_id": 64693353382, "instrument_name": "ETH-11APR25", "bids": [[1457.75, 4100.0], [1457.5, 10120.0], [1457.25, 6211.0], [1457.0, 14823.0], [1456.75, 6211.0], [1456.5, 2111.0], [1456.0, 25477.0], [1455.75, 2111.0], [1455.5, 2188.0], [1455.25, 2188.0], [1454.5, 2110.0], [1454.25, 92110.0], [1453.75, 2110.0], [1453.5, 2110.0], [1453.25, 2110.0], [1453.0, 39999.0], [1452.75, 2110.0], [1452.25, 2110.0], [1452.0, 182110.0], [1451.75, 2110.0]], "asks": [[1459.0, 15588.0], [1459.25, 3500.0], [1459.5, 29447.0], [1459.75, 15812.0], [1461.25, 2111.0], [1461.75, 2111.0], [1462.0, 14828.0], [1462.25, 26557.0], [1462.5, 92111.0], [1463.5, 2130.0], [1463.75, 2111.0], [1464.25, 51165.0], [1464.75, 2130.0], [1465.0, 2160.0], [1465.25, 16233.0], [1465.75, 2160.0], [1466.25, 2187.0], [1466.75, 182116.0], [1467.25, 2110.0], [1467.5, 42188.0]]}}}
{"jsonrpc": "2.0", "method": "subscription", "params": {"channel": "book.ETH-18APR25.none.20.100ms", "data": {"timestamp": 1744008693292, "change_id": 64693353361, "instrument_name": "ETH-18APR25", "bids": [[1457.75, 26300.0], [1457.5, 4500.0], [1457.25, 9745.0], [1457.0, 11708.0], [1454.75, 6300.0], [1453.0, 27828.0], [1452.0, 36471.0], [1451.5, 1363.0], [1451.0, 41363.0], [1449.75, 1353.0], [1449.5, 41363.0], [1449.0, 1350.0], [1448.75, 1365.0], [1447.0, 2740.0], [1446.75, 1350.0], [1446.0, 44644.0], [1445.75, 41363.0], [1442.75, 1317.0], [1442.0, 38313.0], [1439.0, 1342.0]], "asks": [[1459.75, 21708.0], [1460.5, 4500.0], [1461.0, 7532.0], [1462.0, 9461.0], [1463.5, 18293.0], [1465.25, 37171.0], [1466.75, 1363.0], [1467.0, 40000.0], [1467.75, 1363.0], [1468.0, 39786.0], [1468.5, 2713.0], [1470.75, 40000.0], [1471.0, 1365.0], [1471.25, 39286.0], [1472.25, 1353.0], [1473.75, 41353.0], [1474.5, 1322.0], [1475.5, 26738.0], [1476.5, 1365.0], [1479.25, 25451.0]]}}}
{"jsonrpc": "2.0", "method": "subscription", "params": {"channel": "book.ETH-11APR25.none.20.100ms", "data": {"timestamp": 1744008693703, "change_id": 64693354263, "instrument_name": "ETH-11APR25", "bids": [[1458.25, 13620.0], [1457.75, 18677.0], [1457.5, 2111.0], [1457.25, 6211.0], [1457.0, 14823.0], [1456.75, 31688.0], [1456.5, 2111.0], [1455.75, 2111.0], [1455.5, 2188.0], [1455.25, 2188.0], [1454.5, 2110.0], [1454.25, 92110.0], [1453.75, 2110.0], [1453.5, 2110.0], [1453.25, 2110.0], [1453.0, 39999.0], [1452.75, 2110.0], [1452.25, 2110.0], [1452.0, 182110.0], [1451.75, 2110.0]], "asks": [[1459.25, 15588.0], [1459.5, 29327.0], [1459.75, 21712.0], [1460.0, 120.0], [1461.25, 2111.0], [1461.75, 2111.0], [1462.0, 14828.0], [1462.25, 26557.0], [1462.5, 92111.0], [1463.5, 2130.0], [1463.75, 2111.0], [1464.25, 51165.0], [1464.75, 2130.0], [1465.0, 2160.0], [1465.25, 16233.0], [1465.75, 2160.0], [1466.25, 2187.0], [1466.75, 182116.0], [1467.25, 2110.0], [1467.5, 42188.0]]}}}
{"jsonrpc": "2.0", "method": "subscription", "params": {"channel": "book.ETH-18APR25.none.20.100ms", "data": {"timestamp": 1744008693703, "change_id": 64693354261, "instrument_name": "ETH-18APR25", "bids": [[1458.5, 10000.0], [1458.0, 390.0], [1457.75, 1300.0], [1457.5, 16208.0], [1453.25, 6300.0], [1453.0, 27828.0], [1452.0, 36471.0], [1451.5, 1363.0], [1451.0, 41363.0], [1449.75, 1353.0], [1449.5, 41363.0], [1449.0, 1350.0], [1448.75, 1365.0], [1447.0, 2740.0], [1446.75, 1350.0], [1446.0, 44644.0], [1445.75, 41363.0], [1442.75, 1317.0], [1442.0, 38313.0], [1439.0, 1342.0]], "asks": [[1459.75, 2650.0], [1460.0, 8013.0], [1460.25, 21708.0], [1461.0, 6232.0], [1462.75, 9461.0], [1463.5, 18293.0], [1465.25, 37171.0], [1466.75, 1363.0], [1467.0, 40000.0], [1467.75, 1363.0], [1468.0, 39786.0], [1468.5, 2713.0], [1470.75, 40000.0], [1471.0, 1365.0], [1471.25, 39286.0], [1472.25, 1353.0], [1473.75, 41353.0], [1474.5, 1322.0], [1475.5, 26738.0], [1476.5, 1365.0]]}}}
{"jsonrpc": "2.0", "method": "subscription", "params": {"channel": "book.ETH-11APR25.none.20.100ms", "data": {"timestamp": 1744008694016, "change_id": 64693355000, "instrument_name": "ETH-11APR25", "bids": [[1457.75, 14220.0], [1457.5, 3353.0], [1457.25, 10670.0], [1457.0, 14823.0], [1456.75, 6211.0], [1456.5, 2111.0], [1456.0, 25477.0], [1455.75, 2111.0], [1455.5, 2188.0], [1455.25, 2188.0], [1454.5, 2110.0], [1454.25, 92110.0], [1453.75, 2110.0], [1453.5, 2110.0], [1453.25, 2110.0], [1453.0, 39999.0], [1452.75, 2110.0], [1452.25, 2110.0], [1452.0, 182110.0], [1451.75, 2110.0]], "asks": [[1459.0, 11488.0], [1459.25, 4100.0], [1459.5, 39447.0], [1459.75, 11712.0], [1461.25, 2111.0], [1461.75, 2111.0], [1462.0, 14828.0], [1462.25, 26557.0], [1462.5, 92111.0], [1463.5, 2130.0], [1463.75, 2111.0], [1464.25, 51165.0], [1464.75, 2130.0], [1465.0, 2160.0], [1465.25, 16233.0], [1465.75, 2160.0], [1466.25, 2187.0], [1466.75, 182116.0], [1467.25, 2110.0], [1467.5, 42188.0]]}}}
{"jsonrpc": "2.0", "method": "subscription", "params": {"channel": "book.ETH-18APR25.none.20.100ms", "data": {"timestamp": 1744008694042, "change_id": 64693355059, "instrument_name": "ETH-18APR25", "bids": [[1458.0, 25000.0], [1457.75, 1300.0], [1457.5, 16208.0], [1453.25, 6300.0], [1453.0, 27828.0], [1452.0, 36471.0], [1451.5, 1363.0], [1451.0, 41363.0], [1449.75, 1353.0], [1449.5, 41363.0], [1449.0, 1350.0], [1448.75, 1365.0], [1447.0, 2740.0], [1446.75, 1350.0], [1446.0, 44644.0], [1445.75, 41363.0], [1442.75, 1317.0], [1442.0, 38313.0], [1439.0, 1342.0], [1437.25, 26923.0]], "asks": [[1459.75, 1300.0], [1460.0, 14500.0], [1460.25, 11708.0], [1461.0, 6232.0], [1462.75, 9461.0], [1463.5, 18293.0], [1465.25, 37171.0], [1466.75, 1363.0], [1467.0, 40000.0], [1467.75, 1363.0], [1468.0, 39786.0], [1468.5, 2713.0], [1470.75, 40000.0], [1471.0, 1365.0], [1471.25, 39286.0], [1472.25, 1353.0], [1473.75, 41353.0], [1474.5, 1322.0], [1475.5, 26738.0], [1476.5, 1365.0]]}}}
{"jsonrpc": "2.0", "method": "subscription", "params": {"channel": "book.ETH-11APR25.none.20.100ms", "data": {"timestamp": 1744008694267, "change_id": 64693356040, "instrument_name": "ETH-11APR25", "bids": [[1458.0, 7715.0], [1457.75, 14626.0], [1457.5, 3353.0], [1457.25, 10670.0], [1457.0, 14823.0], [1456.75, 31688.0], [1456.5, 2111.0], [1455.75, 2111.0], [1455.5, 2188.0], [1455.25, 2188.0], [1454.5, 2110.0], [1454.25, 92110.0], [1453.75, 2110.0], [1453.5, 2110.0], [1453.25, 2110.0], [1453.0, 39999.0], [1452.75, 2110.0], [1452.25, 2110.0], [1452.0, 182110.0], [1451.75, 2110.0]], "asks": [[1459.25, 15588.0], [1459.5, 29447.0], [1459.75, 21712.0], [1461.25, 2111.0], [1461.75, 2111.0], [1462.0, 14828.0], [1462.25, 26557.0], [1462.5, 92111.0], [1463.5, 2130.0], [1463.75, 2111.0], [1464.25, 51165.0], [1464.75, 2130.0], [1465.0, 2160.0], [1465.25, 16233.0], [1465.75, 2160.0], [1466.25, 2187.0], [1466.75, 182116.0], [1467.25, 2110.0], [1467.5, 42188.0], [1468.5, 2188.0]]}}}
{"jsonrpc": "2.0", "method": "subscription", "params": {"channel": "book.ETH-18APR25.none.20.100ms", "data": {"timestamp": 1744008694115, "change_id": 64693355552, "instrument_name": "ETH-18APR25", "bids": [[1458.0, 25000.0], [1457.75, 1300.0], [1457.5, 16208.0], [1453.25, 6300.0], [1453.0, 27828.0], [1452.0, 36471.0], [1451.5, 1363.0], [1451.0, 41363.0], [1449.75, 1353.0], [1449.5, 41363.0], [1449.0, 1350.0], [1448.75, 1365.0], [1447.0, 2740.0], [1446.75, 1350.0], [1446.0, 44644.0], [1445.75, 41363.0], [1442.75, 1317.0], [1442.0, 38313.0], [1439.0, 1342.0], [1437.25, 26923.0]], "asks": [[1459.75, 1300.0], [1460.0, 14500.0], [1460.25, 11708.0], [1461.0, 6232.0], [1462.75, 9461.0], [1463.5, 18293.0], [1465.25, 37171.0], [1466.75, 1363.0], [1467.0, 40000.0], [1467.75, 1363.0], [1468.0, 39786.0], [1468.5, 2713.0], [1470.75, 40000.0], [1471.0, 1365.0], [1471.25, 39286.0], [1472.25, 1353.0], [1473.75, 41353.0], [1474.5, 1322.0], [1475.5, 26738.0], [1476.5, 1365.0]]}}}
{"jsonrpc": "2.0", "method": "subscription", "params": {"channel": "book.ETH-11APR25.none.20.100ms", "data": {"timestamp": 1744008694715, "change_id": 64693356702, "instrument_name": "ETH-11APR25", "bids": [[1457.25, 4220.0], [1457.0, 12712.0], [1456.75, 6211.0], [1456.5, 2111.0], [1456.0, 25477.0], [1455.75, 2111.0], [1455.5, 2188.0], [1455.25, 2188.0], [1454.5, 2110.0], [1454.25, 92110.0], [1453.75, 2110.0], [1453.5, 2110.0], [1453.25, 2110.0], [1453.0, 39999.0], [1452.75, 2110.0], [1452.25, 2110.0], [1452.0, 182110.0], [1451.75, 2110.0], [1451.5, 2188.0], [1451.25, 51397.0]], "asks": [[1458.75, 14988.0], [1459.0, 4100.0], [1459.25, 14220.0], [1459.5, 29327.0], [1459.75, 11712.0], [1461.25, 2111.0], [1461.75, 2111.0], [1462.0, 14828.0], [1462.25, 26557.0], [1462.5, 92111.0], [1463.5, 2130.0], [1463.75, 2111.0], [1464.25, 51165.0], [1464.75, 2130.0], [1465.0, 2160.0], [1465.25, 16233.0], [1465.75, 2160.0], [1466.25, 2187.0], [1466.75, 182116.0], [1467.25, 2110.0]]}}}
{"jsonrpc": "2.0", "method": "subscription", "params": {"channel": "book.ETH-18APR25.none.20.100ms", "data": {"timestamp": 1744008694715, "change_id": 64693356703, "instrument_name": "ETH-18APR25", "bids": [[1457.75, 16300.0], [1457.5, 11708.0], [1453.75, 6300.0], [1453.0, 27828.0], [1452.0, 36471.0], [1451.0, 41363.0], [1449.75, 1353.0], [1449.5, 41363.0], [1449.0, 1350.0], [1448.75, 1365.0], [1447.0, 2740.0], [1446.75, 1350.0], [1446.0, 44644.0], [1445.75, 41363.0], [1442.75, 1317.0], [1442.0, 38313.0], [1439.0, 1342.0], [1437.25, 26923.0], [1435.5, 25720.0], [1424.75, 1380.0]], "asks": [[1459.5, 10000.0], [1459.75, 1300.0], [1460.0, 4500.0], [1460.25, 11708.0], [1461.0, 6232.0], [1462.75, 9461.0], [1463.5, 18293.0], [1465.25, 37171.0], [1466.75, 1363.0], [1467.0, 40000.0], [1467.75, 1363.0], [1468.0, 39786.0], [1468.5, 2713.0], [1470.75, 40000.0], [1471.0, 1365.0], [1471.25, 39286.0], [1472.25, 1353.0], [1473.75, 41353.0], [1474.5, 1322.0], [1475.5, 26738.0]]}}}
{"jsonrpc": "2.0", "method": "subscription", "params": {"channel": "book.ETH-11APR25.none.20.100ms", "data": {"timestamp": 1744008695040, "change_id": 64693357561, "instrument_name": "ETH-11APR25", "bids": [[1457.5, 406.0], [1457.25, 14220.0], [1457.0, 1179.0], [1456.75, 6680.0], [1456.5, 13823.0], [1456.25, 1000.0], [1455.75, 2111.0], [1455.5, 2188.0], [1455.25, 2188.0], [1454.5, 2110.0], [1454.25, 92110.0], [1453.75, 2110.0], [1453.5, 2110.0], [1453.25, 2110.0], [1453.0, 39999.0], [1452.75, 2110.0], [1452.25, 2110.0], [1452.0, 182110.0], [1451.75, 2110.0], [1451.5, 2188.0]], "asks": [[1458.5, 11488.0], [1458.75, 28847.0], [1459.0, 14100.0], [1459.25, 15812.0], [1459.5, 4100.0], [1461.25, 2111.0], [1461.75, 2111.0], [1462.0, 14828.0], [1462.25, 26557.0], [1462.5, 92111.0], [1463.5, 2130.0], [1463.75, 2111.0], [1464.25, 51165.0], [1464.75, 2130.0], [1465.0, 2160.0], [1465.25, 16233.0], [1465.75, 2160.0], [1466.0, 40000.0], [1466.25, 2187.0], [1466.75, 182116.0]]}}}
{"jsonrpc": "2.0", "method": "subscription", "params": {"channel": "book.ETH-18APR25.none.20.100ms", "data": {"timestamp": 1744008695043, "change_id": 64693357570, "instrument_name": "ETH-18APR25", "bids": [[1457.75, 1300.0], [1457.5, 10000.0], [1457.0, 11708.0], [1453.25, 6300.0], [1453.0, 27828.0], [1452.0, 36471.0], [1451.0, 1363.0], [1449.75, 1353.0], [1449.5, 41363.0], [1449.0, 1350.0], [1448.75, 1365.0], [1447.0, 2740.0], [1446.75, 1350.0], [1446.0, 44644.0], [1445.75, 41363.0], [1444.25, 40000.0], [1442.75, 1317.0], [1442.0, 38313.0], [1439.0, 1342.0], [1437.25, 26923.0]], "asks": [[1459.25, 10000.0], [1459.75, 13008.0], [1460.0, 4500.0], [1460.25, 6232.0], [1460.5, 2119.0], [1461.75, 9461.0], [1463.5, 18293.0], [1465.25, 37171.0], [1466.75, 1363.0], [1467.0, 40000.0], [1467.75, 1363.0], [1468.0, 39786.0], [1468.5, 2713.0], [1470.75, 40000.0], [1471.0, 1365.0], [1471.25, 39286.0], [1472.25, 1353.0], [1473.75, 41353.0], [1474.5, 1322.0], [1475.5, 26738.0]]}}}
{"jsonrpc": "2.0", "method": "subscription", "params": {"channel": "book.ETH-11APR25.none.20.100ms", "data": {"timestamp": 1744008695363, "change_id": 64693359075, "instrument_name": "ETH-11APR25", "bids": [[1458.0, 120.0], [1457.75, 3500.0], [1457.5, 19100.0], [1457.25, 25812.0], [1457.0, 2174.0], [1456.75, 31751.0], [1456.5, 2111.0], [1455.5, 2188.0], [1455.25, 2188.0], [1454.5, 2110.0], [1454.25, 92110.0], [1453.75, 2110.0], [1453.5, 2110.0], [1453.25, 2110.0], [1453.0, 39999.0], [1452.75, 2110.0], [1452.25, 2110.0], [1452.0, 182110.0], [1451.75, 2110.0], [1451.5, 2188.0]], "asks": [[1459.0, 15588.0], [1459.5, 4100.0], [1459.75, 120.0], [1460.0, 11712.0], [1460.25, 2174.0], [1461.75, 2111.0], [1462.0, 14828.0], [1462.25, 26557.0], [1462.5, 92111.0], [1463.5, 2130.0], [1463.75, 2111.0], [1464.25, 51165.0], [1464.75, 2130.0], [1465.0, 2160.0], [1465.25, 16233.0], [1465.75, 2160.0], [1466.25, 2187.0], [1466.75, 222116.0], [1467.25, 2110.0], [1467.5, 2188.0]]}}}
{"jsonrpc": "2.0", "method": "subscription", "params": {"channel": "book.ETH-18APR25.none.20.100ms", "data": {"timestamp": 1744008695216, "change_id": 64693358931, "instrument_name": "ETH-18APR25", "bids": [[1458.0, 19500.0], [1457.75, 14008.0], [1457.5, 10000.0], [1453.5, 6300.0], [1453.0, 27828.0], [1452.0, 36471.0], [1451.25, 1317.0], [1451.0, 41363.0], [1449.75, 1353.0], [1449.5, 41363.0], [1449.0, 1350.0], [1448.75, 1365.0], [1447.0, 2740.0], [1446.75, 1350.0], [1446.0, 44644.0], [1445.75, 41363.0], [1442.75, 1317.0], [1442.0, 38313.0], [1439.0, 1342.0], [1437.25, 26923.0]], "asks": [[1459.75, 1300.0], [1460.0, 14500.0], [1460.25, 6232.0], [1460.5, 11708.0], [1461.75, 9461.0], [1463.5, 18293.0], [1465.25, 37171.0], [1466.75, 1363.0], [1467.0, 40000.0], [1467.75, 1363.0], [1468.0, 39786.0], [1468.5, 2713.0], [1470.75, 40000.0], [1471.0, 1365.0], [1471.25, 39286.0], [1472.25, 1353.0], [1473.75, 41353.0], [1474.5, 1322.0], [1475.5, 26738.0], [1476.5, 1365.0]]}}}
{"jsonrpc": "2.0", "method": "subscription", "params": {"channel": "book.ETH-11APR25.none.20.100ms", "data": {"timestamp": 1744008695703, "change_id": 64693359772, "instrument_name": "ETH-11APR25", "bids": [[1458.5, 2985.0], [1458.25, 10120.0], [1457.75, 5674.0], [1457.5, 20849.0], [1457.25, 17986.0], [1457.0, 2174.0], [1456.75, 6274.0], [1456.5, 2111.0], [1455.5, 2188.0], [1455.25, 2188.0], [1454.5, 2110.0], [1454.25, 92110.0], [1453.75, 2110.0], [1453.5, 2110.0], [1453.25, 2110.0], [1453.0, 39999.0], [1452.75, 2110.0], [1452.25, 2110.0], [1452.0, 182110.0], [1451.75, 2110.0]], "asks": [[1459.5, 15588.0], [1459.75, 25347.0], [1460.0, 11712.0], [1460.25, 2174.0], [1461.75, 2111.0], [1462.0, 14828.0], [1462.25, 26557.0], [1462.5, 92111.0], [1463.5, 2130.0], [1463.75, 2111.0], [1464.25, 51165.0], [1464.75, 2130.0], [1465.0, 2160.0], [1465.25, 16233.0], [1465.75, 2160.0], [1466.25, 2187.0], [1466.75, 222116.0], [1467.25, 2110.0], [1467.5, 2188.0], [1468.5, 2188.0]]}}}
{"jsonrpc": "2.0", "method": "subscription", "params": {"channel": "book.ETH-18APR25.none.20.100ms", "data": {"timestamp": 1744008695693, "change_id": 64693359759, "instrument_name": "ETH-18APR25", "bids": [[1458.5, 10000.0], [1458.25, 15000.0], [1458.0, 4500.0], [1457.75, 27586.0], [1453.0, 27828.0], [1452.0, 36471.0], [1451.25, 1317.0], [1451.0, 41363.0], [1449.75, 1353.0], [1449.5, 41363.0], [1449.0, 1350.0], [1448.75, 1365.0], [1447.0, 2740.0], [1446.75, 1350.0], [1446.0, 44644.0], [1445.75, 41363.0], [1442.75, 1317.0], [1442.0, 38313.0], [1439.0, 1342.0], [1437.25, 26923.0]], "asks": [[1459.75, 1300.0], [1460.5, 21708.0], [1461.25, 6232.0], [1461.75, 9461.0], [1463.5, 18293.0], [1465.25, 37171.0], [1466.75, 1363.0], [1467.0, 40000.0], [1467.75, 1363.0], [1468.0, 39786.0], [1468.5, 2713.0], [1470.75, 40000.0], [1471.0, 1365.0], [1471.25, 39286.0], [1472.25, 1353.0], [1473.75, 41353.0], [1474.5, 1322.0], [1475.5, 26738.0], [1476.5, 1365.0], [1479.25, 25451.0]]}}}
{"jsonrpc": "2.0", "method": "subscription", "params": {"channel": "book.ETH-11APR25.none.20.100ms", "data": {"timestamp": 1744008695975, "change_id": 64693360364, "instrument_name": "ETH-11APR25", "bids": [[1458.5, 10526.0], [1458.0, 1651.0], [1457.75, 24641.0], [1457.5, 20849.0], [1457.25, 31751.0], [1457.0, 2174.0], [1456.75, 6274.0], [1456.5, 2111.0], [1455.5, 2188.0], [1455.25, 2188.0], [1454.5, 2110.0], [1454.25, 92110.0], [1453.75, 2110.0], [1453.5, 2110.0], [1453.25, 2110.0], [1453.0, 39999.0], [1452.75, 2110.0], [1452.25, 2110.0], [1452.0, 182110.0], [1451.75, 2110.0]], "asks": [[1459.75, 36715.0], [1460.0, 10000.0], [1460.25, 120.0], [1460.5, 11712.0], [1461.75, 2111.0], [1462.0, 14828.0], [1462.25, 26557.0], [1462.5, 92111.0], [1463.5, 2130.0], [1463.75, 2111.0], [1464.25, 51165.0], [1464.75, 2130.0], [1465.0, 2160.0], [1465.25, 16233.0], [1465.75, 2160.0], [1466.25, 2187.0], [1466.75, 222116.0], [1467.25, 2110.0], [1467.5, 2188.0], [1468.5, 2188.0]]}}}
{"jsonrpc": "2.0", "method": "subscription", "params": {"channel": "book.ETH-18APR25.none.20.100ms", "data": {"timestamp": 1744008696037, "change_id": 64693360443, "instrument_name": "ETH-18APR25", "bids": [[1459.0, 3000.0], [1458.75, 10000.0], [1458.25, 11708.0], [1458.0, 4500.0], [1457.75, 15878.0], [1453.0, 27828.0], [1452.0, 36471.0], [1451.25, 1317.0], [1451.0, 41363.0], [1449.75, 1353.0], [1449.5, 41363.0], [1449.0, 1350.0], [1448.75, 1365.0], [1447.0, 2740.0], [1446.75, 1350.0], [1446.0, 44644.0], [1445.75, 41363.0], [1442.75, 1317.0], [1442.0, 38313.0], [1439.0, 1342.0]], "asks": [[1460.75, 10000.0], [1461.0, 11708.0], [1461.25, 6232.0], [1462.75, 9461.0], [1463.5, 18293.0], [1465.25, 37171.0], [1466.75, 1363.0], [1467.0, 40000.0], [1467.75, 1363.0], [1468.0, 39786.0], [1468.5, 2713.0], [1470.75, 40000.0], [1471.0, 1365.0], [1471.25, 39286.0], [1472.25, 1353.0], [1473.75, 41353.0], [1474.5, 1322.0], [1475.5, 26738.0], [1476.5, 1365.0], [1479.25, 25451.0]]}}}
{"jsonrpc": "2.0", "method": "subscription", "params": {"channel": "book.ETH-11APR25.none.20.100ms", "data": {"timestamp": 1744008696291, "change_id": 64693361647, "instrument_name": "ETH-11APR25", "bids": [[1458.0, 10120.0], [1457.75, 4500.0], [1457.5, 4100.0], [1457.25, 17986.0], [1457.0, 27651.0], [1456.75, 6274.0], [1456.5, 2111.0], [1455.5, 2188.0], [1455.25, 2188.0], [1454.5, 2110.0], [1454.25, 92110.0], [1453.75, 2110.0], [1453.5, 2110.0], [1453.25, 2110.0], [1453.0, 39999.0], [1452.75, 2110.0], [1452.25, 2110.0], [1452.0, 182110.0], [1451.75, 2110.0], [1451.5, 2188.0]], "asks": [[1459.25, 15588.0], [1459.5, 14096.0], [1459.75, 120.0], [1460.0, 39113.0], [1460.25, 12174.0], [1461.75, 2111.0], [1462.0, 14828.0], [1462.25, 2111.0], [1462.5, 92111.0], [1463.5, 26576.0], [1463.75, 2111.0], [1464.25, 51165.0], [1464.75, 2130.0], [1465.0, 2160.0], [1465.25, 16233.0], [1465.75, 2160.0], [1466.25, 2187.0], [1466.75, 222116.0], [1467.25, 2110.0], [1467.5, 2188.0]]}}}
{"jsonrpc": "2.0", "method": "subscription", "params": {"channel": "book.ETH-18APR25.none.20.100ms", "data": {"timestamp": 1744008696308, "change_id": 64693361641, "instrument_name": "ETH-18APR25", "bids": [[1458.25, 16000.0], [1458.0, 4500.0], [1457.75, 13008.0], [1453.25, 6300.0], [1453.0, 27828.0], [1452.0, 36471.0], [1451.25, 1317.0], [1451.0, 41363.0], [1449.75, 1353.0], [1449.5, 41363.0], [1449.0, 1350.0], [1448.75, 1365.0], [1447.0, 2740.0], [1446.75, 1350.0], [1446.0, 44644.0], [1445.75, 41363.0], [1442.75, 1317.0], [1442.0, 38313.0], [1439.0, 1342.0], [1437.25, 26923.0]], "asks": [[1460.5, 26208.0], [1461.25, 6232.0], [1462.75, 9461.0], [1463.5, 18293.0], [1465.25, 37171.0], [1466.75, 1363.0], [1467.0, 40000.0], [1467.75, 1363.0], [1468.0, 39786.0], [1468.5, 2713.0], [1470.75, 40000.0], [1471.0, 1365.0], [1471.25, 39286.0], [1472.25, 1353.0], [1473.75, 41353.0], [1474.5, 1322.0], [1475.5, 26738.0], [1476.5, 1365.0], [1479.25, 25451.0], [1479.5, 1352.0]]}}}
{"jsonrpc": "2.0", "method": "subscription", "params": {"channel": "book.ETH-11APR25.none.20.100ms", "data": {"timestamp": 1744008696668, "change_id": 64693362388, "instrument_name": "ETH-11APR25", "bids": [[1458.0, 10120.0], [1457.75, 8848.0], [1457.5, 6274.0], [1457.25, 17986.0], [1457.0, 27651.0], [1456.75, 6274.0], [1456.5, 2111.0], [1455.5, 2188.0], [1455.25, 2188.0], [1454.5, 2110.0], [1454.25, 92110.0], [1453.75, 2110.0], [1453.5, 2110.0], [1453.25, 2110.0], [1453.0, 39999.0], [1452.75, 2110.0], [1452.25, 2110.0], [1452.0, 182110.0], [1451.75, 2110.0], [1451.5, 2188.0]], "asks": [[1459.5, 15588.0], [1459.75, 10120.0], [1460.0, 36939.0], [1460.25, 2174.0], [1461.75, 2111.0], [1462.0, 14828.0], [1462.25, 2111.0], [1462.5, 92111.0], [1463.5, 26576.0], [1463.75, 2111.0], [1464.25, 51165.0], [1464.75, 2130.0], [1465.0, 2160.0], [1465.25, 16233.0], [1465.75, 2160.0], [1466.25, 2187.0], [1466.75, 222116.0], [1467.25, 2110.0], [1467.5, 2188.0], [1468.5, 2188.0]]}}}
{"jsonrpc": "2.0", "method": "subscription", "params": {"channel": "book.ETH-18APR25.none.20.100ms", "data": {"timestamp": 1744008696380, "change_id": 64693362481, "instrument_name": "ETH-18APR25", "bids": [[1458.25, 26000.0], [1458.0, 13349.0], [1457.75, 11708.0], [1453.5, 6300.0], [1453.0, 27828.0], [1452.0, 36471.0], [1451.25, 1317.0], [1451.0, 41363.0], [1449.75, 1353.0], [1449.5, 41363.0], [1449.0, 1350.0], [1448.75, 1365.0], [1447.0, 2740.0], [1446.75, 1350.0], [1446.0, 44644.0], [1445.75, 41363.0], [1442.75, 1317.0], [1442.0, 38313.0], [1439.0, 1342.0], [1437.25, 26923.0]], "asks": [[1460.25, 11300.0], [1460.5, 11708.0], [1461.25, 6232.0], [1462.75, 9461.0], [1463.5, 18293.0], [1465.25, 37171.0], [1466.75, 1363.0], [1467.0, 40000.0], [1467.75, 1363.0], [1468.0, 39786.0], [1468.5, 2713.0], [1470.75, 40000.0], [1471.0, 1365.0], [1471.25, 39286.0], [1472.25, 1353.0], [1473.75, 41353.0], [1474.5, 1322.0], [1475.5, 26738.0], [1476.5, 1365.0], [1479.25, 25451.0]]}}}
{"jsonrpc": "2.0", "method": "subscription", "params": {"channel": "book.ETH-11APR25.none.20.100ms", "data": {"timestamp": 1744008697027, "change_id": 64693363225, "instrument_name": "ETH-11APR25", "bids": [[1458.5, 120.0], [1458.25, 13500.0], [1457.75, 2580.0], [1457.5, 6274.0], [1457.25, 43463.0], [1457.0, 2174.0], [1456.75, 6274.0], [1456.5, 2111.0], [1455.5, 2188.0], [1455.25, 2188.0], [1454.5, 2110.0], [1454.25, 92110.0], [1453.75, 2110.0], [1453.5, 2110.0], [1453.25, 2110.0], [1453.0, 39999.0], [1452.75, 2110.0], [1452.25, 2110.0], [1452.0, 182110.0], [1451.75, 2110.0]], "asks": [[1459.5, 15588.0], [1459.75, 120.0], [1460.0, 36939.0], [1460.25, 10000.0], [1461.75, 2111.0], [1462.0, 14828.0], [1462.25, 2111.0], [1462.5, 92111.0], [1463.5, 26576.0], [1463.75, 2111.0], [1464.25, 51165.0], [1464.75, 2130.0], [1465.0, 2160.0], [1465.25, 16233.0], [1465.75, 2160.0], [1466.25, 2187.0], [1466.75, 222116.0], [1467.25, 2110.0], [1467.5, 2188.0], [1468.5, 2188.0]]}}}
{"jsonrpc": "2.0", "method": "subscription", "params": {"channel": "book.ETH-18APR25.none.20.100ms", "data": {"timestamp": 1744008697025, "change_id": 64693363219, "instrument_name": "ETH-18APR25", "bids": [[1458.75, 25000.0], [1458.5, 1300.0], [1458.25, 1000.0], [1458.0, 4500.0], [1457.75, 11708.0], [1453.5, 6300.0], [1453.0, 27828.0], [1452.0, 36471.0], [1451.25, 1317.0], [1451.0, 41363.0], [1449.75, 1353.0], [1449.5, 41363.0], [1449.0, 1350.0], [1448.75, 1365.0], [1447.0, 2740.0], [1446.75, 1350.0], [1446.0, 44644.0], [1445.75, 41363.0], [1442.75, 1317.0], [1442.0, 38313.0]], "asks": [[1460.25, 11300.0], [1460.5, 11708.0], [1461.25, 6232.0], [1462.75, 9461.0], [1463.5, 18293.0], [1465.25, 37171.0], [1466.75, 1363.0], [1467.0, 40000.0], [1467.75, 1363.0], [1468.0, 39786.0], [1468.5, 2713.0], [1470.75, 40000.0], [1471.0, 1365.0], [1471.25, 39286.0], [1472.25, 1353.0], [1473.75, 41353.0], [1474.5, 1322.0], [1475.5, 26738.0], [1476.5, 1365.0], [1479.25, 25451.0]]}}}
{"jsonrpc": "2.0", "method": "subscription", "params": {"channel": "book.ETH-11APR25.none.20.100ms", "data": {"timestamp": 1744008697094, "change_id": 64693363866, "instrument_name": "ETH-11APR25", "bids": [[1458.5, 10120.0], [1458.25, 3500.0], [1457.75, 2174.0], [1457.5, 6274.0], [1457.25, 43463.0], [1457.0, 2174.0], [1456.75, 6274.0], [1455.5, 2188.0], [1455.25, 2188.0], [1454.5, 2110.0], [1454.25, 92110.0], [1453.75, 2110.0], [1453.5, 2110.0], [1453.25, 2110.0], [1453.0, 39999.0], [1452.75, 2110.0], [1452.25, 2110.0], [1452.0, 182110.0], [1451.75, 2110.0], [1451.5, 2188.0]], "asks": [[1459.5, 15588.0], [1460.0, 36939.0], [1460.25, 10120.0], [1461.75, 2111.0], [1462.0, 14828.0], [1462.25, 2111.0], [1462.5, 92111.0], [1463.5, 26576.0], [1463.75, 2111.0], [1464.25, 51165.0], [1465.0, 2160.0], [1465.25, 16233.0], [1465.75, 2160.0], [1466.25, 2187.0], [1466.75, 222116.0], [1467.25, 2110.0], [1467.5, 2188.0], [1468.5, 2188.0], [1468.75, 2116.0], [1469.0, 42188.0]]}}}
{"jsonrpc": "2.0", "method": "subscription", "params": {"channel": "book.ETH-18APR25.none.20.100ms", "data": {"timestamp": 1744008697314, "change_id": 64693364228, "instrument_name": "ETH-18APR25", "bids": [[1459.0, 7287.0], [1458.75, 25000.0], [1458.5, 1300.0], [1458.25, 1000.0], [1458.0, 4500.0], [1457.75, 11708.0], [1453.0, 27828.0], [1452.0, 36471.0], [1451.25, 1317.0], [1451.0, 41363.0], [1449.75, 1353.0], [1449.5, 41363.0], [1449.0, 1350.0], [1448.75, 1365.0], [1447.0, 2740.0], [1446.75, 1350.0], [1446.0, 44644.0], [1445.75, 41363.0], [1442.75, 1317.0], [1442.0, 38313.0]], "asks": [[1460.25, 1300.0], [1460.5, 11708.0], [1460.75, 10000.0], [1461.25, 6232.0], [1462.75, 9461.0], [1463.5, 18293.0], [1465.25, 37171.0], [1466.75, 1363.0], [1467.0, 40000.0], [1467.75, 1363.0], [1468.0, 39786.0], [1468.5, 2713.0], [1470.75, 40000.0], [1471.0, 1365.0], [1471.25, 39286.0], [1472.25, 1353.0], [1473.75, 41353.0], [1474.5, 1322.0], [1475.5, 26738.0], [1476.5, 1365.0]]}}}
{"jsonrpc": "2.0", "method": "subscription", "params": {"channel": "book.ETH-11APR25.none.20.100ms", "data": {"timestamp": 1744008697655, "change_id": 64693364613, "instrument_name": "ETH-11APR25", "bids": [[1458.5, 10526.0], [1458.25, 3500.0], [1458.0, 14580.0], [1457.75, 2174.0], [1457.5, 6274.0], [1457.25, 43463.0], [1457.0, 2174.0], [1456.75, 2174.0], [1455.5, 2188.0], [1455.25, 2188.0], [1454.5, 2110.0], [1454.25, 92110.0], [1453.75, 2110.0], [1453.5, 2110.0], [1453.25, 2110.0], [1453.0, 39999.0], [1452.75, 2110.0], [1452.25, 2110.0], [1452.0, 182110.0], [1451.75, 2110.0]], "asks": [[1459.5, 15588.0], [1459.75, 4100.0], [1460.0, 36939.0], [1460.25, 10120.0], [1461.75, 2111.0], [1462.0, 14828.0], [1462.25, 2111.0], [1462.5, 92111.0], [1463.5, 26576.0], [1463.75, 2111.0], [1464.25, 51165.0], [1465.0, 2160.0], [1465.25, 16233.0], [1465.75, 2160.0], [1466.25, 2187.0], [1466.75, 222116.0], [1467.25, 2110.0], [1467.5, 2188.0], [1468.5, 2188.0], [1468.75, 2116.0]]}}}
{"jsonrpc": "2.0", "method": "subscription", "params": {"channel": "book.ETH-18APR25.none.20.100ms", "data": {"timestamp": 1744008697685, "change_id": 64693364668, "instrument_name": "ETH-18APR25", "bids": [[1459.0, 1001.0], [1458.75, 10390.0], [1458.5, 1600.0], [1458.25, 1000.0], [1458.0, 8012.0], [1457.75, 11708.0], [1453.25, 6300.0], [1453.0, 27828.0], [1452.0, 36471.0], [1451.25, 1317.0], [1451.0, 41363.0], [1449.75, 1353.0], [1449.5, 41363.0], [1449.0, 1350.0], [1448.75, 1365.0], [1447.0, 2740.0], [1446.75, 1350.0], [1446.0, 44644.0], [1445.75, 41363.0], [1442.75, 1317.0]], "asks": [[1460.25, 4500.0], [1460.5, 23008.0], [1461.25, 6232.0], [1461.75, 2165.0], [1462.75, 9461.0], [1463.5, 18293.0], [1465.25, 37171.0], [1466.75, 1363.0], [1467.0, 40000.0], [1467.75, 1363.0], [1468.0, 39786.0], [1468.5, 2713.0], [1470.75, 40000.0], [1471.0, 1365.0], [1471.25, 39286.0], [1472.25, 1353.0], [1473.75, 41353.0], [1474.5, 1322.0], [1475.5, 26738.0], [1476.5, 1365.0]]}}}
{"jsonrpc": "2.0", "method": "subscription", "params": {"channel": "book.ETH-11APR25.none.20.100ms", "data": {"timestamp": 1744008698018, "change_id": 64693365381, "instrument_name": "ETH-11APR25", "bids": [[1458.5, 10120.0], [1458.25, 3500.0], [1457.75, 13886.0], [1457.5, 32751.0], [1457.25, 6274.0], [1457.0, 2174.0], [1456.75, 2174.0], [1455.5, 2188.0], [1455.25, 2188.0], [1454.5, 2110.0], [1454.25, 92110.0], [1453.75, 2110.0], [1453.5, 2110.0], [1453.25, 2110.0], [1453.0, 39999.0], [1452.75, 2110.0], [1452.25, 2110.0], [1452.0, 182110.0], [1451.75, 2110.0], [1451.5, 2188.0]], "asks": [[1459.75, 15588.0], [1460.0, 25227.0], [1460.25, 10120.0], [1460.5, 11712.0], [1461.75, 2111.0], [1462.0, 14828.0], [1462.25, 2111.0], [1462.5, 92111.0], [1463.5, 26576.0], [1463.75, 2111.0], [1464.25, 51165.0], [1465.0, 2160.0], [1465.25, 16233.0], [1465.75, 2160.0], [1466.25, 2187.0], [1466.75, 222116.0], [1467.25, 2110.0], [1467.5, 2188.0], [1468.5, 2188.0], [1468.75, 2116.0]]}}}
{"jsonrpc": "2.0", "method": "subscription", "params": {"channel": "book.ETH-18APR25.none.20.100ms", "data": {"timestamp": 1744008698016, "change_id": 64693365377, "instrument_name": "ETH-18APR25", "bids": [[1459.0, 15000.0], [1458.75, 10000.0], [1458.5, 1300.0], [1458.25, 12708.0], [1458.0, 10800.0], [1453.0, 27828.0], [1452.0, 36471.0], [1451.25, 1317.0], [1451.0, 41363.0], [1449.75, 1353.0], [1449.5, 41363.0], [1449.0, 1350.0], [1448.75, 1365.0], [1447.0, 2740.0], [1446.75, 1350.0], [1446.0, 44644.0], [1445.75, 41363.0], [1442.75, 1317.0], [1442.0, 38313.0], [1439.0, 1342.0]], "asks": [[1460.25, 4500.0], [1460.5, 11300.0], [1461.0, 11708.0], [1461.25, 6232.0], [1462.75, 9461.0], [1463.5, 18293.0], [1465.25, 37171.0], [1466.75, 1363.0], [1467.0, 40000.0], [1467.75, 1363.0], [1468.0, 39786.0], [1468.5, 2713.0], [1470.75, 40000.0], [1471.0, 1365.0], [1471.25, 39286.0], [1472.25, 1353.0], [1473.75, 41353.0], [1474.5, 1322.0], [1475.5, 26738.0], [1476.5, 1365.0]]}}}
{"jsonrpc": "2.0", "method": "subscription", "params": {"channel": "book.ETH-11APR25.none.20.100ms", "data": {"timestamp": 1744008698143, "change_id": 64693366174, "instrument_name": "ETH-11APR25", "bids": [[1458.5, 10120.0], [1458.25, 3500.0], [1458.0, 2174.0], [1457.75, 13886.0], [1457.5, 7274.0], [1457.25, 31751.0], [1457.0, 2174.0], [1456.75, 2174.0], [1455.5, 2188.0], [1455.25, 2188.0], [1454.5, 2110.0], [1454.25, 92110.0], [1453.75, 2110.0], [1453.5, 2110.0], [1453.25, 2110.0], [1453.0, 39999.0], [1452.75, 2110.0], [1452.25, 2110.0], [1452.0, 182110.0], [1451.75, 2110.0]], "asks": [[1459.75, 15588.0], [1460.0, 25227.0], [1460.25, 10120.0], [1460.5, 11712.0], [1461.75, 2111.0], [1462.0, 14828.0], [1462.25, 2111.0], [1462.5, 92111.0], [1463.5, 26576.0], [1463.75, 2111.0], [1464.25, 51165.0], [1465.0, 2160.0], [1465.25, 16233.0], [1465.75, 2160.0], [1466.25, 2187.0], [1466.75, 222116.0], [1467.25, 2110.0], [1467.5, 2188.0], [1468.5, 2188.0], [1468.75, 2116.0]]}}}
{"jsonrpc": "2.0", "method": "subscription", "params": {"channel": "book.ETH-18APR25.none.20.100ms", "data": {"timestamp": 1744008698143, "change_id": 64693366169, "instrument_name": "ETH-18APR25", "bids": [[1458.75, 25000.0], [1458.5, 1300.0], [1458.25, 12708.0], [1458.0, 4500.0], [1453.0, 27828.0], [1452.0, 36471.0], [1451.25, 1317.0], [1451.0, 41363.0], [1449.75, 1353.0], [1449.5, 41363.0], [1449.0, 1350.0], [1448.75, 1365.0], [1447.0, 2740.0], [1446.75, 1350.0], [1446.0, 44644.0], [1445.75, 41363.0], [1442.75, 1317.0], [1442.0, 38313.0], [1439.0, 1342.0], [1437.25, 26923.0]], "asks": [[1460.25, 4500.0], [1460.5, 11300.0], [1461.0, 11708.0], [1461.25, 6232.0], [1462.75, 9461.0], [1463.5, 18293.0], [1465.25, 37171.0], [1466.75, 1363.0], [1467.0, 40000.0], [1467.75, 1363.0], [1468.0, 39786.0], [1468.5, 2713.0], [1470.75, 40000.0], [1471.0, 1365.0], [1471.25, 39286.0], [1472.25, 1353.0], [1473.75, 41353.0], [1474.5, 1322.0], [1475.5, 26738.0], [1476.5, 1365.0]]}}}
{"jsonrpc": "2.0", "method": "subscription", "params": {"channel": "book.ETH-11APR25.none.20.100ms", "data": {"timestamp": 1744008698668, "change_id": 64693367680, "instrument_name": "ETH-11APR25", "bids": [[1459.25, 120.0], [1458.75, 14100.0], [1458.5, 2174.0], [1458.25, 28977.0], [1458.0, 2174.0], [1457.75, 2174.0], [1457.5, 6274.0], [1457.25, 6274.0], [1457.0, 2174.0], [1456.75, 2174.0], [1455.5, 2188.0], [1455.25, 2188.0], [1454.5, 2110.0], [1454.25, 92110.0], [1453.75, 2110.0], [1453.5, 2110.0], [1453.25, 2110.0], [1453.0, 39999.0], [1452.75, 42110.0], [1452.25, 2110.0]], "asks": [[1460.75, 11488.0], [1461.0, 25347.0], [1461.75, 2111.0], [1462.0, 2111.0], [1462.25, 2111.0], [1462.5, 92111.0], [1463.0, 14891.0], [1463.5, 26576.0], [1463.75, 2111.0], [1464.25, 51165.0], [1465.0, 2160.0], [1465.25, 16233.0], [1465.75, 2160.0], [1466.25, 2187.0], [1466.75, 182116.0], [1467.25, 2110.0], [1467.5, 42188.0], [1468.5, 2188.0], [1468.75, 2116.0], [1469.0, 42188.0]]}}}
{"jsonrpc": "2.0", "method": "subscription", "params": {"channel": "book.ETH-18APR25.none.20.100ms", "data": {"timestamp": 1744008698564, "change_id": 64693367661, "instrument_name": "ETH-18APR25", "bids": [[1459.25, 19500.0], [1459.0, 10000.0], [1458.75, 6300.0], [1458.5, 1300.0], [1453.0, 27828.0], [1452.75, 40000.0], [1452.25, 1317.0], [1452.0, 36471.0], [1451.25, 1317.0], [1451.0, 1363.0], [1449.75, 1353.0], [1449.5, 41363.0], [1449.0, 1350.0], [1448.75, 1365.0], [1447.0, 2740.0], [1446.75, 1350.0], [1446.0, 44644.0], [1445.75, 41363.0], [1442.75, 1317.0], [1442.0, 38313.0]], "asks": [[1460.75, 1300.0], [1462.0, 6232.0], [1462.75, 9461.0], [1463.5, 18293.0], [1465.25, 37171.0], [1467.75, 41363.0], [1468.0, 39786.0], [1468.5, 2713.0], [1470.75, 40000.0], [1471.0, 1365.0], [1471.25, 39286.0], [1472.25, 1353.0], [1473.75, 41353.0], [1474.5, 1322.0], [1475.5, 26738.0], [1476.5, 1365.0], [1479.25, 25451.0], [1479.5, 1352.0], [1480.75, 2773.0], [1486.75, 1380.0]]}}}
{"jsonrpc": "2.0", "method": "subscription", "params": {"channel": "book.ETH-11APR25.none.20.100ms", "data": {"timestamp": 1744008698861, "change_id": 64693368352, "instrument_name": "ETH-11APR25", "bids": [[1459.5, 10120.0], [1459.0, 2174.0], [1458.75, 15812.0], [1458.5, 27651.0], [1458.25, 3500.0], [1458.0, 2174.0], [1457.75, 2174.0], [1457.5, 6274.0], [1457.25, 6274.0], [1457.0, 2174.0], [1456.75, 2174.0], [1455.5, 2188.0], [1455.25, 2188.0], [1454.5, 2110.0], [1454.25, 92110.0], [1453.75, 2110.0], [1453.5, 2110.0], [1453.25, 2110.0], [1453.0, 39999.0], [1452.75, 42110.0]], "asks": [[1461.0, 36835.0], [1461.25, 10000.0], [1461.5, 11712.0], [1461.75, 2111.0], [1462.0, 2111.0], [1462.25, 2111.0], [1462.5, 92111.0], [1463.0, 14891.0], [1463.5, 26576.0], [1463.75, 2111.0], [1464.25, 2130.0], [1465.0, 2160.0], [1465.25, 18407.0], [1465.75, 51195.0], [1466.25, 2187.0], [1466.75, 182116.0], [1467.25, 2110.0], [1467.5, 2188.0], [1468.5, 2188.0], [1468.75, 2116.0]]}}}
{"jsonrpc": "2.0", "method": "subscription", "params": {"channel": "book.ETH-18APR25.none.20.100ms", "data": {"timestamp": 1744008698994, "change_id": 64693368614, "instrument_name": "ETH-18APR25", "bids": [[1460.0, 10000.0], [1459.75, 15000.0], [1459.25, 16208.0], [1458.75, 6300.0], [1458.5, 1300.0], [1453.0, 29145.0], [1452.75, 40000.0], [1452.25, 1317.0], [1452.0, 36471.0], [1451.25, 1317.0], [1451.0, 1363.0], [1449.75, 1353.0], [1449.5, 41363.0], [1449.0, 1350.0], [1448.75, 1365.0], [1447.0, 2740.0], [1446.75, 1350.0], [1446.0, 44644.0], [1445.75, 41363.0], [1442.75, 1317.0]], "asks": [[1461.75, 14500.0], [1462.0, 11708.0], [1462.75, 6232.0], [1464.25, 9461.0], [1465.25, 37171.0], [1465.5, 18293.0], [1467.75, 1363.0], [1468.0, 39786.0], [1468.5, 42713.0], [1470.75, 40000.0], [1471.0, 1365.0], [1471.25, 39286.0], [1472.25, 1353.0], [1473.75, 41353.0], [1474.5, 1322.0], [1475.5, 26738.0], [1476.5, 1365.0], [1479.25, 25451.0], [1479.5, 1352.0], [1480.75, 2773.0]]}}}
{"jsonrpc": "2.0", "method": "subscription", "params": {"channel": "book.ETH-11APR25.none.20.100ms", "data": {"timestamp": 1744008699316, "change_id": 64693369877, "instrument_name": "ETH-11APR25", "bids": [[1459.25, 10000.0], [1459.0, 8678.0], [1458.75, 4100.0], [1458.5, 1000.0], [1458.25, 5674.0], [1458.0, 27651.0], [1457.75, 2174.0], [1457.5, 6274.0], [1457.25, 6274.0], [1457.0, 2174.0], [1456.75, 2174.0], [1455.5, 2188.0], [1455.25, 2188.0], [1454.5, 2110.0], [1454.25, 92110.0], [1453.75, 2110.0], [1453.5, 2110.0], [1453.25, 2110.0], [1453.0, 39999.0], [1452.75, 42110.0]], "asks": [[1460.25, 15588.0], [1460.5, 14096.0], [1460.75, 12778.0], [1461.0, 25227.0], [1461.25, 12174.0], [1461.75, 2111.0], [1462.0, 2111.0], [1462.25, 2111.0], [1462.5, 92111.0], [1463.0, 14891.0], [1463.5, 26576.0], [1463.75, 2111.0], [1464.25, 2130.0], [1465.0, 2160.0], [1465.25, 18407.0], [1465.75, 51195.0], [1466.25, 2187.0], [1466.75, 182116.0], [1467.25, 2110.0], [1467.5, 42188.0]]}}}
{"jsonrpc": "2.0", "method": "subscription", "params": {"channel": "book.ETH-18APR25.none.20.100ms", "data": {"timestamp": 1744008699284, "change_id": 64693369759, "instrument_name": "ETH-18APR25", "bids": [[1459.5, 18555.0], [1459.25, 4500.0], [1458.5, 1300.0], [1453.5, 6300.0], [1453.0, 29145.0], [1452.75, 40000.0], [1452.25, 1317.0], [1452.0, 36471.0], [1451.25, 1317.0], [1451.0, 1363.0], [1449.75, 1353.0], [1449.5, 41363.0], [1449.0, 1350.0], [1448.75, 1365.0], [1447.0, 2740.0], [1446.75, 1350.0], [1446.0, 44644.0], [1445.75, 41363.0], [1442.75, 1317.0], [1442.0, 38313.0]], "asks": [[1461.25, 8555.0], [1461.5, 11300.0], [1461.75, 4500.0], [1462.75, 6232.0], [1464.25, 9461.0], [1465.25, 37171.0], [1465.5, 18293.0], [1467.75, 1363.0], [1468.0, 39786.0], [1468.5, 42713.0], [1470.75, 40000.0], [1471.0, 1365.0], [1471.25, 39286.0], [1472.25, 1353.0], [1473.75, 41353.0], [1474.5, 1322.0], [1475.5, 26738.0], [1476.5, 1365.0], [1479.25, 25451.0], [1479.5, 1352.0]]}}}
{"jsonrpc": "2.0", "method": "subscription", "params": {"channel": "book.ETH-11APR25.none.20.100ms", "data": {"timestamp": 1744008699630, "change_id": 64693370482, "instrument_name": "ETH-11APR25", "bids": [[1459.25, 10000.0], [1459.0, 8678.0], [1458.75, 4100.0], [1458.5, 3174.0], [1458.25, 5674.0], [1458.0, 27651.0], [1457.75, 2174.0], [1457.5, 6274.0], [1457.25, 2174.0], [1456.75, 2174.0], [1455.5, 2188.0], [1455.25, 2188.0], [1454.5, 2110.0], [1454.25, 92110.0], [1453.75, 2110.0], [1453.5, 2110.0], [1453.25, 2110.0], [1453.0, 39999.0], [1452.75, 42110.0], [1452.25, 2110.0]], "asks": [[1460.25, 15588.0], [1460.5, 4100.0], [1460.75, 22778.0], [1461.0, 25227.0], [1461.25, 2174.0], [1462.0, 2111.0], [1462.25, 2111.0], [1462.5, 92111.0], [1463.0, 14891.0], [1463.5, 26576.0], [1463.75, 2111.0], [1464.25, 2130.0], [1465.0, 2160.0], [1465.25, 18407.0], [1465.75, 51195.0], [1466.25, 2187.0], [1466.75, 182116.0], [1467.25, 2110.0], [1467.5, 42188.0], [1468.5, 2188.0]]}}}
{"jsonrpc": "2.0", "method": "subscription", "params": {"channel": "book.ETH-18APR25.none.20.100ms", "data": {"timestamp": 1744008699573, "change_id": 64693370365, "instrument_name": "ETH-18APR25", "bids": [[1459.5, 10000.0], [1459.0, 8555.0], [1453.25, 6300.0], [1453.0, 29145.0], [1452.75, 40000.0], [1452.25, 1317.0], [1452.0, 36471.0], [1451.25, 1317.0], [1451.0, 1363.0], [1449.75, 1353.0], [1449.5, 41363.0], [1449.0, 1350.0], [1448.75, 1365.0], [1447.0, 2740.0], [1446.75, 1350.0], [1446.0, 44644.0], [1445.75, 41363.0], [1442.75, 1317.0], [1442.0, 38313.0], [1439.0, 1342.0]], "asks": [[1461.25, 18555.0], [1461.5, 1300.0], [1461.75, 4763.0], [1462.75, 6232.0], [1464.25, 9461.0], [1465.25, 37171.0], [1465.5, 18293.0], [1467.75, 1363.0], [1468.0, 39786.0], [1468.5, 42713.0], [1470.75, 40000.0], [1471.0, 1365.0], [1471.25, 39286.0], [1472.25, 1353.0], [1473.75, 41353.0], [1474.5, 1322.0], [1475.5, 26738.0], [1476.5, 1365.0], [1479.25, 25451.0], [1479.5, 1352.0]]}}}
{"jsonrpc": "2.0", "method": "subscription", "params": {"channel": "book.ETH-11APR25.none.20.100ms", "data": {"timestamp": 1744008699963, "change_id": 64693371265, "instrument_name": "ETH-11APR25", "bids": [[1459.0, 120.0], [1458.75, 14100.0], [1458.5, 8558.0], [1458.25, 3500.0], [1458.0, 2174.0], [1457.75, 27651.0], [1457.5, 6274.0], [1457.25, 2174.0], [1456.75, 2174.0], [1455.5, 2188.0], [1455.25, 2188.0], [1454.5, 2110.0], [1454.25, 92110.0], [1453.75, 2110.0], [1453.5, 2110.0], [1453.25, 2110.0], [1453.0, 39999.0], [1452.75, 42110.0], [1452.25, 2110.0], [1452.0, 182110.0]], "asks": [[1460.25, 24146.0], [1460.5, 29447.0], [1460.75, 14100.0], [1461.25, 2174.0], [1462.0, 2111.0], [1462.25, 2111.0], [1462.5, 92111.0], [1463.0, 14891.0], [1463.5, 26576.0], [1463.75, 2111.0], [1464.25, 2130.0], [1465.0, 2160.0], [1465.25, 18407.0], [1465.75, 51195.0], [1466.25, 2187.0], [1466.75, 182116.0], [1467.25, 2110.0], [1467.5, 42188.0], [1468.5, 2188.0], [1468.75, 2116.0]]}}}
{"jsonrpc": "2.0", "method": "subscription", "params": {"channel": "book.ETH-18APR25.none.20.100ms", "data": {"timestamp": 1744008699995, "change_id": 64693371292, "instrument_name": "ETH-18APR25", "bids": [[1459.5, 1300.0], [1459.25, 7067.0], [1459.0, 18555.0], [1458.5, 1000.0], [1453.5, 6300.0], [1453.0, 29145.0], [1452.75, 40000.0], [1452.25, 1317.0], [1452.0, 36471.0], [1451.0, 1363.0], [1449.75, 1353.0], [1449.5, 41363.0], [1449.0, 1350.0], [1448.75, 1365.0], [1447.0, 2740.0], [1446.75, 1350.0], [1446.0, 44644.0], [1445.75, 41363.0], [1442.75, 1317.0], [1442.0, 38313.0]], "asks": [[1460.75, 8555.0], [1461.0, 14500.0], [1461.5, 1300.0], [1461.75, 4763.0], [1462.0, 6232.0], [1463.25, 9461.0], [1465.25, 37171.0], [1465.5, 18293.0], [1467.75, 1363.0], [1468.0, 39786.0], [1468.5, 42713.0], [1470.75, 40000.0], [1471.0, 1365.0], [1471.25, 39286.0], [1472.25, 1353.0], [1473.75, 41353.0], [1474.5, 1322.0], [1475.5, 26738.0], [1476.5, 1365.0], [1479.25, 25451.0]]}}}
{"jsonrpc": "2.0", "method": "subscription", "params": {"channel": "book.ETH-11APR25.none.20.100ms", "data": {"timestamp": 1744008700246, "change_id": 64693372036, "instrument_name": "ETH-11APR25", "bids": [[1459.0, 10120.0], [1458.75, 4100.0], [1458.5, 10732.0], [1458.25, 3500.0], [1458.0, 2174.0], [1457.75, 27651.0], [1457.5, 6274.0], [1457.25, 2174.0], [1456.75, 2174.0], [1455.5, 2188.0], [1455.25, 2188.0], [1454.5, 2110.0], [1454.25, 92110.0], [1453.75, 2110.0], [1453.5, 2110.0], [1453.25, 2110.0], [1453.0, 39999.0], [1452.75, 42110.0], [1452.25, 2110.0], [1452.0, 182110.0]], "asks": [[1460.25, 24146.0], [1460.5, 29447.0], [1460.75, 14100.0], [1461.25, 2174.0], [1462.0, 2111.0], [1462.25, 2111.0], [1462.5, 92111.0], [1463.0, 14891.0], [1463.5, 26576.0], [1463.75, 2111.0], [1464.25, 2130.0], [1465.0, 2160.0], [1465.25, 18407.0], [1465.75, 51195.0], [1466.25, 2187.0], [1466.75, 182116.0], [1467.25, 2110.0], [1467.5, 42188.0], [1468.5, 2188.0], [1468.75, 2116.0]]}}}
{"jsonrpc": "2.0", "method": "subscription", "params": {"channel": "book.ETH-18APR25.none.20.100ms", "data": {"timestamp": 1744008700157, "change_id": 64693372193, "instrument_name": "ETH-18APR25", "bids": [[1459.5, 1300.0], [1459.25, 17067.0], [1459.0, 8555.0], [1458.5, 1000.0], [1453.25, 6300.0], [1453.0, 29145.0], [1452.75, 40000.0], [1452.25, 1317.0], [1452.0, 36471.0], [1451.0, 1363.0], [1449.75, 1353.0], [1449.5, 41363.0], [1449.0, 1350.0], [1448.75, 1365.0], [1447.0, 2740.0], [1446.75, 1350.0], [1446.0, 44644.0], [1445.75, 41363.0], [1442.75, 1317.0], [1442.0, 38313.0]], "asks": [[1460.75, 8555.0], [1461.0, 14500.0], [1461.5, 1300.0], [1462.0, 6232.0], [1462.25, 291.0], [1463.25, 9461.0], [1465.25, 37171.0], [1465.5, 18293.0], [1467.75, 1363.0], [1468.0, 39786.0], [1468.5, 42713.0], [1470.75, 40000.0], [1471.0, 1365.0], [1471.25, 39286.0], [1472.25, 1353.0], [1473.75, 41353.0], [1474.5, 1322.0], [1475.5, 26738.0], [1476.5, 1365.0], [1479.25, 25451.0]]}}}
{"jsonrpc": "2.0", "method": "subscription", "params": {"channel": "book.ETH-11APR25.none.20.100ms", "data": {"timestamp": 1744008700482, "change_id": 64693372484, "instrument_name": "ETH-11APR25", "bids": [[1459.0, 14220.0], [1458.75, 4100.0], [1458.5, 8558.0], [1458.25, 3500.0], [1458.0, 2174.0], [1457.75, 27651.0], [1457.5, 6274.0], [1457.25, 2174.0], [1456.75, 2174.0], [1455.5, 2188.0], [1455.25, 2188.0], [1454.5, 2110.0], [1454.25, 92110.0], [1453.75, 2110.0], [1453.5, 2110.0], [1453.25, 2110.0], [1453.0, 39999.0], [1452.75, 42110.0], [1452.25, 2110.0], [1452.0, 182110.0]], "asks": [[1460.25, 24146.0], [1460.5, 29447.0], [1460.75, 10000.0], [1461.25, 2174.0], [1462.0, 2111.0], [1462.25, 2111.0], [1462.5, 92111.0], [1463.0, 14891.0], [1463.5, 26576.0], [1463.75, 2111.0], [1464.25, 2130.0], [1465.0, 2160.0], [1465.25, 18407.0], [1465.75, 51195.0], [1466.25, 2187.0], [1466.75, 182116.0], [1467.25, 2110.0], [1467.5, 42188.0], [1468.5, 2188.0], [1468.75, 2116.0]]}}}
{"jsonrpc": "2.0", "method": "subscription", "params": {"channel": "book.ETH-18APR25.none.20.100ms", "data": {"timestamp": 1744008700644, "change_id": 64693372709, "instrument_name": "ETH-18APR25", "bids": [[1459.75, 7436.0], [1459.5, 26300.0], [1459.25, 7067.0], [1459.0, 8555.0], [1458.5, 1000.0], [1453.25, 6300.0], [1453.0, 29145.0], [1452.75, 40000.0], [1452.25, 1317.0], [1452.0, 36471.0], [1451.0, 1363.0], [1449.75, 1353.0], [1449.5, 41363.0], [1449.0, 1350.0], [1448.75, 1365.0], [1447.0, 2740.0], [1446.75, 1350.0], [1446.0, 44644.0], [1445.75, 41363.0], [1442.75, 1317.0]], "asks": [[1460.75, 8555.0], [1461.0, 10000.0], [1462.0, 6232.0], [1463.25, 9461.0], [1465.25, 37171.0], [1465.5, 18293.0], [1467.75, 1363.0], [1468.0, 39786.0], [1468.5, 42713.0], [1470.75, 40000.0], [1471.0, 1365.0], [1471.25, 39286.0], [1472.25, 1353.0], [1473.75, 41353.0], [1474.5, 1322.0], [1475.5, 26738.0], [1476.5, 1365.0], [1479.25, 25451.0], [1479.5, 1352.0], [1480.75, 2773.0]]}}}
{"jsonrpc": "2.0", "method": "subscription", "params": {"channel": "book.ETH-11APR25.none.20.100ms", "data": {"timestamp": 1744008700986, "change_id": 64693373577, "instrument_name": "ETH-11APR25", "bids": [[1459.25, 10120.0], [1459.0, 27248.0], [1458.75, 4100.0], [1458.5, 2174.0], [1458.25, 6674.0], [1458.0, 2174.0], [1457.75, 27651.0], [1457.5, 6274.0], [1457.25, 2174.0], [1456.75, 2174.0], [1455.5, 2188.0], [1455.25, 2188.0], [1454.5, 2110.0], [1454.25, 92110.0], [1453.75, 2110.0], [1453.5, 2110.0], [1453.25, 2110.0], [1453.0, 39999.0], [1452.75, 42110.0], [1452.25, 2110.0]], "asks": [[1460.25, 15588.0], [1460.5, 37885.0], [1461.0, 12294.0], [1461.25, 2174.0], [1462.0, 2111.0], [1462.25, 2111.0], [1462.5, 92111.0], [1463.0, 14891.0], [1463.5, 26576.0], [1463.75, 2111.0], [1464.25, 2130.0], [1465.0, 2160.0], [1465.25, 18407.0], [1465.75, 51195.0], [1466.25, 2187.0], [1466.75, 182116.0], [1467.25, 2110.0], [1467.5, 42188.0], [1468.5, 2188.0], [1468.75, 2116.0]]}}}
{"jsonrpc": "2.0", "method": "subscription", "params": {"channel": "book.ETH-18APR25.none.20.100ms", "data": {"timestamp": 1744008700985, "change_id": 64693373576, "instrument_name": "ETH-18APR25", "bids": [[1459.5, 25000.0], [1459.25, 27647.0], [1454.0, 6300.0], [1453.0, 29145.0], [1452.75, 40000.0], [1452.25, 1317.0], [1452.0, 36471.0], [1451.0, 1363.0], [1449.75, 1353.0], [1449.5, 41363.0], [1449.0, 1350.0], [1448.75, 1365.0], [1447.0, 2740.0], [1446.75, 1350.0], [1446.0, 44644.0], [1445.75, 41363.0], [1442.75, 1317.0], [1442.0, 38313.0], [1439.0, 1342.0], [1437.25, 26923.0]], "asks": [[1461.0, 9855.0], [1461.25, 4500.0], [1461.5, 10000.0], [1462.0, 6232.0], [1463.25, 9461.0], [1465.25, 37171.0], [1465.5, 18293.0], [1467.75, 1363.0], [1468.0, 39786.0], [1468.5, 42713.0], [1470.75, 40000.0], [1471.0, 1365.0], [1471.25, 39286.0], [1472.25, 1353.0], [1473.75, 41353.0], [1474.5, 1322.0], [1475.5, 26738.0], [1476.5, 1365.0], [1479.25, 25451.0], [1479.5, 1352.0]]}}}
{"jsonrpc": "2.0", "method": "subscription", "params": {"channel": "book.ETH-11APR25.none.20.100ms", "data": {"timestamp": 1744008701321, "change_id": 64693374690, "instrument_name": "ETH-11APR25", "bids": [[1459.75, 406.0], [1459.5, 10120.0], [1459.0, 27248.0], [1458.75, 4100.0], [1458.5, 2174.0], [1458.25, 6674.0], [1458.0, 2174.0], [1457.75, 2174.0], [1457.5, 6274.0], [1457.25, 2174.0], [1456.75, 2174.0], [1455.5, 2188.0], [1455.25, 2188.0], [1454.5, 2110.0], [1454.25, 92110.0], [1453.75, 2110.0], [1453.5, 2110.0], [1453.25, 2110.0], [1453.0, 39999.0], [1452.75, 42110.0]], "asks": [[1460.75, 11488.0], [1461.0, 35347.0], [1462.0, 2111.0], [1462.25, 2111.0], [1462.5, 92111.0], [1463.0, 14891.0], [1463.5, 26576.0], [1463.75, 2111.0], [1464.25, 2130.0], [1465.0, 2160.0], [1465.25, 18407.0], [1465.75, 51195.0], [1466.25, 2187.0], [1466.75, 182116.0], [1467.25, 2110.0], [1467.5, 42188.0], [1468.5, 2188.0], [1468.75, 2116.0], [1469.0, 42188.0], [1469.75, 75697.0]]}}}
{"jsonrpc": "2.0", "method": "subscription", "params": {"channel": "book.ETH-18APR25.none.20.100ms", "data": {"timestamp": 1744008701301, "change_id": 64693374682, "instrument_name": "ETH-18APR25", "bids": [[1460.0, 5582.0], [1459.75, 19855.0], [1459.25, 19092.0], [1459.0, 1000.0], [1453.0, 29145.0], [1452.75, 40000.0], [1452.25, 1317.0], [1452.0, 36471.0], [1451.0, 1363.0], [1449.75, 1353.0], [1449.5, 41363.0], [1449.0, 1350.0], [1448.75, 1365.0], [1447.0, 2740.0], [1446.75, 1350.0], [1446.0, 44644.0], [1445.75, 41363.0], [1442.75, 1317.0], [1442.0, 38313.0], [1439.0, 1342.0]], "asks": [[1461.0, 1300.0], [1461.25, 4500.0], [1461.5, 10000.0], [1462.0, 6232.0], [1463.25, 9461.0], [1465.25, 37171.0], [1465.5, 18293.0], [1467.75, 1363.0], [1468.0, 39786.0], [1468.5, 42713.0], [1470.75, 40000.0], [1471.0, 1365.0], [1471.25, 39286.0], [1472.25, 1353.0], [1473.75, 41353.0], [1474.5, 1322.0], [1475.5, 26738.0], [1476.5, 1365.0], [1479.25, 25451.0], [1479.5, 1352.0]]}}}
{"jsonrpc": "2.0", "method": "subscription", "params": {"channel": "book.ETH-11APR25.none.20.100ms", "data": {"timestamp": 1744008701600, "change_id": 64693375789, "instrument_name": "ETH-11APR25", "bids": [[1460.0, 12778.0], [1459.75, 10000.0], [1459.25, 2174.0], [1459.0, 44167.0], [1458.75, 6274.0], [1458.5, 2174.0], [1458.25, 5674.0], [1457.75, 2174.0], [1457.5, 2174.0], [1457.25, 2174.0], [1456.75, 2174.0], [1455.5, 2188.0], [1455.25, 2188.0], [1454.5, 2110.0], [1454.25, 2110.0], [1453.75, 2110.0], [1453.5, 2110.0], [1453.25, 2110.0], [1453.0, 39999.0], [1452.75, 42110.0]], "asks": [[1461.25, 15588.0], [1461.5, 8558.0], [1462.0, 25347.0], [1462.25, 2111.0], [1462.5, 2111.0], [1463.0, 2174.0], [1463.5, 2130.0], [1463.75, 2111.0], [1464.0, 12717.0], [1464.25, 2130.0], [1464.75, 24446.0], [1465.0, 2160.0], [1465.25, 18407.0], [1465.75, 51195.0], [1466.25, 2187.0], [1466.75, 182116.0], [1467.25, 2110.0], [1467.5, 2188.0], [1468.5, 2188.0], [1468.75, 2116.0]]}}}
{"jsonrpc": "2.0", "method": "subscription", "params": {"channel": "book.ETH-18APR25.none.20.100ms", "data": {"timestamp": 1744008701628, "change_id": 64693375769, "instrument_name": "ETH-18APR25", "bids": [[1460.5, 19500.0], [1460.25, 8555.0], [1460.0, 10000.0], [1459.5, 6300.0], [1459.25, 14592.0], [1453.5, 1317.0], [1453.25, 1317.0], [1453.0, 29145.0], [1452.75, 40000.0], [1452.25, 1317.0], [1452.0, 36471.0], [1451.0, 1363.0], [1449.75, 1353.0], [1449.5, 41363.0], [1449.0, 1350.0], [1448.75, 1365.0], [1447.0, 2740.0], [1446.75, 1350.0], [1446.0, 44644.0], [1445.75, 41363.0]], "asks": [[1462.0, 8555.0], [1462.5, 1300.0], [1462.75, 6232.0], [1464.25, 9461.0], [1465.25, 37171.0], [1465.5, 18293.0], [1468.0, 38433.0], [1468.5, 42713.0], [1470.75, 40000.0], [1471.0, 1365.0], [1471.25, 39286.0], [1472.25, 1353.0], [1473.75, 41353.0], [1474.5, 1322.0], [1475.5, 26738.0], [1476.5, 1365.0], [1479.25, 25451.0], [1479.5, 1352.0], [1480.75, 2773.0], [1486.75, 1380.0]]}}}
{"jsonrpc": "2.0", "method": "subscription", "params": {"channel": "book.ETH-11APR25.none.20.100ms", "data": {"timestamp": 1744008701967, "change_id": 64693376374, "instrument_name": "ETH-11APR25", "bids": [[1460.0, 12658.0], [1459.75, 10120.0], [1459.25, 2174.0], [1459.0, 4100.0], [1458.75, 31751.0], [1458.5, 2174.0], [1458.25, 5674.0], [1457.75, 2174.0], [1457.5, 2174.0], [1457.25, 2174.0], [1456.75, 2174.0], [1455.5, 2188.0], [1455.25, 2188.0], [1454.5, 2110.0], [1454.25, 2110.0], [1453.75, 2110.0], [1453.5, 2110.0], [1453.25, 2110.0], [1453.0, 39999.0], [1452.75, 42110.0]], "asks": [[1461.25, 15588.0], [1461.5, 8558.0], [1461.75, 2294.0], [1462.0, 35227.0], [1462.25, 2111.0], [1462.5, 2111.0], [1463.0, 2174.0], [1463.5, 2130.0], [1463.75, 2111.0], [1464.0, 12717.0], [1464.25, 2130.0], [1464.75, 24446.0], [1465.0, 2160.0], [1465.25, 18407.0], [1465.75, 51195.0], [1466.25, 2187.0], [1466.75, 182116.0], [1467.25, 2110.0], [1467.5, 2188.0], [1468.5, 2188.0]]}}}
{"jsonrpc": "2.0", "method": "subscription", "params": {"channel": "book.ETH-18APR25.none.20.100ms", "data": {"timestamp": 1744008701974, "change_id": 64693376403, "instrument_name": "ETH-18APR25", "bids": [[1460.5, 10000.0], [1460.25, 8555.0], [1453.75, 6300.0], [1453.25, 1317.0], [1453.0, 29145.0], [1452.75, 40000.0], [1452.25, 1317.0], [1452.0, 36471.0], [1451.0, 1363.0], [1449.75, 1353.0], [1449.5, 41363.0], [1449.0, 1350.0], [1448.75, 1365.0], [1447.0, 2740.0], [1446.75, 1350.0], [1446.0, 44644.0], [1445.75, 41363.0], [1442.75, 1317.0], [1442.0, 38313.0], [1439.0, 1342.0]], "asks": [[1462.0, 8555.0], [1462.25, 10000.0], [1462.5, 1300.0], [1462.75, 6232.0], [1464.25, 9461.0], [1465.25, 37171.0], [1465.5, 18293.0], [1468.0, 38433.0], [1468.5, 2713.0], [1469.25, 41317.0], [1470.75, 40000.0], [1471.0, 1365.0], [1471.25, 39286.0], [1472.25, 1353.0], [1473.75, 41353.0], [1474.5, 1322.0], [1475.5, 26738.0], [1476.5, 1365.0], [1479.25, 25451.0], [1479.5, 1352.0]]}}}
{"jsonrpc": "2.0", "method": "subscription", "params": {"channel": "book.ETH-11APR25.none.20.100ms", "data": {"timestamp": 1744008702283, "change_id": 64693377533, "instrument_name": "ETH-11APR25", "bids": [[1460.25, 120.0], [1460.0, 22658.0], [1459.25, 2174.0], [1459.0, 29577.0], [1458.75, 6274.0], [1458.5, 2174.0], [1458.25, 5674.0], [1457.75, 2174.0], [1457.5, 2174.0], [1457.25, 2174.0], [1456.75, 2174.0], [1455.75, 90000.0], [1455.5, 2188.0], [1455.25, 2188.0], [1454.5, 2110.0], [1454.25, 2110.0], [1453.75, 2110.0], [1453.5, 2110.0], [1453.25, 2110.0], [1453.0, 39999.0]], "asks": [[1461.5, 20046.0], [1461.75, 120.0], [1462.0, 25227.0], [1462.25, 12111.0], [1462.5, 2111.0], [1463.0, 2174.0], [1463.5, 2130.0], [1463.75, 2111.0], [1464.0, 12717.0], [1464.25, 2130.0], [1464.75, 26620.0], [1465.0, 92160.0], [1465.25, 18407.0], [1465.75, 51195.0], [1466.25, 2187.0], [1466.75, 182116.0], [1467.25, 2110.0], [1467.5, 2188.0], [1468.5, 2188.0], [1468.75, 2116.0]]}}}
{"jsonrpc": "2.0", "method": "subscription", "params": {"channel": "book.ETH-18APR25.none.20.100ms", "data": {"timestamp": 1744008702274, "change_id": 64693377489, "instrument_name": "ETH-18APR25", "bids": [[1461.0, 390.0], [1460.75, 2650.0], [1460.5, 10067.0], [1460.25, 18555.0], [1453.25, 1317.0], [1453.0, 29145.0], [1452.75, 40000.0], [1452.25, 1317.0], [1452.0, 36471.0], [1451.0, 1363.0], [1449.75, 1353.0], [1449.5, 41363.0], [1449.0, 1350.0], [1448.75, 1365.0], [1447.0, 2740.0], [1446.75, 1350.0], [1446.0, 44644.0], [1445.75, 41363.0], [1442.75, 1317.0], [1442.0, 38313.0]], "asks": [[1461.75, 2567.0], [1462.0, 8555.0], [1462.25, 10000.0], [1462.5, 1300.0], [1462.75, 6232.0], [1464.25, 9461.0], [1465.25, 37171.0], [1465.5, 18293.0], [1468.0, 38433.0], [1468.5, 2713.0], [1469.25, 41317.0], [1470.75, 40000.0], [1471.0, 1365.0], [1471.25, 39286.0], [1472.25, 1353.0], [1473.75, 41353.0], [1474.5, 1322.0], [1475.5, 26738.0], [1476.5, 1365.0], [1479.25, 25451.0]]}}}
{"jsonrpc": "2.0", "method": "subscription", "params": {"channel": "book.ETH-11APR25.none.20.100ms", "data": {"timestamp": 1744008702618, "change_id": 64693378715, "instrument_name": "ETH-11APR25", "bids": [[1459.0, 4100.0], [1458.75, 4100.0], [1458.25, 12178.0], [1457.75, 37651.0], [1457.5, 2174.0], [1457.25, 2174.0], [1456.75, 2174.0], [1455.75, 90000.0], [1455.5, 2188.0], [1455.25, 2188.0], [1454.5, 2110.0], [1454.25, 2110.0], [1453.75, 2110.0], [1453.5, 2110.0], [1453.25, 2110.0], [1453.0, 39999.0], [1452.75, 2110.0], [1452.25, 2110.0], [1452.0, 198278.0], [1451.75, 2110.0]], "asks": [[1460.5, 15670.0], [1460.75, 21274.0], [1461.0, 6394.0], [1461.25, 6274.0], [1461.5, 8558.0], [1461.75, 2174.0], [1462.25, 2111.0], [1462.5, 2111.0], [1463.0, 2174.0], [1463.5, 2130.0], [1463.75, 2111.0], [1464.0, 12717.0], [1464.25, 2130.0], [1464.75, 26620.0], [1465.0, 92160.0], [1465.25, 2174.0], [1465.75, 51195.0], [1466.0, 16260.0], [1466.25, 2187.0], [1466.75, 182116.0]]}}}
{"jsonrpc": "2.0", "method": "subscription", "params": {"channel": "book.ETH-18APR25.none.20.100ms", "data": {"timestamp": 1744008702620, "change_id": 64693378714, "instrument_name": "ETH-18APR25", "bids": [[1458.75, 8555.0], [1453.5, 16326.0], [1453.25, 5850.0], [1452.25, 1317.0], [1451.5, 9440.0], [1451.0, 1363.0], [1449.75, 1353.0], [1449.5, 41363.0], [1449.25, 36471.0], [1449.0, 1350.0], [1448.75, 1365.0], [1447.0, 2740.0], [1446.0, 44644.0], [1445.75, 41363.0], [1442.75, 1317.0], [1442.0, 38313.0], [1439.0, 1342.0], [1437.25, 26923.0], [1435.5, 25720.0], [1424.75, 1380.0]], "asks": [[1462.0, 34287.0], [1462.5, 1300.0], [1464.25, 9461.0], [1465.25, 37171.0], [1465.5, 18293.0], [1467.75, 1317.0], [1468.0, 38433.0], [1468.5, 2713.0], [1469.25, 41317.0], [1470.75, 40000.0], [1471.0, 1365.0], [1471.25, 39286.0], [1472.25, 1353.0], [1473.75, 41353.0], [1474.5, 1322.0], [1475.5, 26738.0], [1476.5, 1365.0], [1479.25, 25451.0], [1479.5, 1352.0], [1480.75, 2773.0]]}}}
{"jsonrpc": "2.0", "method": "subscription", "params": {"channel": "book.ETH-11APR25.none.20.100ms", "data": {"timestamp": 1744008702951, "change_id": 64693379805, "instrument_name": "ETH-11APR25", "bids": [[1459.0, 4100.0], [1458.75, 4100.0], [1458.5, 120.0], [1458.25, 22058.0], [1458.0, 2174.0], [1457.75, 27651.0], [1457.5, 2174.0], [1457.25, 2174.0], [1456.75, 2174.0], [1455.75, 90000.0], [1455.5, 2188.0], [1455.25, 2188.0], [1454.5, 2110.0], [1454.25, 2110.0], [1453.75, 2110.0], [1453.5, 2110.0], [1453.25, 2110.0], [1453.0, 39999.0], [1452.75, 2110.0], [1452.25, 2110.0]], "asks": [[1460.0, 4.0], [1460.25, 11488.0], [1460.5, 28847.0], [1460.75, 16274.0], [1461.0, 6274.0], [1461.25, 6274.0], [1461.5, 13052.0], [1461.75, 2174.0], [1462.25, 2111.0], [1462.5, 2111.0], [1463.0, 14891.0], [1463.5, 2130.0], [1463.75, 2111.0], [1464.25, 2130.0], [1464.75, 26620.0], [1465.0, 2160.0], [1465.25, 2174.0], [1465.75, 51195.0], [1466.0, 16260.0], [1466.25, 2187.0]]}}}
{"jsonrpc": "2.0", "method": "subscription", "params": {"channel": "book.ETH-18APR25.none.20.100ms", "data": {"timestamp": 1744008702962, "change_id": 64693379827, "instrument_name": "ETH-18APR25", "bids": [[1458.75, 23555.0], [1458.5, 20797.0], [1453.5, 1300.0], [1453.25, 24238.0], [1452.75, 9440.0], [1452.25, 41317.0], [1452.0, 36471.0], [1451.0, 1363.0], [1449.75, 1353.0], [1449.5, 41363.0], [1449.0, 1350.0], [1448.75, 1365.0], [1447.0, 2740.0], [1446.0, 44644.0], [1445.75, 41363.0], [1442.75, 1317.0], [1442.0, 38313.0], [1439.0, 1342.0], [1437.25, 26923.0], [1435.5, 25720.0]], "asks": [[1461.0, 10000.0], [1461.75, 4494.0], [1462.0, 19287.0], [1462.25, 1308.0], [1462.5, 1300.0], [1463.25, 9461.0], [1465.25, 37171.0], [1465.5, 18293.0], [1467.5, 1317.0], [1467.75, 41317.0], [1468.0, 38433.0], [1468.5, 2713.0], [1469.25, 1317.0], [1470.75, 40000.0], [1471.0, 1365.0], [1471.25, 39286.0], [1472.25, 1353.0], [1473.75, 41353.0], [1474.5, 1322.0], [1475.5, 26738.0]]}}}
{"jsonrpc": "2.0", "method": "subscription", "params": {"channel": "book.ETH-11APR25.none.20.100ms", "data": {"timestamp": 1744008703279, "change_id": 64693381013, "instrument_name": "ETH-11APR25", "bids": [[1458.75, 4100.0], [1458.5, 120.0], [1458.25, 22058.0], [1458.0, 2174.0], [1457.75, 2174.0], [1457.5, 2174.0], [1457.25, 2174.0], [1457.0, 25477.0], [1456.75, 2174.0], [1455.75, 90000.0], [1455.5, 2188.0], [1455.25, 2188.0], [1454.5, 2110.0], [1454.25, 2110.0], [1453.75, 2110.0], [1453.5, 2110.0], [1453.25, 2110.0], [1453.0, 39999.0], [1452.75, 2110.0], [1452.25, 2110.0]], "asks": [[1460.0, 21484.0], [1460.25, 120.0], [1460.5, 38727.0], [1460.75, 6274.0], [1461.0, 6274.0], [1461.25, 6274.0], [1461.5, 8558.0], [1461.75, 2174.0], [1462.25, 2111.0], [1462.5, 2111.0], [1463.0, 14891.0], [1463.5, 2130.0], [1463.75, 2111.0], [1464.25, 2130.0], [1464.75, 26620.0], [1465.0, 2160.0], [1465.25, 2174.0], [1465.75, 51195.0], [1466.0, 16260.0], [1466.25, 2187.0]]}}}
{"jsonrpc": "2.0", "method": "subscription", "params": {"channel": "book.ETH-18APR25.none.20.100ms", "data": {"timestamp": 1744008703179, "change_id": 64693380956, "instrument_name": "ETH-18APR25", "bids": [[1458.75, 23555.0], [1458.5, 20797.0], [1453.75, 6300.0], [1453.5, 1300.0], [1453.25, 24238.0], [1452.75, 9440.0], [1452.5, 1317.0], [1452.25, 41317.0], [1452.0, 36471.0], [1451.0, 1363.0], [1449.75, 1353.0], [1449.5, 41363.0], [1449.0, 1350.0], [1448.75, 1365.0], [1447.0, 2740.0], [1446.0, 44644.0], [1445.75, 41363.0], [1442.75, 1317.0], [1442.0, 38313.0], [1439.0, 1342.0]], "asks": [[1460.75, 10000.0], [1462.0, 19287.0], [1462.5, 1300.0], [1463.25, 9461.0], [1465.25, 37171.0], [1465.5, 18293.0], [1467.5, 1317.0], [1467.75, 41317.0], [1468.0, 38433.0], [1468.5, 2713.0], [1469.25, 1317.0], [1470.75, 40000.0], [1471.0, 1365.0], [1471.25, 39286.0], [1472.25, 1353.0], [1473.75, 41353.0], [1474.5, 1322.0], [1475.5, 26738.0], [1476.5, 1365.0], [1479.25, 25451.0]]}}}
{"jsonrpc": "2.0", "method": "subscription", "params": {"channel": "book.ETH-11APR25.none.20.100ms", "data": {"timestamp": 1744008703625, "change_id": 64693381981, "instrument_name": "ETH-11APR25", "bids": [[1458.75, 4100.0], [1458.5, 120.0], [1458.25, 22658.0], [1457.75, 2174.0], [1457.5, 2174.0], [1457.25, 2174.0], [1457.0, 25477.0], [1456.75, 2174.0], [1455.75, 90000.0], [1455.5, 2188.0], [1455.25, 2188.0], [1454.5, 2110.0], [1454.25, 2110.0], [1453.75, 2110.0], [1453.5, 2110.0], [1453.25, 2110.0], [1453.0, 39999.0], [1452.75, 2110.0], [1452.25, 2110.0], [1452.0, 238278.0]], "asks": [[1459.5, 15588.0], [1459.75, 4100.0], [1460.0, 25227.0], [1460.25, 10120.0], [1460.5, 5674.0], [1460.75, 6274.0], [1461.0, 2174.0], [1461.25, 2174.0], [1461.5, 8558.0], [1461.75, 2174.0], [1462.25, 2111.0], [1462.5, 2111.0], [1463.0, 14891.0], [1463.25, 24446.0], [1463.5, 2130.0], [1463.75, 2111.0], [1464.25, 2130.0], [1464.75, 2174.0], [1465.0, 2160.0], [1465.25, 2174.0]]}}}
{"jsonrpc": "2.0", "method": "subscription", "params": {"channel": "book.ETH-18APR25.none.20.100ms", "data": {"timestamp": 1744008703612, "change_id": 64693381948, "instrument_name": "ETH-18APR25", "bids": [[1458.75, 23555.0], [1458.5, 20797.0], [1453.75, 6300.0], [1453.5, 1300.0], [1453.25, 19738.0], [1452.75, 9440.0], [1452.5, 1317.0], [1452.25, 41317.0], [1452.0, 36471.0], [1451.0, 1363.0], [1449.75, 1353.0], [1449.5, 41363.0], [1449.0, 1350.0], [1448.75, 1365.0], [1447.0, 2740.0], [1446.0, 44644.0], [1445.75, 41363.0], [1442.75, 1317.0], [1442.0, 38313.0], [1439.0, 1342.0]], "asks": [[1460.75, 10000.0], [1461.25, 6232.0], [1462.0, 8555.0], [1463.25, 9461.0], [1465.25, 37171.0], [1465.5, 18293.0], [1467.5, 1317.0], [1467.75, 41317.0], [1468.0, 38433.0], [1468.5, 2713.0], [1469.25, 1317.0], [1470.75, 40000.0], [1471.0, 1365.0], [1471.25, 39286.0], [1472.25, 1353.0], [1473.75, 41353.0], [1474.5, 1322.0], [1475.5, 26738.0], [1476.5, 1365.0], [1479.25, 25451.0]]}}}
{"jsonrpc": "2.0", "method": "subscription", "params": {"channel": "book.ETH-11APR25.none.20.100ms", "data": {"timestamp": 1744008703967, "change_id": 64693383055, "instrument_name": "ETH-11APR25", "bids": [[1458.25, 27658.0], [1458.0, 2179.0], [1457.75, 25597.0], [1457.5, 2174.0], [1457.25, 2174.0], [1456.75, 2174.0], [1455.75, 90000.0], [1455.5, 2188.0], [1455.25, 2188.0], [1454.5, 2110.0], [1454.25, 2110.0], [1453.75, 2110.0], [1453.5, 2110.0], [1453.25, 2110.0], [1453.0, 39999.0], [1452.75, 2110.0], [1452.25, 2110.0], [1452.0, 182110.0], [1451.75, 2110.0], [1451.5, 2188.0]], "asks": [[1460.0, 15588.0], [1460.5, 28847.0], [1460.75, 2174.0], [1461.0, 90000.0], [1461.25, 2174.0], [1461.5, 8558.0], [1461.75, 2174.0], [1462.25, 2111.0], [1462.5, 2111.0], [1463.0, 14891.0], [1463.25, 24446.0], [1463.5, 2130.0], [1463.75, 2111.0], [1464.25, 2130.0], [1464.75, 2174.0], [1465.0, 2160.0], [1465.25, 2174.0], [1465.75, 51195.0], [1466.25, 2187.0], [1466.75, 182116.0]]}}}
{"jsonrpc": "2.0", "method": "subscription", "params": {"channel": "book.ETH-18APR25.none.20.100ms", "data": {"timestamp": 1744008703933, "change_id": 64693382950, "instrument_name": "ETH-18APR25", "bids": [[1458.75, 23555.0], [1453.5, 1300.0], [1453.25, 19738.0], [1452.75, 9440.0], [1452.5, 1317.0], [1452.25, 1317.0], [1452.0, 36471.0], [1451.75, 1336.0], [1451.5, 40000.0], [1451.0, 1363.0], [1449.75, 1353.0], [1449.5, 41363.0], [1449.0, 1350.0], [1448.75, 1365.0], [1447.0, 2740.0], [1446.0, 44644.0], [1445.75, 41363.0], [1442.75, 1317.0], [1442.0, 38313.0], [1439.0, 1342.0]], "asks": [[1460.5, 4500.0], [1461.0, 10000.0], [1462.0, 14787.0], [1463.25, 9461.0], [1464.0, 18293.0], [1465.25, 37171.0], [1467.5, 1317.0], [1467.75, 41317.0], [1468.0, 38433.0], [1468.5, 2713.0], [1469.25, 1317.0], [1470.75, 40000.0], [1471.0, 1365.0], [1471.25, 39286.0], [1472.25, 1353.0], [1473.75, 41353.0], [1474.5, 1322.0], [1475.5, 26738.0], [1476.5, 1365.0], [1479.25, 25451.0]]}}}
{"jsonrpc": "2.0", "method": "subscription", "params": {"channel": "book.ETH-11APR25.none.20.100ms", "data": {"timestamp": 1744008704221, "change_id": 64693384130, "instrument_name": "ETH-11APR25", "bids": [[1459.0, 13620.0], [1458.75, 12658.0], [1458.5, 6279.0], [1458.25, 20863.0], [1458.0, 2179.0], [1457.75, 25477.0], [1457.5, 2174.0], [1457.25, 2174.0], [1456.75, 2174.0], [1455.75, 90000.0], [1455.5, 2188.0], [1455.25, 2188.0], [1454.5, 2110.0], [1454.25, 2110.0], [1453.75, 2110.0], [1453.5, 2110.0], [1453.25, 2110.0], [1453.0, 39999.0], [1452.75, 2110.0], [1452.5, 40000.0]], "asks": [[1460.25, 11488.0], [1460.5, 25227.0], [1460.75, 10120.0], [1461.25, 2174.0], [1461.5, 8558.0], [1461.75, 2174.0], [1462.25, 2111.0], [1462.5, 2111.0], [1463.0, 14891.0], [1463.25, 24446.0], [1463.5, 2130.0], [1463.75, 2111.0], [1464.25, 2130.0], [1464.75, 2174.0], [1465.0, 2160.0], [1465.25, 18486.0], [1465.75, 51195.0], [1466.25, 2187.0], [1466.75, 182116.0], [1467.25, 2110.0]]}}}
{"jsonrpc": "2.0", "method": "subscription", "params": {"channel": "book.ETH-18APR25.none.20.100ms", "data": {"timestamp": 1744008704283, "change_id": 64693384318, "instrument_name": "ETH-18APR25", "bids": [[1459.25, 38055.0], [1458.5, 14586.0], [1453.5, 1300.0], [1453.25, 19738.0], [1452.75, 9440.0], [1452.25, 1317.0], [1452.0, 36471.0], [1451.75, 1336.0], [1451.5, 40000.0], [1451.0, 1363.0], [1449.75, 1353.0], [1449.5, 41363.0], [1449.0, 1350.0], [1448.75, 1365.0], [1447.0, 2740.0], [1446.0, 44644.0], [1445.75, 41363.0], [1442.75, 1317.0], [1442.0, 38313.0], [1439.0, 1342.0]], "asks": [[1461.5, 14500.0], [1462.0, 14787.0], [1464.25, 9461.0], [1465.25, 37171.0], [1465.5, 18293.0], [1467.5, 1317.0], [1467.75, 41317.0], [1468.0, 38433.0], [1468.5, 1350.0], [1469.25, 1317.0], [1470.75, 40000.0], [1471.0, 1365.0], [1471.25, 39286.0], [1472.25, 1353.0], [1473.75, 41353.0], [1474.5, 1322.0], [1475.5, 26738.0], [1476.5, 1365.0], [1479.25, 25451.0], [1479.5, 1352.0]]}}}
{"jsonrpc": "2.0", "method": "subscription", "params": {"channel": "book.ETH-11APR25.none.20.100ms", "data": {"timestamp": 1744008704611, "change_id": 64693385204, "instrument_name": "ETH-11APR25", "bids": [[1459.25, 120.0], [1459.0, 13500.0], [1458.75, 14837.0], [1458.5, 6279.0], [1458.25, 46340.0], [1458.0, 2179.0], [1457.5, 2174.0], [1457.25, 2174.0], [1456.75, 2174.0], [1455.75, 90000.0], [1455.5, 2188.0], [1455.25, 2188.0], [1454.5, 2110.0], [1454.25, 2110.0], [1453.75, 2110.0], [1453.5, 2110.0], [1453.25, 2110.0], [1453.0, 39999.0], [1452.75, 2110.0], [1452.5, 40000.0]], "asks": [[1460.75, 20166.0], [1461.0, 35227.0], [1461.25, 2174.0], [1461.75, 2174.0], [1462.25, 2111.0], [1462.5, 2111.0], [1463.0, 14891.0], [1463.25, 24446.0], [1463.5, 2130.0], [1463.75, 2111.0], [1464.25, 92130.0], [1464.75, 2174.0], [1465.0, 2160.0], [1465.25, 18486.0], [1465.75, 51195.0], [1466.25, 2187.0], [1466.75, 182116.0], [1467.25, 2110.0], [1467.5, 42188.0], [1468.5, 2188.0]]}}}
{"jsonrpc": "2.0", "method": "subscription", "params": {"channel": "book.ETH-18APR25.none.20.100ms", "data": {"timestamp": 1744008704434, "change_id": 64693385146, "instrument_name": "ETH-18APR25", "bids": [[1459.25, 38055.0], [1458.75, 6300.0], [1458.5, 14586.0], [1453.5, 1300.0], [1453.25, 19738.0], [1453.0, 1336.0], [1452.75, 9440.0], [1452.25, 1317.0], [1452.0, 36471.0], [1451.75, 1336.0], [1451.5, 40000.0], [1451.0, 1363.0], [1449.75, 1353.0], [1449.5, 41363.0], [1449.0, 1350.0], [1448.75, 1365.0], [1447.0, 2740.0], [1446.0, 44644.0], [1445.75, 41363.0], [1442.75, 1317.0]], "asks": [[1461.25, 9855.0], [1461.5, 10000.0], [1462.0, 6232.0], [1464.25, 9461.0], [1465.25, 37171.0], [1465.5, 18293.0], [1467.5, 1317.0], [1467.75, 41317.0], [1468.0, 38433.0], [1468.5, 1350.0], [1469.25, 1317.0], [1470.75, 40000.0], [1471.0, 1365.0], [1471.25, 39286.0], [1472.25, 1353.0], [1473.75, 41353.0], [1474.5, 1322.0], [1475.5, 26738.0], [1476.5, 1365.0], [1479.25, 25451.0]]}}}
{"jsonrpc": "2.0", "method": "subscription", "params": {"channel": "book.ETH-11APR25.none.20.100ms", "data": {"timestamp": 1744008704957, "change_id": 64693386062, "instrument_name": "ETH-11APR25", "bids": [[1458.75, 4100.0], [1458.5, 4220.0], [1458.25, 4100.0], [1457.5, 2174.0], [1457.25, 27651.0], [1456.75, 2174.0], [1455.75, 90000.0], [1455.5, 2188.0], [1455.25, 2188.0], [1454.5, 2110.0], [1454.25, 2110.0], [1453.75, 2110.0], [1453.5, 2110.0], [1453.25, 2110.0], [1453.0, 39999.0], [1452.75, 2110.0], [1452.25, 2110.0], [1452.0, 182110.0], [1451.75, 42110.0], [1451.5, 2188.0]], "asks": [[1459.75, 14988.0], [1460.0, 4104.0], [1460.25, 38005.0], [1460.5, 6279.0], [1460.75, 12179.0], [1461.25, 2174.0], [1461.75, 2174.0], [1462.25, 2111.0], [1462.5, 2111.0], [1463.0, 14891.0], [1463.25, 24446.0], [1463.5, 2130.0], [1463.75, 2111.0], [1464.25, 92130.0], [1464.75, 2174.0], [1465.0, 2160.0], [1465.25, 2174.0], [1465.75, 51195.0], [1466.25, 2187.0], [1466.75, 182116.0]]}}}
{"jsonrpc": "2.0", "method": "subscription", "params": {"channel": "book.ETH-18APR25.none.20.100ms", "data": {"timestamp": 1744008704959, "change_id": 64693386072, "instrument_name": "ETH-18APR25", "bids": [[1458.5, 8555.0], [1454.5, 6300.0], [1454.25, 15000.0], [1453.75, 4500.0], [1453.5, 1300.0], [1453.25, 1350.0], [1452.25, 1317.0], [1451.75, 1336.0], [1451.5, 49440.0], [1451.0, 1363.0], [1450.25, 18388.0], [1449.75, 1353.0], [1449.5, 41363.0], [1449.0, 1350.0], [1448.75, 1365.0], [1447.0, 2740.0], [1446.0, 44644.0], [1445.75, 41363.0], [1442.75, 1317.0], [1442.0, 38313.0]], "asks": [[1460.75, 13055.0], [1461.25, 11300.0], [1461.5, 14614.0], [1462.0, 6232.0], [1463.0, 9461.0], [1465.25, 37171.0], [1465.5, 18293.0], [1467.5, 1317.0], [1467.75, 41317.0], [1468.0, 38433.0], [1468.5, 1350.0], [1469.25, 1317.0], [1470.75, 40000.0], [1471.0, 1365.0], [1471.25, 39286.0], [1472.25, 1353.0], [1473.75, 41353.0], [1474.5, 1322.0], [1475.5, 26738.0], [1476.5, 1365.0]]}}}
{"jsonrpc": "2.0", "method": "subscription", "params": {"channel": "book.ETH-11APR25.none.20.100ms", "data": {"timestamp": 1744008705193, "change_id": 64693386521, "instrument_name": "ETH-11APR25", "bids": [[1458.75, 4100.0], [1458.5, 4220.0], [1458.25, 14100.0], [1458.0, 8558.0], [1457.75, 2179.0], [1457.5, 27651.0], [1457.25, 2174.0], [1456.75, 2174.0], [1455.75, 90000.0], [1455.5, 2188.0], [1455.25, 2188.0], [1454.5, 2110.0], [1454.25, 2110.0], [1453.75, 2110.0], [1453.5, 2110.0], [1453.25, 2110.0], [1453.0, 39999.0], [1452.75, 2110.0], [1452.25, 2110.0], [1452.0, 182110.0]], "asks": [[1459.75, 23546.0], [1460.0, 4220.0], [1460.25, 39327.0], [1460.5, 6279.0], [1460.75, 2179.0], [1461.25, 2174.0], [1461.75, 2174.0], [1462.25, 2111.0], [1462.5, 2111.0], [1463.0, 14891.0], [1463.25, 24446.0], [1463.5, 2130.0], [1463.75, 2111.0], [1464.25, 92130.0], [1464.75, 2174.0], [1465.0, 2160.0], [1465.25, 2174.0], [1465.75, 51195.0], [1466.25, 2187.0], [1466.75, 182116.0]]}}}
{"jsonrpc": "2.0", "method": "subscription", "params": {"channel": "book.ETH-18APR25.none.20.100ms", "data": {"timestamp": 1744008705207, "change_id": 64693386587, "instrument_name": "ETH-18APR25", "bids": [[1458.75, 25000.0], [1458.5, 8555.0], [1453.75, 4500.0], [1453.5, 1300.0], [1453.25, 19738.0], [1452.75, 9440.0], [1452.25, 1317.0], [1452.0, 36471.0], [1451.75, 1336.0], [1451.5, 40000.0], [1451.0, 1363.0], [1449.75, 1353.0], [1449.5, 41363.0], [1449.0, 1350.0], [1448.75, 1365.0], [1447.0, 2740.0], [1446.0, 44644.0], [1445.75, 41363.0], [1442.75, 1317.0], [1442.0, 38313.0]], "asks": [[1460.25, 8555.0], [1460.5, 10000.0], [1460.75, 4500.0], [1461.25, 1300.0], [1461.5, 14614.0], [1462.0, 6232.0], [1463.0, 9461.0], [1463.75, 18293.0], [1465.25, 37171.0], [1467.5, 1317.0], [1467.75, 41317.0], [1468.0, 38433.0], [1468.5, 1350.0], [1469.25, 1317.0], [1470.75, 40000.0], [1471.0, 1365.0], [1471.25, 39286.0], [1472.25, 1353.0], [1473.75, 41353.0], [1474.5, 1322.0]]}}}
{"jsonrpc": "2.0", "method": "subscription", "params": {"channel": "book.ETH-11APR25.none.20.100ms", "data": {"timestamp": 1744008705496, "change_id": 64693387522, "instrument_name": "ETH-11APR25", "bids": [[1458.75, 4100.0], [1458.5, 4220.0], [1458.25, 14100.0], [1458.0, 8558.0], [1457.75, 2179.0], [1457.5, 2174.0], [1457.25, 2174.0], [1456.75, 2174.0], [1455.75, 90000.0], [1455.5, 2188.0], [1455.25, 2188.0], [1454.5, 2110.0], [1454.25, 2110.0], [1453.75, 2110.0], [1453.5, 2110.0], [1453.25, 2110.0], [1453.0, 39999.0], [1452.75, 2110.0], [1452.25, 2110.0], [1452.0, 182110.0]], "asks": [[1459.75, 23546.0], [1460.0, 4220.0], [1460.25, 39327.0], [1460.5, 6279.0], [1460.75, 2179.0], [1461.25, 2174.0], [1461.75, 2174.0], [1462.25, 2111.0], [1462.5, 2111.0], [1463.0, 14891.0], [1463.25, 24446.0], [1463.5, 2130.0], [1463.75, 2111.0], [1464.25, 92130.0], [1464.75, 2174.0], [1465.0, 2160.0], [1465.25, 2174.0], [1465.75, 51195.0], [1466.25, 2187.0], [1466.75, 182116.0]]}}}
{"jsonrpc": "2.0", "method": "subscription", "params": {"channel": "book.ETH-18APR25.none.20.100ms", "data": {"timestamp": 1744008705516, "change_id": 64693387536, "instrument_name": "ETH-18APR25", "bids": [[1458.75, 25000.0], [1458.5, 23141.0], [1454.0, 6300.0], [1453.5, 1300.0], [1453.25, 19738.0], [1452.75, 9440.0], [1452.25, 1317.0], [1452.0, 36471.0], [1451.75, 1336.0], [1451.5, 40000.0], [1451.0, 1363.0], [1449.75, 1353.0], [1449.5, 41363.0], [1449.0, 1350.0], [1448.75, 1365.0], [1447.0, 2740.0], [1446.0, 44644.0], [1445.75, 41363.0], [1442.75, 1317.0], [1442.0, 38313.0]], "asks": [[1460.25, 8555.0], [1460.5, 10000.0], [1462.0, 6232.0], [1463.0, 9461.0], [1463.75, 18293.0], [1465.25, 37171.0], [1467.5, 1317.0], [1467.75, 41317.0], [1468.0, 38433.0], [1468.5, 1350.0], [1469.25, 1317.0], [1470.75, 40000.0], [1471.0, 1365.0], [1471.25, 39286.0], [1472.25, 1353.0], [1473.75, 41353.0], [1474.5, 1322.0], [1475.5, 26738.0], [1476.5, 1365.0], [1479.25, 25451.0]]}}}
{"jsonrpc": "2.0", "method": "subscription", "params": {"channel": "book.ETH-11APR25.none.20.100ms", "data": {"timestamp": 1744008705940, "change_id": 64693388560, "instrument_name": "ETH-11APR25", "bids": [[1459.25, 120.0], [1459.0, 12058.0], [1458.75, 6279.0], [1458.5, 30864.0], [1458.25, 32756.0], [1457.5, 2174.0], [1457.25, 2174.0], [1456.75, 2174.0], [1456.25, 250.0], [1455.75, 90000.0], [1455.5, 2188.0], [1455.25, 2188.0], [1454.5, 2110.0], [1454.25, 2110.0], [1453.75, 2110.0], [1453.5, 2110.0], [1453.25, 42360.0], [1453.0, 39999.0], [1452.75, 2110.0], [1452.25, 2110.0]], "asks": [[1460.5, 15588.0], [1460.75, 33785.0], [1461.0, 120.0], [1461.75, 2174.0], [1462.25, 2111.0], [1462.5, 2111.0], [1463.0, 14891.0], [1463.25, 24446.0], [1463.5, 2130.0], [1463.75, 2361.0], [1464.25, 92130.0], [1464.75, 2174.0], [1465.0, 2160.0], [1465.25, 2174.0], [1465.75, 51195.0], [1466.25, 2187.0], [1466.75, 182366.0], [1467.25, 2110.0], [1467.5, 42188.0], [1468.5, 2188.0]]}}}
{"jsonrpc": "2.0", "method": "subscription", "params": {"channel": "book.ETH-18APR25.none.20.100ms", "data": {"timestamp": 1744008705938, "change_id": 64693388557, "instrument_name": "ETH-18APR25", "bids": [[1459.5, 23555.0], [1459.0, 4500.0], [1458.75, 10000.0], [1453.75, 6300.0], [1453.5, 1300.0], [1453.25, 19738.0], [1453.0, 40000.0], [1452.75, 9440.0], [1452.25, 1317.0], [1452.0, 36471.0], [1451.75, 1336.0], [1451.0, 1363.0], [1449.75, 1353.0], [1449.5, 41363.0], [1449.0, 1350.0], [1448.75, 1365.0], [1447.0, 2740.0], [1446.0, 44644.0], [1445.75, 41363.0], [1442.75, 1317.0]], "asks": [[1460.5, 1300.0], [1461.0, 4500.0], [1461.25, 8555.0], [1462.0, 6232.0], [1463.25, 9461.0], [1464.0, 18293.0], [1465.25, 37171.0], [1467.5, 1317.0], [1467.75, 41317.0], [1468.0, 38433.0], [1468.5, 1350.0], [1469.25, 1317.0], [1470.75, 40000.0], [1471.0, 1365.0], [1471.25, 39286.0], [1472.25, 1353.0], [1473.75, 41353.0], [1474.5, 1322.0], [1475.5, 26738.0], [1476.5, 1365.0]]}}}
{"jsonrpc": "2.0", "method": "subscription", "params": {"channel": "book.ETH-11APR25.none.20.100ms", "data": {"timestamp": 1744008706234, "change_id": 64693389714, "instrument_name": "ETH-11APR25", "bids": [[1459.0, 3620.0], [1458.75, 22658.0], [1458.5, 4100.0], [1458.25, 7279.0], [1457.5, 27651.0], [1457.25, 2174.0], [1456.75, 2174.0], [1456.25, 250.0], [1455.75, 90000.0], [1455.5, 2188.0], [1455.25, 2188.0], [1454.5, 2110.0], [1454.25, 2110.0], [1453.75, 2110.0], [1453.5, 2110.0], [1453.25, 2360.0], [1453.0, 39999.0], [1452.75, 2110.0], [1452.5, 40000.0], [1452.25, 2110.0]], "asks": [[1460.25, 34142.0], [1460.5, 4100.0], [1460.75, 25227.0], [1461.0, 2299.0], [1461.25, 10000.0], [1461.75, 2174.0], [1462.25, 2111.0], [1462.5, 2111.0], [1463.0, 14891.0], [1463.25, 24446.0], [1463.5, 2130.0], [1463.75, 2361.0], [1464.25, 92130.0], [1464.75, 2174.0], [1465.0, 2160.0], [1465.25, 2174.0], [1465.75, 51195.0], [1466.25, 2187.0], [1466.75, 182366.0], [1467.25, 2110.0]]}}}
{"jsonrpc": "2.0", "method": "subscription", "params": {"channel": "book.ETH-18APR25.none.20.100ms", "data": {"timestamp": 1744008706200, "change_id": 64693389601, "instrument_name": "ETH-18APR25", "bids": [[1459.0, 28055.0], [1458.75, 14588.0], [1453.5, 1300.0], [1453.25, 19738.0], [1453.0, 40000.0], [1452.75, 9440.0], [1452.25, 1317.0], [1452.0, 36471.0], [1451.0, 1363.0], [1449.75, 1353.0], [1449.5, 41363.0], [1449.0, 1350.0], [1448.75, 1365.0], [1447.0, 2740.0], [1446.0, 44644.0], [1445.75, 41363.0], [1442.75, 1317.0], [1442.0, 38313.0], [1439.0, 1342.0], [1437.25, 26923.0]], "asks": [[1460.5, 1300.0], [1460.75, 8555.0], [1461.0, 4500.0], [1461.5, 10000.0], [1462.0, 6232.0], [1463.25, 9461.0], [1464.0, 18293.0], [1465.25, 37171.0], [1467.5, 1317.0], [1467.75, 41317.0], [1468.0, 38433.0], [1468.5, 1350.0], [1469.25, 1317.0], [1470.75, 40000.0], [1471.0, 1365.0], [1471.25, 39286.0], [1472.25, 1353.0], [1473.75, 41353.0], [1474.5, 1322.0], [1475.5, 26738.0]]}}}
{"jsonrpc": "2.0", "method": "subscription", "params": {"channel": "book.ETH-11APR25.none.20.100ms", "data": {"timestamp": 1744008706547, "change_id": 64693390291, "instrument_name": "ETH-11APR25", "bids": [[1459.0, 18620.0], [1458.75, 37246.0], [1458.5, 6279.0], [1458.25, 3179.0], [1457.5, 2174.0], [1457.25, 2174.0], [1456.75, 2174.0], [1456.25, 250.0], [1455.75, 90000.0], [1455.5, 2188.0], [1455.25, 2188.0], [1454.5, 2110.0], [1454.25, 2110.0], [1453.75, 2110.0], [1453.5, 2110.0], [1453.25, 2360.0], [1453.0, 39999.0], [1452.75, 2110.0], [1452.5, 40000.0], [1452.25, 2110.0]], "asks": [[1460.5, 15588.0], [1461.0, 25347.0], [1461.75, 2174.0], [1462.25, 2111.0], [1462.5, 2111.0], [1463.0, 14891.0], [1463.25, 24446.0], [1463.5, 2130.0], [1463.75, 2361.0], [1464.25, 92130.0], [1464.75, 2174.0], [1465.0, 18483.0], [1465.25, 2174.0], [1465.75, 51195.0], [1466.25, 2187.0], [1466.75, 182366.0], [1467.25, 2110.0], [1467.5, 42188.0], [1468.5, 2188.0], [1468.75, 2116.0]]}}}
{"jsonrpc": "2.0", "method": "subscription", "params": {"channel": "book.ETH-18APR25.none.20.100ms", "data": {"timestamp": 1744008706500, "change_id": 64693390295, "instrument_name": "ETH-18APR25", "bids": [[1459.0, 38055.0], [1453.75, 6300.0], [1453.5, 1300.0], [1453.25, 19738.0], [1453.0, 40000.0], [1452.75, 9440.0], [1452.25, 1317.0], [1452.0, 36471.0], [1451.0, 1363.0], [1449.75, 1353.0], [1449.5, 41363.0], [1449.0, 1350.0], [1448.75, 1365.0], [1447.0, 2740.0], [1446.0, 44644.0], [1445.75, 41363.0], [1442.75, 1317.0], [1442.0, 38313.0], [1439.0, 1342.0], [1437.25, 26923.0]], "asks": [[1462.0, 6232.0], [1464.25, 9461.0], [1465.25, 37171.0], [1465.5, 18293.0], [1467.5, 1317.0], [1467.75, 41317.0], [1468.0, 38433.0], [1468.5, 1350.0], [1469.25, 1317.0], [1470.75, 40000.0], [1471.0, 1365.0], [1471.25, 39286.0], [1472.25, 1353.0], [1473.75, 41353.0], [1474.5, 1322.0], [1475.5, 26738.0], [1476.5, 1365.0], [1479.25, 25451.0], [1479.5, 1352.0], [1480.75, 2773.0]]}}}
{"jsonrpc": "2.0", "method": "subscription", "params": {"channel": "book.ETH-11APR25.none.20.100ms", "data": {"timestamp": 1744008706868, "change_id": 64693390667, "instrument_name": "ETH-11APR25", "bids": [[1459.25, 14220.0], [1459.0, 3500.0], [1458.75, 12658.0], [1458.5, 6279.0], [1458.25, 3179.0], [1457.75, 25477.0], [1457.5, 2174.0], [1457.25, 2174.0], [1456.75, 2174.0], [1456.25, 250.0], [1455.75, 90000.0], [1455.5, 2188.0], [1455.25, 2188.0], [1454.5, 2110.0], [1454.25, 2110.0], [1453.75, 2110.0], [1453.5, 2110.0], [1453.25, 2360.0], [1453.0, 39999.0], [1452.75, 2110.0]], "asks": [[1460.5, 24146.0], [1460.75, 120.0], [1461.0, 35227.0], [1461.75, 2174.0], [1462.25, 2111.0], [1462.5, 2111.0], [1463.0, 14891.0], [1463.25, 24446.0], [1463.5, 2130.0], [1463.75, 2361.0], [1464.25, 92130.0], [1464.75, 2174.0], [1465.0, 18483.0], [1465.25, 2174.0], [1465.75, 51195.0], [1466.25, 2187.0], [1466.75, 182366.0], [1467.25, 2110.0], [1467.5, 42188.0], [1468.5, 2188.0]]}}}
{"jsonrpc": "2.0", "method": "subscription", "params": {"channel": "book.ETH-18APR25.none.20.100ms", "data": {"timestamp": 1744008706918, "change_id": 64693390720, "instrument_name": "ETH-18APR25", "bids": [[1459.5, 33555.0], [1459.0, 4500.0], [1453.75, 6300.0], [1453.5, 1300.0], [1453.25, 19738.0], [1453.0, 40000.0], [1452.75, 9440.0], [1452.25, 1317.0], [1452.0, 36471.0], [1451.0, 1363.0], [1449.75, 1353.0], [1449.5, 41363.0], [1449.0, 1350.0], [1448.75, 1365.0], [1447.0, 2740.0], [1446.0, 44644.0], [1445.75, 41363.0], [1442.75, 1317.0], [1442.0, 38313.0], [1439.0, 1342.0]], "asks": [[1461.0, 13055.0], [1461.25, 10000.0], [1462.0, 6232.0], [1463.25, 9461.0], [1465.25, 37171.0], [1465.5, 18293.0], [1467.5, 1317.0], [1467.75, 41317.0], [1468.0, 38433.0], [1468.5, 1350.0], [1469.25, 1317.0], [1470.75, 40000.0], [1471.0, 1365.0], [1471.25, 39286.0], [1472.25, 1353.0], [1473.75, 41353.0], [1474.5, 1322.0], [1475.5, 26738.0], [1476.5, 1365.0], [1479.25, 25451.0]]}}}
{"jsonrpc": "2.0", "method": "subscription", "params": {"channel": "book.ETH-11APR25.none.20.100ms", "data": {"timestamp": 1744008707248, "change_id": 64693391658, "instrument_name": "ETH-11APR25", "bids": [[1459.25, 14100.0], [1459.0, 5799.0], [1458.75, 14837.0], [1458.5, 6279.0], [1458.25, 3179.0], [1457.5, 2174.0], [1457.25, 2174.0], [1456.75, 2174.0], [1456.25, 250.0], [1455.75, 90000.0], [1455.5, 2188.0], [1455.25, 2188.0], [1454.5, 2110.0], [1454.25, 2110.0], [1453.75, 2110.0], [1453.5, 2110.0], [1453.25, 2360.0], [1453.0, 39999.0], [1452.75, 2110.0], [1452.5, 40000.0]], "asks": [[1460.5, 11488.0], [1461.0, 35227.0], [1461.25, 120.0], [1461.75, 2174.0], [1462.25, 2111.0], [1462.5, 2111.0], [1463.0, 14891.0], [1463.25, 24446.0], [1463.5, 2130.0], [1463.75, 2361.0], [1464.25, 92130.0], [1464.75, 2174.0], [1465.0, 18483.0], [1465.25, 2174.0], [1465.75, 51195.0], [1466.25, 2187.0], [1466.75, 182366.0], [1467.25, 2110.0], [1467.5, 42188.0], [1468.5, 2188.0]]}}}
{"jsonrpc": "2.0", "method": "subscription", "params": {"channel": "book.ETH-18APR25.none.20.100ms", "data": {"timestamp": 1744008707270, "change_id": 64693391687, "instrument_name": "ETH-18APR25", "bids": [[1459.5, 33555.0], [1459.0, 20081.0], [1453.5, 1300.0], [1453.25, 21074.0], [1453.0, 41336.0], [1452.75, 9440.0], [1452.25, 1317.0], [1452.0, 36471.0], [1451.0, 1363.0], [1449.75, 1353.0], [1449.5, 41363.0], [1449.0, 1350.0], [1448.75, 1365.0], [1447.0, 2740.0], [1446.0, 44644.0], [1445.75, 41363.0], [1442.75, 1317.0], [1442.0, 38313.0], [1439.0, 1342.0], [1437.25, 26923.0]], "asks": [[1461.75, 10000.0], [1462.0, 6232.0], [1464.0, 9461.0], [1465.25, 37171.0], [1465.5, 18293.0], [1467.5, 1317.0], [1467.75, 41317.0], [1468.0, 38433.0], [1468.5, 1350.0], [1469.25, 1317.0], [1470.75, 40000.0], [1471.0, 1365.0], [1471.25, 39286.0], [1472.25, 1353.0], [1473.75, 41353.0], [1474.5, 1322.0], [1475.5, 26738.0], [1476.5, 1365.0], [1479.25, 25451.0], [1479.5, 1352.0]]}}}
{"jsonrpc": "2.0", "method": "subscription", "params": {"channel": "book.ETH-11APR25.none.20.100ms", "data": {"timestamp": 1744008707483, "change_id": 64693392092, "instrument_name": "ETH-11APR25", "bids": [[1459.5, 10120.0], [1459.25, 12658.0], [1459.0, 5679.0], [1458.75, 6279.0], [1458.5, 31756.0], [1458.25, 3179.0], [1457.5, 2174.0], [1457.25, 2174.0], [1456.75, 2174.0], [1456.25, 250.0], [1455.75, 90000.0], [1455.5, 2188.0], [1455.25, 2188.0], [1454.5, 2110.0], [1454.25, 2110.0], [1453.75, 2110.0], [1453.5, 2110.0], [1453.25, 2360.0], [1453.0, 39999.0], [1452.75, 2110.0]], "asks": [[1460.75, 15588.0], [1461.0, 37885.0], [1461.25, 10120.0], [1461.75, 2174.0], [1462.25, 2111.0], [1462.5, 2111.0], [1463.0, 14891.0], [1463.5, 2130.0], [1463.75, 2361.0], [1464.25, 92130.0], [1464.5, 24446.0], [1464.75, 2174.0], [1465.0, 18483.0], [1465.25, 2174.0], [1465.75, 51195.0], [1466.25, 2187.0], [1466.75, 182366.0], [1467.25, 2110.0], [1467.5, 42188.0], [1468.5, 2188.0]]}}}
{"jsonrpc": "2.0", "method": "subscription", "params": {"channel": "book.ETH-18APR25.none.20.100ms", "data": {"timestamp": 1744008707449, "change_id": 64693392041, "instrument_name": "ETH-18APR25", "bids": [[1459.75, 25000.0], [1459.5, 8555.0], [1459.0, 15581.0], [1454.0, 6300.0], [1453.5, 1300.0], [1453.25, 21074.0], [1453.0, 41336.0], [1452.75, 9440.0], [1452.25, 1317.0], [1452.0, 36471.0], [1451.0, 1363.0], [1449.75, 1353.0], [1449.5, 41363.0], [1449.0, 1350.0], [1448.75, 1365.0], [1447.0, 2740.0], [1446.0, 44644.0], [1445.75, 41363.0], [1442.75, 1317.0], [1442.0, 38313.0]], "asks": [[1461.25, 1300.0], [1461.5, 13055.0], [1461.75, 10000.0], [1462.0, 6232.0], [1464.0, 9461.0], [1465.25, 37171.0], [1465.5, 18293.0], [1467.5, 1317.0], [1467.75, 41317.0], [1468.0, 38433.0], [1468.5, 1350.0], [1469.25, 1317.0], [1470.75, 40000.0], [1471.0, 1365.0], [1471.25, 39286.0], [1472.25, 1353.0], [1473.75, 41353.0], [1474.5, 1322.0], [1475.5, 26738.0], [1476.5, 1365.0]]}}}
{"jsonrpc": "2.0", "method": "subscription", "params": {"channel": "book.ETH-11APR25.none.20.100ms", "data": {"timestamp": 1744008707770, "change_id": 64693392487, "instrument_name": "ETH-11APR25", "bids": [[1459.5, 10120.0], [1459.25, 12658.0], [1459.0, 5679.0], [1458.75, 6279.0], [1458.5, 31756.0], [1458.25, 3179.0], [1457.5, 2174.0], [1457.25, 2174.0], [1456.75, 2174.0], [1456.25, 250.0], [1455.75, 90000.0], [1455.5, 2188.0], [1455.25, 2188.0], [1454.5, 2110.0], [1454.25, 2110.0], [1453.75, 2110.0], [1453.5, 2110.0], [1453.25, 2360.0], [1453.0, 39999.0], [1452.75, 2110.0]], "asks": [[1460.75, 15588.0], [1461.0, 38005.0], [1461.25, 10000.0], [1461.75, 2174.0], [1462.25, 2111.0], [1462.5, 2111.0], [1463.0, 14891.0], [1463.5, 2130.0], [1463.75, 2361.0], [1464.25, 92130.0], [1464.5, 24446.0], [1464.75, 2174.0], [1465.0, 18483.0], [1465.25, 2174.0], [1465.75, 51195.0], [1466.25, 2187.0], [1466.75, 182366.0], [1467.25, 2110.0], [1467.5, 42188.0], [1468.5, 2188.0]]}}}
{"jsonrpc": "2.0", "method": "subscription", "params": {"channel": "book.ETH-18APR25.none.20.100ms", "data": {"timestamp": 1744008707688, "change_id": 64693392272, "instrument_name": "ETH-18APR25", "bids": [[1459.75, 25000.0], [1459.5, 8555.0], [1459.0, 1000.0], [1454.0, 6300.0], [1453.5, 1300.0], [1453.25, 21074.0], [1453.0, 41336.0], [1452.75, 9440.0], [1452.25, 1317.0], [1452.0, 36471.0], [1451.0, 1363.0], [1449.75, 1353.0], [1449.5, 41363.0], [1449.0, 1350.0], [1448.75, 1365.0], [1447.0, 2740.0], [1446.0, 44644.0], [1445.75, 41363.0], [1442.75, 1317.0], [1442.0, 38313.0]], "asks": [[1461.25, 1300.0], [1461.5, 23055.0], [1462.0, 6232.0], [1464.0, 9461.0], [1465.25, 37171.0], [1465.5, 18293.0], [1467.5, 1317.0], [1467.75, 41317.0], [1468.0, 38433.0], [1468.5, 1350.0], [1469.25, 1317.0], [1470.75, 40000.0], [1471.0, 1365.0], [1471.25, 39286.0], [1472.25, 1353.0], [1473.75, 41353.0], [1474.5, 1322.0], [1475.5, 26738.0], [1476.5, 1365.0], [1479.25, 25451.0]]}}}
{"jsonrpc": "2.0", "method": "subscription", "params": {"channel": "book.ETH-11APR25.none.20.100ms", "data": {"timestamp": 1744008708073, "change_id": 64693392840, "instrument_name": "ETH-11APR25", "bids": [[1459.5, 10120.0], [1459.25, 27251.0], [1459.0, 5679.0], [1458.75, 6279.0], [1458.5, 31756.0], [1458.25, 3179.0], [1457.25, 2174.0], [1456.75, 2174.0], [1456.25, 250.0], [1455.75, 90000.0], [1455.5, 2188.0], [1455.25, 2188.0], [1454.5, 2110.0], [1454.25, 2110.0], [1453.75, 2110.0], [1453.5, 2110.0], [1453.25, 2360.0], [1453.0, 39999.0], [1452.75, 2110.0], [1452.5, 40000.0]], "asks": [[1460.75, 15588.0], [1461.0, 38005.0], [1461.25, 10000.0], [1462.25, 2111.0], [1462.5, 2111.0], [1463.0, 14891.0], [1463.5, 2130.0], [1463.75, 2361.0], [1464.25, 92130.0], [1464.5, 24446.0], [1464.75, 2174.0], [1465.0, 18483.0], [1465.25, 2174.0], [1465.75, 51195.0], [1466.25, 2187.0], [1466.75, 182366.0], [1467.25, 2110.0], [1467.5, 42188.0], [1468.5, 2188.0], [1468.75, 2116.0]]}}}
{"jsonrpc": "2.0", "method": "subscription", "params": {"channel": "book.ETH-18APR25.none.20.100ms", "data": {"timestamp": 1744008708223, "change_id": 64693393160, "instrument_name": "ETH-18APR25", "bids": [[1459.75, 25000.0], [1459.5, 23151.0], [1459.0, 1000.0], [1454.0, 6300.0], [1453.5, 1300.0], [1453.25, 21074.0], [1453.0, 41336.0], [1452.75, 9440.0], [1452.25, 1317.0], [1452.0, 36471.0], [1451.0, 1363.0], [1449.75, 1353.0], [1449.5, 41363.0], [1449.0, 1350.0], [1448.75, 1365.0], [1447.0, 2740.0], [1446.25, 5503.0], [1446.0, 39141.0], [1445.75, 41363.0], [1442.75, 1317.0]], "asks": [[1461.25, 1300.0], [1461.5, 23055.0], [1462.0, 6232.0], [1462.75, 1218.0], [1464.0, 9461.0], [1465.25, 37171.0], [1465.5, 18293.0], [1467.5, 1317.0], [1467.75, 41317.0], [1468.0, 38433.0], [1468.5, 1350.0], [1469.25, 1317.0], [1470.75, 40000.0], [1471.0, 1365.0], [1471.25, 39286.0], [1472.25, 1353.0], [1473.75, 41353.0], [1474.5, 1322.0], [1475.5, 26738.0], [1476.5, 1365.0]]}}}
{"jsonrpc": "2.0", "method": "subscription", "params": {"channel": "book.ETH-11APR25.none.20.100ms", "data": {"timestamp": 1744008708561, "change_id": 64693393861, "instrument_name": "ETH-11APR25", "bids": [[1459.5, 10120.0], [1459.25, 27251.0], [1459.0, 5679.0], [1458.75, 6279.0], [1458.5, 31756.0], [1458.25, 3179.0], [1457.25, 2174.0], [1456.75, 2174.0], [1456.25, 250.0], [1455.75, 90000.0], [1455.5, 2188.0], [1455.25, 2188.0], [1454.5, 2110.0], [1454.25, 2110.0], [1453.75, 2110.0], [1453.5, 2110.0], [1453.25, 2360.0], [1453.0, 39999.0], [1452.75, 2110.0], [1452.5, 40000.0]], "asks": [[1461.0, 49373.0], [1461.25, 10000.0], [1461.5, 120.0], [1462.25, 2111.0], [1462.5, 2111.0], [1463.0, 14891.0], [1463.5, 2130.0], [1463.75, 2361.0], [1464.25, 92130.0], [1464.5, 24446.0], [1464.75, 2174.0], [1465.0, 18483.0], [1465.25, 2174.0], [1465.75, 51195.0], [1466.25, 2187.0], [1466.75, 182366.0], [1467.25, 2110.0], [1467.5, 42188.0], [1468.5, 2188.0], [1468.75, 2116.0]]}}}
{"jsonrpc": "2.0", "method": "subscription", "params": {"channel": "book.ETH-18APR25.none.20.100ms", "data": {"timestamp": 1744008708557, "change_id": 64693393855, "instrument_name": "ETH-18APR25", "bids": [[1459.75, 29500.0], [1459.5, 23151.0], [1459.0, 1000.0], [1453.75, 6300.0], [1453.5, 1300.0], [1453.25, 21074.0], [1453.0, 41336.0], [1452.75, 9440.0], [1452.25, 1317.0], [1452.0, 36471.0], [1449.75, 1353.0], [1449.5, 41363.0], [1449.0, 1350.0], [1448.75, 1365.0], [1447.0, 2740.0], [1446.25, 5503.0], [1446.0, 39141.0], [1445.75, 41363.0], [1442.75, 1317.0], [1442.0, 38313.0]], "asks": [[1461.25, 1300.0], [1461.5, 18555.0], [1462.75, 8450.0], [1464.0, 9461.0], [1465.25, 37171.0], [1465.5, 18293.0], [1467.5, 1317.0], [1467.75, 41317.0], [1468.0, 38433.0], [1468.5, 1350.0], [1469.25, 1317.0], [1470.75, 40000.0], [1471.0, 1365.0], [1471.25, 39286.0], [1472.25, 1353.0], [1473.75, 41353.0], [1474.5, 1322.0], [1475.5, 26738.0], [1476.5, 1365.0], [1479.25, 25451.0]]}}}
{"jsonrpc": "2.0", "method": "subscription", "params": {"channel": "book.ETH-11APR25.none.20.100ms", "data": {"timestamp": 1744008708928, "change_id": 64693394781, "instrument_name": "ETH-11APR25", "bids": [[1459.5, 10120.0], [1459.25, 18693.0], [1459.0, 12058.0], [1458.75, 4100.0], [1458.5, 6279.0], [1458.25, 2179.0], [1457.75, 25477.0], [1457.25, 2174.0], [1456.75, 2174.0], [1456.25, 250.0], [1455.75, 90000.0], [1455.5, 2188.0], [1455.25, 2188.0], [1454.5, 2110.0], [1454.25, 2110.0], [1453.75, 2110.0], [1453.5, 2110.0], [1453.25, 2360.0], [1453.0, 39999.0], [1452.75, 2110.0]], "asks": [[1460.5, 15588.0], [1460.75, 39323.0], [1461.0, 12658.0], [1461.25, 10000.0], [1461.5, 120.0], [1462.25, 2111.0], [1462.5, 2111.0], [1463.0, 14891.0], [1463.5, 2130.0], [1463.75, 2111.0], [1464.25, 92130.0], [1464.5, 24696.0], [1464.75, 2174.0], [1465.0, 18483.0], [1465.25, 2174.0], [1465.75, 51195.0], [1466.25, 2187.0], [1466.75, 182366.0], [1467.25, 2110.0], [1467.5, 42188.0]]}}}
{"jsonrpc": "2.0", "method": "subscription", "params": {"channel": "book.ETH-18APR25.none.20.100ms", "data": {"timestamp": 1744008708923, "change_id": 64693394764, "instrument_name": "ETH-18APR25", "bids": [[1459.5, 48151.0], [1453.75, 6300.0], [1453.5, 2636.0], [1453.25, 21074.0], [1453.0, 41336.0], [1452.75, 9440.0], [1452.25, 1317.0], [1452.0, 36471.0], [1449.75, 1353.0], [1449.5, 41363.0], [1449.0, 1350.0], [1448.75, 1365.0], [1447.0, 2740.0], [1446.25, 5503.0], [1446.0, 39141.0], [1445.75, 41363.0], [1442.75, 1317.0], [1442.0, 38313.0], [1439.0, 1342.0], [1437.25, 26923.0]], "asks": [[1461.25, 1300.0], [1461.5, 8555.0], [1461.75, 10000.0], [1462.75, 6232.0], [1464.0, 9461.0], [1465.25, 37171.0], [1465.5, 18293.0], [1467.5, 1336.0], [1467.75, 41317.0], [1468.0, 38433.0], [1468.5, 1350.0], [1469.25, 1317.0], [1470.75, 40000.0], [1471.0, 1365.0], [1471.25, 39286.0], [1472.25, 1353.0], [1473.75, 41353.0], [1474.5, 1322.0], [1475.5, 26738.0], [1476.5, 1365.0]]}}}
{"jsonrpc": "2.0", "method": "subscription", "params": {"channel": "book.ETH-11APR25.none.20.100ms", "data": {"timestamp": 1744008709250, "change_id": 64693396179, "instrument_name": "ETH-11APR25", "bids": [[1458.75, 4100.0], [1458.5, 4220.0], [1458.0, 8558.0], [1457.75, 2179.0], [1457.25, 2174.0], [1457.0, 25477.0], [1456.75, 2174.0], [1455.75, 90000.0], [1455.5, 2438.0], [1455.25, 2188.0], [1454.5, 2110.0], [1454.25, 2110.0], [1453.75, 2110.0], [1453.5, 2110.0], [1453.25, 2360.0], [1453.0, 39999.0], [1452.75, 2110.0], [1452.5, 40000.0], [1452.25, 2110.0], [1452.0, 182110.0]], "asks": [[1459.75, 20046.0], [1460.0, 15120.0], [1460.25, 28733.0], [1460.5, 6279.0], [1460.75, 4100.0], [1461.0, 16279.0], [1462.25, 2111.0], [1462.5, 2111.0], [1462.75, 250.0], [1463.0, 14891.0], [1463.5, 2130.0], [1463.75, 2111.0], [1464.25, 92130.0], [1464.5, 24446.0], [1464.75, 2174.0], [1465.0, 2160.0], [1465.25, 2174.0], [1465.75, 51195.0], [1466.25, 2187.0], [1466.75, 182366.0]]}}}
{"jsonrpc": "2.0", "method": "subscription", "params": {"channel": "book.ETH-18APR25.none.20.100ms", "data": {"timestamp": 1744008709254, "change_id": 64693396199, "instrument_name": "ETH-18APR25", "bids": [[1458.5, 23555.0], [1454.5, 1915.0], [1454.0, 4500.0], [1453.5, 1300.0], [1453.25, 19738.0], [1452.25, 41317.0], [1452.0, 36471.0], [1451.5, 1336.0], [1449.75, 1353.0], [1449.5, 41363.0], [1449.0, 1350.0], [1448.75, 1365.0], [1447.0, 2740.0], [1446.25, 46839.0], [1446.0, 39141.0], [1445.75, 1363.0], [1442.75, 1317.0], [1442.0, 38313.0], [1439.0, 1342.0], [1437.25, 26923.0]], "asks": [[1460.5, 13055.0], [1461.25, 1300.0], [1461.5, 10000.0], [1462.0, 6232.0], [1462.75, 9461.0], [1464.0, 18293.0], [1465.25, 37171.0], [1467.5, 1336.0], [1467.75, 41317.0], [1468.0, 38433.0], [1468.5, 1350.0], [1469.25, 1317.0], [1470.75, 40000.0], [1471.0, 1365.0], [1471.25, 39286.0], [1472.25, 1353.0], [1473.75, 41353.0], [1474.5, 1322.0], [1475.5, 26738.0], [1476.5, 1365.0]]}}}
{"jsonrpc": "2.0", "method": "subscription", "params": {"channel": "book.ETH-11APR25.none.20.100ms", "data": {"timestamp": 1744008709449, "change_id": 64693397188, "instrument_name": "ETH-11APR25", "bids": [[1458.5, 4100.0], [1458.25, 14220.0], [1458.0, 8558.0], [1457.75, 2179.0], [1457.25, 27651.0], [1456.75, 2174.0], [1455.75, 90000.0], [1455.5, 2438.0], [1455.25, 2188.0], [1454.5, 2110.0], [1454.25, 2110.0], [1453.75, 2110.0], [1453.5, 2110.0], [1453.25, 2360.0], [1453.0, 39999.0], [1452.75, 2110.0], [1452.25, 2110.0], [1452.0, 182110.0], [1451.75, 42110.0], [1451.5, 2188.0]], "asks": [[1459.75, 20046.0], [1460.0, 10120.0], [1460.25, 28727.0], [1460.5, 6279.0], [1460.75, 4100.0], [1461.0, 2179.0], [1462.25, 2111.0], [1462.5, 2111.0], [1462.75, 250.0], [1463.0, 39337.0], [1463.5, 2130.0], [1463.75, 2111.0], [1464.25, 2130.0], [1464.75, 2174.0], [1465.0, 2160.0], [1465.25, 2174.0], [1465.75, 51195.0], [1466.25, 2187.0], [1466.75, 182366.0], [1467.25, 2110.0]]}}}
{"jsonrpc": "2.0", "method": "subscription", "params": {"channel": "book.ETH-18APR25.none.20.100ms", "data": {"timestamp": 1744008709571, "change_id": 64693397155, "instrument_name": "ETH-18APR25", "bids": [[1458.75, 14500.0], [1458.5, 23555.0], [1454.5, 6300.0], [1453.5, 1300.0], [1453.25, 19738.0], [1452.75, 9440.0], [1452.25, 41317.0], [1452.0, 36471.0], [1451.5, 1336.0], [1449.75, 1353.0], [1449.5, 41363.0], [1449.0, 1350.0], [1448.75, 1365.0], [1447.0, 2740.0], [1446.25, 46839.0], [1446.0, 39141.0], [1445.75, 1363.0], [1442.75, 1317.0], [1442.0, 38313.0], [1439.0, 1342.0]], "asks": [[1460.25, 10000.0], [1460.5, 8555.0], [1461.25, 14610.0], [1462.0, 6232.0], [1462.75, 9461.0], [1464.0, 18293.0], [1465.25, 37171.0], [1467.5, 1336.0], [1467.75, 41317.0], [1468.0, 38433.0], [1468.5, 1350.0], [1469.25, 1317.0], [1470.75, 40000.0], [1471.0, 1365.0], [1471.25, 39286.0], [1472.25, 1353.0], [1473.75, 41353.0], [1474.5, 1322.0], [1475.5, 26738.0], [1476.5, 1365.0]]}}}
{"jsonrpc": "2.0", "method": "subscription", "params": {"channel": "book.ETH-11APR25.none.20.100ms", "data": {"timestamp": 1744008709916, "change_id": 64693397600, "instrument_name": "ETH-11APR25", "bids": [[1458.5, 14100.0], [1458.25, 4220.0], [1458.0, 8558.0], [1457.75, 2179.0], [1457.25, 2174.0], [1457.0, 25477.0], [1456.75, 2174.0], [1455.75, 90000.0], [1455.5, 2438.0], [1455.25, 2188.0], [1454.5, 2110.0], [1454.25, 2110.0], [1453.75, 2110.0], [1453.5, 2110.0], [1453.25, 2360.0], [1453.0, 39999.0], [1452.75, 2110.0], [1452.25, 2110.0], [1452.0, 182110.0], [1451.75, 42110.0]], "asks": [[1459.75, 20166.0], [1460.0, 10000.0], [1460.25, 30906.0], [1460.5, 6279.0], [1460.75, 4100.0], [1461.0, 2179.0], [1462.25, 2111.0], [1462.5, 2111.0], [1462.75, 250.0], [1463.0, 129337.0], [1463.5, 2130.0], [1463.75, 2111.0], [1464.25, 2130.0], [1464.75, 2174.0], [1465.0, 2160.0], [1465.25, 2174.0], [1465.75, 51195.0], [1466.25, 2187.0], [1466.75, 182366.0], [1467.25, 2110.0]]}}}
