{"jsonrpc": "2.0", "method": "subscription", "params": {"channel": "book.ETH-18APR25.none.20.100ms", "data": {"timestamp": 1744212871292, "change_id": 65088676490, "instrument_name": "ETH-18APR25", "bids": [[1486.75, 2700.0], [1486.5, 5883.0], [1486.25, 14416.0], [1486.0, 7813.0], [1485.75, 9063.0], [1485.5, 1000.0], [1485.0, 1846.0], [1484.75, 6551.0], [1484.5, 1326.0], [1484.25, 398.0], [1484.0, 1723.0], [1483.75, 7342.0], [1483.5, 20466.0], [1483.25, 12425.0], [1483.0, 36916.0], [1482.5, 1372.0], [1482.25, 1367.0], [1481.75, 8213.0], [1481.5, 1338.0], [1481.0, 1738.0]], "asks": [[1487.25, 7588.0], [1487.5, 23909.0], [1488.25, 1829.0], [1488.5, 6095.0], [1488.75, 5599.0], [1489.0, 18663.0], [1489.25, 398.0], [1489.5, 1721.0], [1489.75, 12838.0], [1490.0, 38795.0], [1490.25, 1317.0], [1490.75, 38531.0], [1492.25, 1348.0], [1492.5, 400.0], [1492.75, 1337.0], [1493.0, 36777.0], [1494.75, 2675.0], [1495.0, 1350.0], [1495.25, 1325.0], [1495.5, 1750.0]]}}}
{"jsonrpc": "2.0", "method": "subscription", "params": {"channel": "book.ETH-11APR25.none.20.100ms", "data": {"timestamp": 1744212871602, "change_id": 65088677032, "instrument_name": "ETH-11APR25", "bids": [[1485.75, 3600.0], [1485.5, 23966.0], [1485.25, 17756.0], [1485.0, 2547.0], [1484.75, 2547.0], [1484.5, 10333.0], [1484.25, 28159.0], [1484.0, 2805.0], [1483.75, 2743.0], [1483.5, 2739.0], [1483.25, 10190.0], [1483.0, 26963.0], [1482.5, 638.0], [1482.25, 2733.0], [1482.0, 3513.0], [1481.75, 49622.0], [1480.75, 2128.0], [1480.5, 58750.0], [1480.25, 92184.0], [1480.0, 2584.0]], "asks": [[1486.0, 10.0], [1486.25, 3592.0], [1486.5, 15480.0], [1486.75, 10200.0], [1487.0, 27013.0], [1487.25, 643.0], [1487.5, 2786.0], [1487.75, 2786.0], [1488.0, 2143.0], [1488.25, 399.0], [1488.5, 15421.0], [1488.75, 44217.0], [1489.0, 92143.0], [1489.25, 51263.0], [1489.75, 49817.0], [1490.5, 400.0], [1491.25, 2152.0], [1491.75, 180000.0], [1492.0, 400.0], [1493.25, 2156.0]]}}}
{"jsonrpc": "2.0", "method": "subscription", "params": {"channel": "book.ETH-18APR25.none.20.100ms", "data": {"timestamp": 1744212871665, "change_id": 65088677159, "instrument_name": "ETH-18APR25", "bids": [[1487.0, 3510.0], [1486.75, 6510.0], [1486.5, 13837.0], [1486.25, 4416.0], [1486.0, 7813.0], [1485.75, 9063.0], [1485.5, 1000.0], [1485.0, 1846.0], [1484.75, 6551.0], [1484.5, 1326.0], [1484.25, 398.0], [1484.0, 1723.0], [1483.75, 7342.0], [1483.5, 20466.0], [1483.25, 12425.0], [1483.0, 36916.0], [1482.5, 1372.0], [1482.25, 1367.0], [1481.75, 8213.0], [1481.5, 1338.0]], "asks": [[1487.5, 22100.0], [1487.75, 2585.0], [1488.25, 1829.0], [1488.5, 6095.0], [1489.25, 398.0], [1489.5, 7271.0], [1489.75, 31501.0], [1490.0, 38795.0], [1490.25, 1317.0], [1490.75, 38531.0], [1492.25, 1348.0], [1492.5, 400.0], [1492.75, 1337.0], [1493.0, 36777.0], [1494.75, 2675.0], [1495.0, 1350.0], [1495.25, 1325.0], [1495.5, 1750.0], [1496.0, 36400.0], [1496.5, 1366.0]]}}}
{"jsonrpc": "2.0", "method": "subscription", "params": {"channel": "book.ETH-11APR25.none.20.100ms", "data": {"timestamp": 1744212871991, "change_id": 65088677539, "instrument_name": "ETH-11APR25", "bids": [[1485.75, 3600.0], [1485.5, 23966.0], [1485.25, 18756.0], [1485.0, 2547.0], [1484.75, 10348.0], [1484.5, 28100.0], [1484.25, 2814.0], [1484.0, 2805.0], [1483.75, 2743.0], [1483.5, 2739.0], [1483.25, 10190.0], [1483.0, 26963.0], [1482.5, 638.0], [1482.25, 2733.0], [1482.0, 3513.0], [1481.75, 49622.0], [1480.75, 2128.0], [1480.5, 58750.0], [1480.25, 92184.0], [1480.0, 2584.0]], "asks": [[1486.0, 10.0], [1486.5, 15480.0], [1486.75, 10200.0], [1487.0, 27013.0], [1487.25, 643.0], [1487.5, 2786.0], [1487.75, 2786.0], [1488.0, 2143.0], [1488.25, 399.0], [1488.5, 15421.0], [1488.75, 44217.0], [1489.0, 92143.0], [1489.25, 51263.0], [1489.75, 49817.0], [1491.25, 2152.0], [1491.75, 180000.0], [1492.0, 400.0], [1493.25, 2156.0], [1493.5, 2149.0], [1493.75, 75000.0]]}}}
{"jsonrpc": "2.0", "method": "subscription", "params": {"channel": "book.ETH-18APR25.none.20.100ms", "data": {"timestamp": 1744212871730, "change_id": 65088677556, "instrument_name": "ETH-18APR25", "bids": [[1487.0, 3510.0], [1486.75, 6510.0], [1486.5, 13937.0], [1486.25, 4316.0], [1486.0, 7813.0], [1485.75, 9063.0], [1485.5, 1000.0], [1485.25, 1846.0], [1485.0, 6153.0], [1484.75, 398.0], [1484.5, 1326.0], [1484.25, 398.0], [1484.0, 1723.0], [1483.75, 7342.0], [1483.5, 20466.0], [1483.25, 12425.0], [1483.0, 36916.0], [1482.5, 1372.0], [1482.25, 1367.0], [1481.75, 8213.0]], "asks": [[1487.5, 10876.0], [1487.75, 2585.0], [1488.25, 1829.0], [1488.5, 6095.0], [1489.25, 398.0], [1489.5, 7271.0], [1489.75, 31501.0], [1490.0, 38795.0], [1490.25, 1317.0], [1490.75, 38531.0], [1492.25, 1348.0], [1492.5, 400.0], [1492.75, 1337.0], [1493.0, 36777.0], [1494.75, 2675.0], [1495.0, 1350.0], [1495.25, 1325.0], [1495.5, 1750.0], [1496.0, 36400.0], [1496.5, 1366.0]]}}}
{"jsonrpc": "2.0", "method": "subscription", "params": {"channel": "book.ETH-11APR25.none.20.100ms", "data": {"timestamp": 1744212872165, "change_id": 65088678002, "instrument_name": "ETH-11APR25", "bids": [[1485.75, 3600.0], [1485.5, 30939.0], [1485.25, 3547.0], [1485.0, 2547.0], [1484.75, 10348.0], [1484.5, 28100.0], [1484.25, 2814.0], [1484.0, 2805.0], [1483.75, 2743.0], [1483.5, 2739.0], [1483.25, 10190.0], [1483.0, 26963.0], [1482.5, 638.0], [1482.25, 2733.0], [1482.0, 9013.0], [1481.75, 49622.0], [1480.75, 2128.0], [1480.5, 53250.0], [1480.25, 92184.0], [1480.0, 2584.0]], "asks": [[1486.0, 10.0], [1486.5, 15480.0], [1486.75, 10200.0], [1487.0, 27013.0], [1487.25, 643.0], [1487.5, 2786.0], [1487.75, 2786.0], [1488.0, 2143.0], [1488.25, 399.0], [1488.5, 15421.0], [1488.75, 44217.0], [1489.0, 92143.0], [1489.25, 51263.0], [1489.75, 49817.0], [1491.25, 2152.0], [1491.75, 180000.0], [1492.0, 400.0], [1493.25, 2156.0], [1493.5, 2149.0], [1493.75, 75000.0]]}}}
{"jsonrpc": "2.0", "method": "subscription", "params": {"channel": "book.ETH-18APR25.none.20.100ms", "data": {"timestamp": 1744212872165, "change_id": 65088677866, "instrument_name": "ETH-18APR25", "bids": [[1487.0, 3510.0], [1486.75, 6510.0], [1486.5, 13937.0], [1486.25, 4316.0], [1486.0, 7813.0], [1485.75, 9063.0], [1485.5, 1000.0], [1485.25, 1846.0], [1485.0, 6153.0], [1484.75, 398.0], [1484.5, 1326.0], [1484.25, 398.0], [1484.0, 1723.0], [1483.75, 7342.0], [1483.5, 20466.0], [1483.25, 12425.0], [1483.0, 36916.0], [1482.5, 1372.0], [1482.25, 1367.0], [1481.75, 8213.0]], "asks": [[1487.5, 17941.0], [1487.75, 17461.0], [1488.25, 1829.0], [1488.5, 6095.0], [1489.0, 810.0], [1489.25, 3098.0], [1489.5, 7271.0], [1489.75, 31501.0], [1490.0, 38795.0], [1490.25, 1317.0], [1490.75, 38531.0], [1492.25, 1348.0], [1492.5, 400.0], [1492.75, 1337.0], [1493.0, 36777.0], [1494.75, 2675.0], [1495.0, 1350.0], [1495.25, 1325.0], [1495.5, 1750.0], [1496.0, 36400.0]]}}}
{"jsonrpc": "2.0", "method": "subscription", "params": {"channel": "book.ETH-11APR25.none.20.100ms", "data": {"timestamp": 1744212872607, "change_id": 65088678416, "instrument_name": "ETH-11APR25", "bids": [[1485.75, 3600.0], [1485.5, 30939.0], [1485.25, 3547.0], [1485.0, 2547.0], [1484.75, 10348.0], [1484.5, 28100.0], [1484.25, 2814.0], [1484.0, 2805.0], [1483.75, 2743.0], [1483.5, 2739.0], [1483.25, 10190.0], [1483.0, 26963.0], [1482.5, 638.0], [1482.25, 2733.0], [1482.0, 9013.0], [1481.75, 49622.0], [1480.75, 2128.0], [1480.5, 53250.0], [1480.25, 92184.0], [1480.0, 2584.0]], "asks": [[1486.0, 2500.0], [1486.25, 6489.0], [1486.5, 15480.0], [1486.75, 10200.0], [1487.0, 27013.0], [1487.25, 643.0], [1487.5, 2786.0], [1487.75, 2786.0], [1488.0, 2143.0], [1488.25, 399.0], [1488.5, 15421.0], [1488.75, 44217.0], [1489.0, 92143.0], [1489.25, 51263.0], [1489.75, 49817.0], [1491.25, 2152.0], [1491.75, 180000.0], [1492.0, 400.0], [1493.25, 2156.0], [1493.5, 2149.0]]}}}
{"jsonrpc": "2.0", "method": "subscription", "params": {"channel": "book.ETH-11APR25.none.20.100ms", "data": {"timestamp": 1744212872947, "change_id": 65088679358, "instrument_name": "ETH-11APR25", "bids": [[1485.5, 14475.0], [1485.25, 9812.0], [1485.0, 13757.0], [1484.75, 2148.0], [1484.5, 2555.0], [1484.25, 28159.0], [1484.0, 2571.0], [1483.75, 2743.0], [1483.5, 2110.0], [1483.25, 2181.0], [1483.0, 26963.0], [1482.25, 2128.0], [1482.0, 9013.0], [1481.75, 49622.0], [1480.75, 2128.0], [1480.5, 53250.0], [1480.25, 92184.0], [1480.0, 2584.0], [1479.25, 2202.0], [1479.0, 17512.0]], "asks": [[1486.0, 2500.0], [1486.25, 4588.0], [1486.5, 12843.0], [1486.75, 9553.0], [1487.0, 27013.0], [1487.5, 2143.0], [1487.75, 2387.0], [1488.0, 2143.0], [1488.5, 15022.0], [1488.75, 44616.0], [1489.0, 92143.0], [1489.25, 51263.0], [1489.75, 49817.0], [1491.25, 2152.0], [1491.75, 180000.0], [1492.0, 400.0], [1493.25, 2156.0], [1493.5, 2149.0], [1493.75, 75000.0], [1494.5, 2175.0]]}}}
{"jsonrpc": "2.0", "method": "subscription", "params": {"channel": "book.ETH-18APR25.none.20.100ms", "data": {"timestamp": 1744212872924, "change_id": 65088679335, "instrument_name": "ETH-18APR25", "bids": [[1486.5, 2700.0], [1486.25, 12700.0], [1486.0, 5385.0], [1485.75, 2700.0], [1485.5, 7063.0], [1484.75, 6153.0], [1484.5, 1326.0], [1484.0, 1326.0], [1483.75, 1324.0], [1483.5, 20466.0], [1483.25, 1350.0], [1483.0, 36916.0], [1482.5, 1372.0], [1482.25, 1367.0], [1481.75, 8213.0], [1481.5, 1338.0], [1481.0, 1738.0], [1480.75, 36551.0], [1480.25, 1374.0], [1480.0, 38314.0]], "asks": [[1487.25, 2700.0], [1487.5, 12800.0], [1488.5, 6095.0], [1489.25, 2700.0], [1489.5, 1326.0], [1489.75, 19981.0], [1490.0, 38400.0], [1490.25, 1317.0], [1490.75, 38531.0], [1492.25, 1348.0], [1492.5, 400.0], [1492.75, 1337.0], [1493.0, 36777.0], [1494.75, 2675.0], [1495.0, 1350.0], [1495.25, 1325.0], [1495.5, 1750.0], [1496.0, 36400.0], [1496.5, 1366.0], [1496.75, 1331.0]]}}}
{"jsonrpc": "2.0", "method": "subscription", "params": {"channel": "book.ETH-11APR25.none.20.100ms", "data": {"timestamp": 1744212873092, "change_id": 65088679734, "instrument_name": "ETH-11APR25", "bids": [[1485.75, 3600.0], [1485.5, 15324.0], [1485.25, 9812.0], [1485.0, 14401.0], [1484.75, 2148.0], [1484.5, 2555.0], [1484.25, 28159.0], [1484.0, 2571.0], [1483.75, 2743.0], [1483.5, 2764.0], [1483.25, 2181.0], [1483.0, 26963.0], [1482.25, 2128.0], [1482.0, 9013.0], [1481.75, 49622.0], [1480.75, 2128.0], [1480.5, 53250.0], [1480.25, 92184.0], [1480.0, 2584.0], [1479.25, 2202.0]], "asks": [[1486.0, 2500.0], [1486.25, 11850.0], [1486.5, 12843.0], [1486.75, 9553.0], [1487.0, 27013.0], [1487.5, 2143.0], [1487.75, 2387.0], [1488.0, 2143.0], [1488.5, 15022.0], [1488.75, 44616.0], [1489.0, 92143.0], [1489.25, 51263.0], [1489.75, 49817.0], [1491.25, 2152.0], [1491.75, 180000.0], [1492.0, 400.0], [1493.25, 2156.0], [1493.5, 2149.0], [1493.75, 75000.0], [1494.5, 2175.0]]}}}
{"jsonrpc": "2.0", "method": "subscription", "params": {"channel": "book.ETH-18APR25.none.20.100ms", "data": {"timestamp": 1744212873211, "change_id": 65088679755, "instrument_name": "ETH-18APR25", "bids": [[1486.5, 2700.0], [1486.25, 12800.0], [1486.0, 2585.0], [1485.75, 2700.0], [1485.5, 7063.0], [1484.75, 6153.0], [1484.5, 1326.0], [1484.0, 1326.0], [1483.75, 1324.0], [1483.5, 20466.0], [1483.25, 1350.0], [1483.0, 36916.0], [1482.5, 1372.0], [1482.25, 1367.0], [1481.75, 8213.0], [1481.5, 1338.0], [1481.0, 1738.0], [1480.75, 36551.0], [1480.25, 1374.0], [1480.0, 38314.0]], "asks": [[1487.25, 2700.0], [1487.5, 20949.0], [1488.5, 6095.0], [1489.25, 2700.0], [1489.5, 4026.0], [1489.75, 19981.0], [1490.0, 38400.0], [1490.25, 1317.0], [1490.75, 38531.0], [1492.25, 1348.0], [1492.5, 400.0], [1492.75, 1337.0], [1493.0, 36777.0], [1494.75, 2675.0], [1495.0, 1350.0], [1495.25, 1325.0], [1495.5, 1750.0], [1496.0, 36400.0], [1496.5, 1366.0], [1496.75, 1331.0]]}}}
{"jsonrpc": "2.0", "method": "subscription", "params": {"channel": "book.ETH-11APR25.none.20.100ms", "data": {"timestamp": 1744212873408, "change_id": 65088680024, "instrument_name": "ETH-11APR25", "bids": [[1485.75, 3600.0], [1485.5, 17062.0], [1485.25, 7225.0], [1485.0, 14401.0], [1484.75, 2148.0], [1484.5, 2555.0], [1484.25, 28159.0], [1484.0, 2571.0], [1483.75, 2743.0], [1483.5, 2764.0], [1483.25, 2181.0], [1483.0, 26963.0], [1482.25, 2128.0], [1482.0, 9013.0], [1481.75, 49622.0], [1480.75, 2128.0], [1480.5, 53250.0], [1480.25, 92184.0], [1480.0, 2584.0], [1479.25, 2202.0]], "asks": [[1486.0, 2500.0], [1486.25, 11850.0], [1486.5, 12843.0], [1486.75, 9553.0], [1487.0, 27013.0], [1487.5, 2143.0], [1487.75, 2387.0], [1488.0, 2143.0], [1488.5, 15022.0], [1488.75, 44616.0], [1489.0, 92143.0], [1489.25, 51263.0], [1489.75, 49817.0], [1491.25, 2152.0], [1491.75, 180000.0], [1492.0, 400.0], [1493.25, 2156.0], [1493.5, 2149.0], [1493.75, 75000.0], [1494.5, 2175.0]]}}}
{"jsonrpc": "2.0", "method": "subscription", "params": {"channel": "book.ETH-18APR25.none.20.100ms", "data": {"timestamp": 1744212873635, "change_id": 65088680392, "instrument_name": "ETH-18APR25", "bids": [[1486.75, 3510.0], [1486.5, 6540.0], [1486.25, 13576.0], [1486.0, 3395.0], [1485.75, 4819.0], [1485.5, 7063.0], [1485.0, 1846.0], [1484.75, 6551.0], [1484.5, 1326.0], [1484.25, 398.0], [1484.0, 1723.0], [1483.75, 7464.0], [1483.5, 20871.0], [1483.25, 1350.0], [1483.0, 36916.0], [1482.5, 1372.0], [1482.25, 1367.0], [1481.75, 8213.0], [1481.5, 1338.0], [1481.0, 1738.0]], "asks": [[1487.25, 8985.0], [1487.5, 20949.0], [1488.25, 1829.0], [1488.5, 6095.0], [1489.0, 810.0], [1489.25, 3908.0], [1489.5, 10020.0], [1489.75, 31501.0], [1490.0, 38795.0], [1490.25, 1317.0], [1490.75, 38531.0], [1492.25, 1348.0], [1492.5, 400.0], [1492.75, 1337.0], [1493.0, 36777.0], [1494.75, 2675.0], [1495.0, 1350.0], [1495.25, 1325.0], [1495.5, 1750.0], [1496.0, 36400.0]]}}}
{"jsonrpc": "2.0", "method": "subscription", "params": {"channel": "book.ETH-11APR25.none.20.100ms", "data": {"timestamp": 1744212874179, "change_id": 65088680852, "instrument_name": "ETH-11APR25", "bids": [[1485.75, 3600.0], [1485.5, 17062.0], [1485.25, 7225.0], [1485.0, 14401.0], [1484.75, 2148.0], [1484.5, 10358.0], [1484.25, 28159.0], [1484.0, 2571.0], [1483.75, 2743.0], [1483.5, 2764.0], [1483.25, 10270.0], [1483.0, 26963.0], [1482.25, 2128.0], [1482.0, 9013.0], [1481.75, 49622.0], [1480.75, 2128.0], [1480.5, 53250.0], [1480.25, 92184.0], [1480.0, 2584.0], [1479.25, 2202.0]], "asks": [[1486.0, 2500.0], [1486.25, 11850.0], [1486.5, 12843.0], [1486.75, 9553.0], [1487.0, 27013.0], [1487.25, 643.0], [1487.5, 2143.0], [1487.75, 2387.0], [1488.0, 2143.0], [1488.25, 647.0], [1488.5, 15022.0], [1488.75, 44616.0], [1489.0, 92143.0], [1489.25, 51263.0], [1489.75, 49817.0], [1491.25, 2152.0], [1491.75, 180000.0], [1492.0, 400.0], [1493.25, 2156.0], [1493.5, 2149.0]]}}}
{"jsonrpc": "2.0", "method": "subscription", "params": {"channel": "book.ETH-18APR25.none.20.100ms", "data": {"timestamp": 1744212874938, "change_id": 65088681585, "instrument_name": "ETH-18APR25", "bids": [[1486.75, 3510.0], [1486.5, 6540.0], [1486.25, 13576.0], [1486.0, 3395.0], [1485.75, 4819.0], [1485.5, 7063.0], [1485.0, 1846.0], [1484.75, 6551.0], [1484.5, 1326.0], [1484.25, 398.0], [1484.0, 1723.0], [1483.75, 7464.0], [1483.5, 20871.0], [1483.25, 1350.0], [1483.0, 36916.0], [1482.5, 1372.0], [1482.25, 1367.0], [1481.75, 8213.0], [1481.5, 1338.0], [1481.0, 1738.0]], "asks": [[1487.25, 9085.0], [1487.5, 20849.0], [1488.25, 1829.0], [1488.5, 6095.0], [1489.0, 810.0], [1489.25, 3908.0], [1489.5, 10020.0], [1489.75, 31501.0], [1490.0, 38795.0], [1490.25, 1317.0], [1490.75, 38531.0], [1492.25, 1348.0], [1492.5, 400.0], [1492.75, 1337.0], [1493.0, 36777.0], [1494.75, 2675.0], [1495.0, 1350.0], [1495.25, 1325.0], [1495.5, 1750.0], [1496.0, 36400.0]]}}}
{"jsonrpc": "2.0", "method": "subscription", "params": {"channel": "book.ETH-11APR25.none.20.100ms", "data": {"timestamp": 1744212875445, "change_id": 65088682140, "instrument_name": "ETH-11APR25", "bids": [[1485.5, 15324.0], [1485.25, 9812.0], [1485.0, 14401.0], [1484.75, 2795.0], [1484.5, 10358.0], [1484.25, 28159.0], [1484.0, 2571.0], [1483.75, 2743.0], [1483.5, 2764.0], [1483.25, 10270.0], [1483.0, 26963.0], [1482.25, 2128.0], [1482.0, 9013.0], [1481.75, 49622.0], [1480.75, 2128.0], [1480.5, 53250.0], [1480.25, 92184.0], [1480.0, 2584.0], [1479.25, 2202.0], [1479.0, 17512.0]], "asks": [[1486.0, 5613.0], [1486.25, 13998.0], [1486.5, 12843.0], [1486.75, 9553.0], [1487.0, 27013.0], [1487.25, 643.0], [1487.5, 2786.0], [1487.75, 2387.0], [1488.0, 2143.0], [1488.25, 647.0], [1488.5, 15022.0], [1488.75, 44616.0], [1489.0, 92143.0], [1489.25, 51263.0], [1489.75, 49817.0], [1491.25, 2152.0], [1491.75, 180000.0], [1492.0, 400.0], [1493.25, 2156.0], [1493.5, 2149.0]]}}}
{"jsonrpc": "2.0", "method": "subscription", "params": {"channel": "book.ETH-11APR25.none.20.100ms", "data": {"timestamp": 1744212876305, "change_id": 65088683064, "instrument_name": "ETH-11APR25", "bids": [[1485.5, 14375.0], [1485.25, 7225.0], [1485.0, 14501.0], [1484.75, 2795.0], [1484.5, 10358.0], [1484.25, 28159.0], [1484.0, 2571.0], [1483.75, 2743.0], [1483.5, 2764.0], [1483.25, 10270.0], [1483.0, 26963.0], [1482.25, 2128.0], [1482.0, 9013.0], [1481.75, 49622.0], [1480.75, 2128.0], [1480.5, 53250.0], [1480.25, 92184.0], [1480.0, 2584.0], [1479.25, 2202.0], [1479.0, 17512.0]], "asks": [[1486.0, 5613.0], [1486.25, 14098.0], [1486.5, 12743.0], [1486.75, 9553.0], [1487.0, 27013.0], [1487.25, 643.0], [1487.5, 2786.0], [1487.75, 2387.0], [1488.0, 2143.0], [1488.25, 647.0], [1488.5, 15022.0], [1488.75, 44616.0], [1489.0, 92143.0], [1489.25, 51263.0], [1489.75, 49817.0], [1491.25, 2152.0], [1491.75, 180000.0], [1492.0, 400.0], [1493.25, 2156.0], [1493.5, 2149.0]]}}}
{"jsonrpc": "2.0", "method": "subscription", "params": {"channel": "book.ETH-18APR25.none.20.100ms", "data": {"timestamp": 1744212876261, "change_id": 65088683040, "instrument_name": "ETH-18APR25", "bids": [[1486.75, 810.0], [1486.5, 6540.0], [1486.25, 13576.0], [1486.0, 3395.0], [1485.75, 4819.0], [1485.5, 7063.0], [1485.0, 1846.0], [1484.75, 6551.0], [1484.5, 1326.0], [1484.25, 398.0], [1484.0, 1723.0], [1483.75, 7464.0], [1483.5, 20871.0], [1483.25, 1350.0], [1483.0, 36916.0], [1482.5, 1372.0], [1482.25, 1367.0], [1481.75, 8213.0], [1481.5, 1338.0], [1481.0, 1738.0]], "asks": [[1487.25, 17864.0], [1487.5, 8264.0], [1488.25, 1829.0], [1488.5, 6095.0], [1489.0, 810.0], [1489.25, 3908.0], [1489.5, 10020.0], [1489.75, 31501.0], [1490.0, 38795.0], [1490.25, 1317.0], [1490.75, 38531.0], [1492.25, 1348.0], [1492.5, 400.0], [1492.75, 1337.0], [1493.0, 36777.0], [1494.75, 2675.0], [1495.0, 1350.0], [1495.25, 1325.0], [1495.5, 1750.0], [1496.0, 36400.0]]}}}
{"jsonrpc": "2.0", "method": "subscription", "params": {"channel": "book.ETH-11APR25.none.20.100ms", "data": {"timestamp": 1744212876452, "change_id": 65088683254, "instrument_name": "ETH-11APR25", "bids": [[1485.5, 4375.0], [1485.25, 10572.0], [1485.0, 27088.0], [1484.75, 2795.0], [1484.5, 10358.0], [1484.25, 28159.0], [1484.0, 2571.0], [1483.75, 2743.0], [1483.5, 2764.0], [1483.25, 10270.0], [1483.0, 26963.0], [1482.25, 2128.0], [1482.0, 9013.0], [1481.75, 49622.0], [1480.75, 2128.0], [1480.5, 53250.0], [1480.25, 92184.0], [1480.0, 2584.0], [1479.25, 2202.0], [1479.0, 17512.0]], "asks": [[1486.0, 10841.0], [1486.25, 18288.0], [1486.5, 2743.0], [1486.75, 9553.0], [1487.0, 27013.0], [1487.25, 643.0], [1487.5, 2786.0], [1487.75, 2755.0], [1488.0, 2143.0], [1488.25, 647.0], [1488.5, 15022.0], [1488.75, 44616.0], [1489.0, 92143.0], [1489.25, 51263.0], [1489.75, 49817.0], [1491.25, 2152.0], [1491.75, 180000.0], [1492.0, 400.0], [1493.25, 2156.0], [1493.5, 2149.0]]}}}
{"jsonrpc": "2.0", "method": "subscription", "params": {"channel": "book.ETH-11APR25.none.20.100ms", "data": {"timestamp": 1744212876822, "change_id": 65088683715, "instrument_name": "ETH-11APR25", "bids": [[1485.5, 3848.0], [1485.25, 17325.0], [1485.0, 16988.0], [1484.75, 2795.0], [1484.5, 10358.0], [1484.25, 28159.0], [1484.0, 2571.0], [1483.75, 2743.0], [1483.5, 2764.0], [1483.25, 10270.0], [1483.0, 26963.0], [1482.25, 2128.0], [1482.0, 9013.0], [1481.75, 49622.0], [1480.75, 2128.0], [1480.5, 53250.0], [1480.25, 92184.0], [1480.0, 2584.0], [1479.25, 2202.0], [1479.0, 17512.0]], "asks": [[1486.0, 10841.0], [1486.25, 18288.0], [1486.5, 2743.0], [1486.75, 9553.0], [1487.0, 27013.0], [1487.25, 643.0], [1487.5, 2786.0], [1487.75, 2755.0], [1488.0, 2143.0], [1488.25, 647.0], [1488.5, 15022.0], [1488.75, 44616.0], [1489.0, 92143.0], [1489.25, 51263.0], [1489.75, 49817.0], [1491.25, 2152.0], [1491.75, 180000.0], [1492.0, 400.0], [1493.25, 2156.0], [1493.5, 2149.0]]}}}
{"jsonrpc": "2.0", "method": "subscription", "params": {"channel": "book.ETH-11APR25.none.20.100ms", "data": {"timestamp": 1744212877047, "change_id": 65088683944, "instrument_name": "ETH-11APR25", "bids": [[1485.5, 7448.0], [1485.25, 17325.0], [1485.0, 16988.0], [1484.75, 2795.0], [1484.5, 10358.0], [1484.25, 28159.0], [1484.0, 2571.0], [1483.75, 2743.0], [1483.5, 2764.0], [1483.25, 10270.0], [1483.0, 26963.0], [1482.25, 2128.0], [1482.0, 9013.0], [1481.75, 49622.0], [1480.75, 2128.0], [1480.5, 53250.0], [1480.25, 92184.0], [1480.0, 2584.0], [1479.25, 2202.0], [1479.0, 17512.0]], "asks": [[1486.0, 14441.0], [1486.25, 18288.0], [1486.5, 2743.0], [1486.75, 9553.0], [1487.0, 27013.0], [1487.25, 643.0], [1487.5, 2786.0], [1487.75, 2755.0], [1488.0, 2143.0], [1488.25, 647.0], [1488.5, 15022.0], [1488.75, 44616.0], [1489.0, 92143.0], [1489.25, 51263.0], [1489.75, 49817.0], [1491.25, 2152.0], [1491.75, 180000.0], [1492.0, 400.0], [1493.25, 2156.0], [1493.5, 2149.0]]}}}
{"jsonrpc": "2.0", "method": "subscription", "params": {"channel": "book.ETH-18APR25.none.20.100ms", "data": {"timestamp": 1744212877200, "change_id": 65088683765, "instrument_name": "ETH-18APR25", "bids": [[1486.75, 810.0], [1486.5, 6540.0], [1486.25, 14289.0], [1486.0, 6095.0], [1485.75, 4819.0], [1485.5, 7063.0], [1485.0, 1846.0], [1484.75, 6551.0], [1484.5, 1326.0], [1484.25, 398.0], [1484.0, 1723.0], [1483.75, 7464.0], [1483.5, 20871.0], [1483.25, 1350.0], [1483.0, 36916.0], [1482.5, 1372.0], [1482.25, 1367.0], [1481.75, 8213.0], [1481.5, 1338.0], [1481.0, 1738.0]], "asks": [[1487.25, 17864.0], [1487.5, 8264.0], [1487.75, 810.0], [1488.0, 2700.0], [1488.25, 1829.0], [1488.5, 6095.0], [1489.0, 810.0], [1489.25, 3908.0], [1489.5, 10020.0], [1489.75, 31501.0], [1490.0, 38795.0], [1490.25, 1317.0], [1490.75, 38531.0], [1492.25, 1348.0], [1492.5, 400.0], [1492.75, 1337.0], [1493.0, 36777.0], [1494.75, 2675.0], [1495.0, 1350.0], [1495.25, 1325.0]]}}}
{"jsonrpc": "2.0", "method": "subscription", "params": {"channel": "book.ETH-11APR25.none.20.100ms", "data": {"timestamp": 1744212877550, "change_id": 65088684261, "instrument_name": "ETH-11APR25", "bids": [[1485.5, 3848.0], [1485.25, 17325.0], [1485.0, 16988.0], [1484.75, 2795.0], [1484.5, 10358.0], [1484.25, 28159.0], [1484.0, 2571.0], [1483.75, 2743.0], [1483.5, 2764.0], [1483.25, 10270.0], [1483.0, 26963.0], [1482.25, 2128.0], [1482.0, 9013.0], [1481.75, 49622.0], [1480.75, 2128.0], [1480.5, 53250.0], [1480.25, 92184.0], [1480.0, 2584.0], [1479.25, 2202.0], [1479.0, 17512.0]], "asks": [[1486.0, 14441.0], [1486.25, 18288.0], [1486.5, 2743.0], [1486.75, 9553.0], [1487.0, 27013.0], [1487.25, 643.0], [1487.5, 2786.0], [1487.75, 2755.0], [1488.0, 2143.0], [1488.25, 647.0], [1488.5, 15022.0], [1488.75, 44616.0], [1489.0, 92143.0], [1489.25, 51263.0], [1489.75, 49817.0], [1491.25, 2152.0], [1491.75, 180000.0], [1492.0, 400.0], [1493.25, 2156.0], [1493.5, 2149.0]]}}}
{"jsonrpc": "2.0", "method": "subscription", "params": {"channel": "book.ETH-18APR25.none.20.100ms", "data": {"timestamp": 1744212877548, "change_id": 65088684190, "instrument_name": "ETH-18APR25", "bids": [[1486.75, 810.0], [1486.5, 6540.0], [1486.25, 16161.0], [1486.0, 3510.0], [1485.75, 4819.0], [1485.5, 7063.0], [1485.0, 1846.0], [1484.75, 6551.0], [1484.5, 1326.0], [1484.25, 398.0], [1484.0, 1723.0], [1483.75, 7464.0], [1483.5, 20871.0], [1483.25, 1350.0], [1483.0, 36916.0], [1482.5, 1372.0], [1482.25, 1367.0], [1481.75, 8213.0], [1481.5, 1338.0], [1481.0, 1738.0]], "asks": [[1487.25, 17864.0], [1487.5, 8264.0], [1487.75, 810.0], [1488.0, 2700.0], [1488.25, 1829.0], [1488.5, 6095.0], [1489.0, 810.0], [1489.25, 3908.0], [1489.5, 10020.0], [1489.75, 31501.0], [1490.0, 38795.0], [1490.25, 1317.0], [1490.75, 38531.0], [1492.25, 1348.0], [1492.5, 400.0], [1492.75, 1337.0], [1493.0, 36777.0], [1494.75, 2675.0], [1495.0, 1350.0], [1495.25, 1325.0]]}}}
{"jsonrpc": "2.0", "method": "subscription", "params": {"channel": "book.ETH-11APR25.none.20.100ms", "data": {"timestamp": 1744212877907, "change_id": 65088684702, "instrument_name": "ETH-11APR25", "bids": [[1485.5, 3848.0], [1485.25, 17325.0], [1485.0, 16988.0], [1484.75, 2795.0], [1484.5, 10358.0], [1484.25, 28159.0], [1484.0, 2571.0], [1483.75, 2743.0], [1483.5, 2764.0], [1483.25, 10270.0], [1483.0, 26963.0], [1482.25, 2128.0], [1482.0, 9013.0], [1481.75, 49622.0], [1480.75, 2128.0], [1480.5, 53250.0], [1480.25, 92184.0], [1480.0, 2584.0], [1479.25, 2202.0], [1479.0, 17512.0]], "asks": [[1486.0, 7867.0], [1486.25, 20875.0], [1486.5, 2743.0], [1486.75, 9553.0], [1487.0, 27013.0], [1487.25, 643.0], [1487.5, 2786.0], [1487.75, 2755.0], [1488.0, 2143.0], [1488.25, 647.0], [1488.5, 15022.0], [1488.75, 44616.0], [1489.0, 92143.0], [1489.25, 51263.0], [1489.75, 49817.0], [1491.25, 2152.0], [1491.75, 180000.0], [1492.0, 400.0], [1493.25, 2156.0], [1493.5, 2149.0]]}}}
{"jsonrpc": "2.0", "method": "subscription", "params": {"channel": "book.ETH-18APR25.none.20.100ms", "data": {"timestamp": 1744212877800, "change_id": 65088684625, "instrument_name": "ETH-18APR25", "bids": [[1486.75, 810.0], [1486.5, 6540.0], [1486.25, 16161.0], [1486.0, 3510.0], [1485.75, 4819.0], [1485.5, 7063.0], [1485.0, 1846.0], [1484.75, 6551.0], [1484.5, 1326.0], [1484.25, 398.0], [1484.0, 1723.0], [1483.75, 7464.0], [1483.5, 20871.0], [1483.25, 1350.0], [1483.0, 36916.0], [1482.5, 1372.0], [1482.25, 1367.0], [1481.75, 8213.0], [1481.5, 1338.0], [1481.0, 1738.0]], "asks": [[1487.25, 15385.0], [1487.75, 810.0], [1488.0, 2700.0], [1488.25, 1829.0], [1488.5, 6095.0], [1489.0, 810.0], [1489.25, 3908.0], [1489.5, 10020.0], [1489.75, 31501.0], [1490.0, 38795.0], [1490.25, 1317.0], [1490.75, 38531.0], [1492.25, 1348.0], [1492.5, 400.0], [1492.75, 1337.0], [1493.0, 36777.0], [1494.75, 2675.0], [1495.0, 1350.0], [1495.25, 1325.0], [1495.5, 1750.0]]}}}
{"jsonrpc": "2.0", "method": "subscription", "params": {"channel": "book.ETH-11APR25.none.20.100ms", "data": {"timestamp": 1744212878226, "change_id": 65088684916, "instrument_name": "ETH-11APR25", "bids": [[1485.5, 7448.0], [1485.25, 17325.0], [1485.0, 16988.0], [1484.75, 2795.0], [1484.5, 10358.0], [1484.25, 28159.0], [1484.0, 2571.0], [1483.75, 2743.0], [1483.5, 2764.0], [1483.25, 10270.0], [1483.0, 26963.0], [1482.25, 2128.0], [1482.0, 9013.0], [1481.75, 49622.0], [1480.75, 2128.0], [1480.5, 53250.0], [1480.25, 92184.0], [1480.0, 2584.0], [1479.25, 2202.0], [1479.0, 17512.0]], "asks": [[1486.0, 10192.0], [1486.25, 28274.0], [1486.5, 2743.0], [1486.75, 9553.0], [1487.0, 27013.0], [1487.25, 643.0], [1487.5, 2786.0], [1487.75, 2755.0], [1488.0, 2143.0], [1488.25, 647.0], [1488.5, 15022.0], [1488.75, 44616.0], [1489.0, 92143.0], [1489.25, 51263.0], [1489.75, 49817.0], [1491.25, 2152.0], [1491.75, 180000.0], [1492.0, 400.0], [1493.25, 2156.0], [1493.5, 2149.0]]}}}
{"jsonrpc": "2.0", "method": "subscription", "params": {"channel": "book.ETH-18APR25.none.20.100ms", "data": {"timestamp": 1744212878134, "change_id": 65088684837, "instrument_name": "ETH-18APR25", "bids": [[1486.75, 3510.0], [1486.5, 6540.0], [1486.25, 16161.0], [1486.0, 3510.0], [1485.75, 4819.0], [1485.5, 7063.0], [1485.0, 1846.0], [1484.75, 6551.0], [1484.5, 1326.0], [1484.25, 398.0], [1484.0, 1723.0], [1483.75, 7464.0], [1483.5, 20871.0], [1483.25, 1350.0], [1483.0, 36916.0], [1482.5, 1372.0], [1482.25, 1367.0], [1481.75, 8213.0], [1481.5, 1338.0], [1481.0, 1738.0]], "asks": [[1487.25, 20088.0], [1487.75, 810.0], [1488.0, 2700.0], [1488.25, 1829.0], [1488.5, 6095.0], [1489.0, 810.0], [1489.25, 3908.0], [1489.5, 10020.0], [1489.75, 31501.0], [1490.0, 38795.0], [1490.25, 1317.0], [1490.75, 38531.0], [1492.25, 1348.0], [1492.5, 400.0], [1492.75, 1337.0], [1493.0, 36777.0], [1494.75, 2675.0], [1495.0, 1350.0], [1495.25, 1325.0], [1495.5, 1750.0]]}}}
{"jsonrpc": "2.0", "method": "subscription", "params": {"channel": "book.ETH-11APR25.none.20.100ms", "data": {"timestamp": 1744212878347, "change_id": 65088684952, "instrument_name": "ETH-11APR25", "bids": [[1485.5, 7448.0], [1485.25, 17325.0], [1485.0, 16988.0], [1484.75, 2795.0], [1484.5, 10358.0], [1484.25, 28159.0], [1484.0, 2571.0], [1483.75, 2743.0], [1483.5, 2764.0], [1483.25, 10270.0], [1483.0, 26963.0], [1482.25, 2128.0], [1482.0, 9013.0], [1481.75, 49622.0], [1480.75, 2128.0], [1480.5, 53250.0], [1480.25, 92184.0], [1480.0, 2584.0], [1479.25, 2202.0], [1479.0, 17512.0]], "asks": [[1486.0, 10192.0], [1486.25, 20875.0], [1486.5, 2743.0], [1486.75, 9553.0], [1487.0, 27013.0], [1487.25, 643.0], [1487.5, 2786.0], [1487.75, 2755.0], [1488.0, 2143.0], [1488.25, 647.0], [1488.5, 15022.0], [1488.75, 44616.0], [1489.0, 92143.0], [1489.25, 51263.0], [1489.75, 49817.0], [1491.25, 2152.0], [1491.75, 180000.0], [1492.0, 400.0], [1493.25, 2156.0], [1493.5, 2149.0]]}}}
{"jsonrpc": "2.0", "method": "subscription", "params": {"channel": "book.ETH-18APR25.none.20.100ms", "data": {"timestamp": 1744212878349, "change_id": 65088684954, "instrument_name": "ETH-18APR25", "bids": [[1486.75, 3510.0], [1486.5, 6540.0], [1486.25, 16161.0], [1486.0, 3510.0], [1485.75, 4819.0], [1485.5, 7063.0], [1485.0, 1846.0], [1484.75, 6551.0], [1484.5, 1326.0], [1484.25, 398.0], [1484.0, 1723.0], [1483.75, 7464.0], [1483.5, 20871.0], [1483.25, 1350.0], [1483.0, 36916.0], [1482.5, 1372.0], [1482.25, 1367.0], [1481.75, 8213.0], [1481.5, 1338.0], [1481.0, 1738.0]], "asks": [[1487.25, 12685.0], [1487.75, 810.0], [1488.0, 2700.0], [1488.25, 1829.0], [1488.5, 6095.0], [1489.0, 810.0], [1489.25, 3908.0], [1489.5, 10020.0], [1489.75, 31501.0], [1490.0, 38795.0], [1490.25, 1317.0], [1490.75, 38531.0], [1492.25, 1348.0], [1492.5, 400.0], [1492.75, 1337.0], [1493.0, 36777.0], [1494.75, 2675.0], [1495.0, 1350.0], [1495.25, 1325.0], [1495.5, 1750.0]]}}}
{"jsonrpc": "2.0", "method": "subscription", "params": {"channel": "book.ETH-18APR25.none.20.100ms", "data": {"timestamp": 1744212878858, "change_id": 65088685520, "instrument_name": "ETH-18APR25", "bids": [[1486.75, 4184.0], [1486.5, 9125.0], [1486.25, 13576.0], [1486.0, 3510.0], [1485.75, 4819.0], [1485.5, 7063.0], [1485.0, 1846.0], [1484.75, 6551.0], [1484.5, 1326.0], [1484.25, 398.0], [1484.0, 1723.0], [1483.75, 7464.0], [1483.5, 20871.0], [1483.25, 1350.0], [1483.0, 36916.0], [1482.5, 1372.0], [1482.25, 1367.0], [1481.75, 8213.0], [1481.5, 1338.0], [1481.0, 1738.0]], "asks": [[1487.25, 12832.0], [1487.5, 11693.0], [1487.75, 810.0], [1488.0, 2700.0], [1488.25, 1829.0], [1488.5, 6095.0], [1489.0, 810.0], [1489.25, 3908.0], [1489.5, 10020.0], [1489.75, 31501.0], [1490.0, 38795.0], [1490.25, 1317.0], [1490.75, 38531.0], [1492.25, 1348.0], [1492.5, 400.0], [1492.75, 1337.0], [1493.0, 36777.0], [1494.75, 2675.0], [1495.0, 1350.0], [1495.25, 1325.0]]}}}
{"jsonrpc": "2.0", "method": "subscription", "params": {"channel": "book.ETH-11APR25.none.20.100ms", "data": {"timestamp": 1744212879202, "change_id": 65088685731, "instrument_name": "ETH-11APR25", "bids": [[1485.5, 7448.0], [1485.25, 17325.0], [1485.0, 16988.0], [1484.75, 2795.0], [1484.5, 10358.0], [1484.25, 28159.0], [1484.0, 2571.0], [1483.75, 2743.0], [1483.5, 2764.0], [1483.25, 10270.0], [1483.0, 26963.0], [1482.25, 2128.0], [1482.0, 9013.0], [1481.75, 49622.0], [1480.75, 2128.0], [1480.5, 53250.0], [1480.25, 92184.0], [1480.0, 2584.0], [1479.25, 2202.0], [1479.0, 17512.0]], "asks": [[1486.0, 13792.0], [1486.25, 28106.0], [1486.5, 2743.0], [1486.75, 9553.0], [1487.0, 27013.0], [1487.25, 643.0], [1487.5, 2786.0], [1487.75, 2755.0], [1488.0, 2143.0], [1488.25, 647.0], [1488.5, 15022.0], [1488.75, 44616.0], [1489.0, 92143.0], [1489.25, 51263.0], [1489.75, 49817.0], [1491.25, 2152.0], [1491.75, 180000.0], [1492.0, 400.0], [1493.25, 2156.0], [1493.5, 2149.0]]}}}
{"jsonrpc": "2.0", "method": "subscription", "params": {"channel": "book.ETH-18APR25.none.20.100ms", "data": {"timestamp": 1744212879209, "change_id": 65088685736, "instrument_name": "ETH-18APR25", "bids": [[1486.75, 2700.0], [1486.5, 9125.0], [1486.25, 13576.0], [1486.0, 3510.0], [1485.75, 4819.0], [1485.5, 7063.0], [1485.0, 1846.0], [1484.75, 6551.0], [1484.5, 1326.0], [1484.25, 398.0], [1484.0, 1723.0], [1483.75, 7464.0], [1483.5, 20871.0], [1483.25, 1350.0], [1483.0, 36916.0], [1482.5, 1372.0], [1482.25, 1367.0], [1481.75, 8213.0], [1481.5, 1338.0], [1481.0, 1738.0]], "asks": [[1487.25, 13576.0], [1487.5, 2585.0], [1487.75, 810.0], [1488.0, 2700.0], [1488.25, 1829.0], [1488.5, 6095.0], [1489.0, 810.0], [1489.25, 3908.0], [1489.5, 10020.0], [1489.75, 31501.0], [1490.0, 38795.0], [1490.25, 1317.0], [1490.75, 38531.0], [1492.25, 1348.0], [1492.5, 400.0], [1492.75, 1337.0], [1493.0, 36777.0], [1494.75, 2675.0], [1495.0, 1350.0], [1495.25, 1325.0]]}}}
{"jsonrpc": "2.0", "method": "subscription", "params": {"channel": "book.ETH-11APR25.none.20.100ms", "data": {"timestamp": 1744212879486, "change_id": 65088685938, "instrument_name": "ETH-11APR25", "bids": [[1485.5, 7448.0], [1485.25, 17325.0], [1485.0, 16988.0], [1484.75, 2795.0], [1484.5, 10358.0], [1484.25, 28159.0], [1484.0, 2571.0], [1483.75, 2743.0], [1483.5, 2764.0], [1483.25, 10270.0], [1483.0, 26963.0], [1482.25, 2128.0], [1482.0, 9013.0], [1481.75, 49622.0], [1480.75, 2128.0], [1480.5, 53250.0], [1480.25, 92184.0], [1480.0, 2584.0], [1479.25, 2202.0], [1479.0, 17512.0]], "asks": [[1486.0, 10192.0], [1486.25, 20875.0], [1486.5, 2743.0], [1486.75, 9553.0], [1487.0, 27013.0], [1487.25, 643.0], [1487.5, 2786.0], [1487.75, 2755.0], [1488.0, 2143.0], [1488.25, 647.0], [1488.5, 15022.0], [1488.75, 44616.0], [1489.0, 92143.0], [1489.25, 51263.0], [1489.75, 49817.0], [1491.25, 2152.0], [1491.75, 180000.0], [1492.0, 400.0], [1493.25, 2156.0], [1493.5, 2149.0]]}}}
{"jsonrpc": "2.0", "method": "subscription", "params": {"channel": "book.ETH-18APR25.none.20.100ms", "data": {"timestamp": 1744212879686, "change_id": 65088686253, "instrument_name": "ETH-18APR25", "bids": [[1486.75, 4286.0], [1486.5, 9125.0], [1486.25, 13576.0], [1486.0, 3510.0], [1485.75, 4819.0], [1485.5, 7063.0], [1485.0, 1846.0], [1484.75, 6551.0], [1484.5, 1326.0], [1484.25, 398.0], [1484.0, 1723.0], [1483.75, 7464.0], [1483.5, 20871.0], [1483.25, 1350.0], [1483.0, 36916.0], [1482.5, 1372.0], [1482.25, 1367.0], [1481.75, 8213.0], [1481.5, 1338.0], [1481.0, 1738.0]], "asks": [[1487.25, 25747.0], [1487.5, 2585.0], [1487.75, 810.0], [1488.0, 2700.0], [1488.25, 1829.0], [1488.5, 6095.0], [1489.0, 810.0], [1489.25, 3908.0], [1489.5, 10020.0], [1489.75, 31501.0], [1490.0, 38795.0], [1490.25, 1317.0], [1490.75, 38531.0], [1492.25, 1348.0], [1492.5, 400.0], [1492.75, 1337.0], [1493.0, 36777.0], [1494.75, 2675.0], [1495.0, 1350.0], [1495.25, 1325.0]]}}}
{"jsonrpc": "2.0", "method": "subscription", "params": {"channel": "book.ETH-11APR25.none.20.100ms", "data": {"timestamp": 1744212880119, "change_id": 65088686519, "instrument_name": "ETH-11APR25", "bids": [[1485.75, 3600.0], [1485.5, 7448.0], [1485.25, 17325.0], [1485.0, 16988.0], [1484.75, 2795.0], [1484.5, 2755.0], [1484.25, 2814.0], [1484.0, 27916.0], [1483.75, 2743.0], [1483.5, 2764.0], [1483.25, 10270.0], [1483.0, 26963.0], [1482.25, 2128.0], [1482.0, 9013.0], [1481.75, 49622.0], [1480.75, 2128.0], [1480.5, 53250.0], [1480.25, 92184.0], [1480.0, 2584.0], [1479.25, 2202.0]], "asks": [[1486.0, 2500.0], [1486.25, 20875.0], [1486.5, 2743.0], [1486.75, 9553.0], [1487.0, 27013.0], [1487.25, 643.0], [1487.5, 2786.0], [1487.75, 2755.0], [1488.0, 2143.0], [1488.25, 647.0], [1488.5, 15022.0], [1488.75, 44616.0], [1489.0, 92143.0], [1489.25, 51263.0], [1489.75, 49817.0], [1491.25, 2152.0], [1491.75, 180000.0], [1492.0, 400.0], [1493.25, 2156.0], [1493.5, 2149.0]]}}}
{"jsonrpc": "2.0", "method": "subscription", "params": {"channel": "book.ETH-18APR25.none.20.100ms", "data": {"timestamp": 1744212880090, "change_id": 65088686498, "instrument_name": "ETH-18APR25", "bids": [[1486.75, 4286.0], [1486.5, 9125.0], [1486.25, 13576.0], [1486.0, 3510.0], [1485.75, 4819.0], [1485.5, 7063.0], [1484.75, 2194.0], [1484.5, 7479.0], [1484.25, 398.0], [1484.0, 1723.0], [1483.75, 7464.0], [1483.5, 20871.0], [1483.25, 1350.0], [1483.0, 36916.0], [1482.5, 1372.0], [1482.25, 1367.0], [1481.75, 8213.0], [1481.5, 1338.0], [1481.0, 1738.0], [1480.75, 36551.0]], "asks": [[1487.25, 13576.0], [1487.5, 2585.0], [1487.75, 810.0], [1488.0, 2700.0], [1488.25, 1829.0], [1488.5, 6095.0], [1489.0, 810.0], [1489.25, 3908.0], [1489.5, 10020.0], [1489.75, 31501.0], [1490.0, 38795.0], [1490.25, 1317.0], [1490.75, 38531.0], [1492.25, 1348.0], [1492.5, 400.0], [1492.75, 1337.0], [1493.0, 36777.0], [1494.75, 2675.0], [1495.0, 1350.0], [1495.25, 1325.0]]}}}
{"jsonrpc": "2.0", "method": "subscription", "params": {"channel": "book.ETH-18APR25.none.20.100ms", "data": {"timestamp": 1744212880516, "change_id": 65088686812, "instrument_name": "ETH-18APR25", "bids": [[1486.75, 4286.0], [1486.5, 9125.0], [1486.25, 13576.0], [1486.0, 3510.0], [1485.75, 4819.0], [1485.5, 7063.0], [1484.75, 2194.0], [1484.5, 7479.0], [1484.25, 398.0], [1484.0, 1723.0], [1483.75, 7464.0], [1483.5, 20871.0], [1483.25, 1350.0], [1483.0, 36916.0], [1482.5, 1372.0], [1482.25, 1367.0], [1481.75, 8213.0], [1481.5, 1338.0], [1481.0, 1738.0], [1480.75, 36551.0]], "asks": [[1487.25, 17940.0], [1487.5, 17457.0], [1487.75, 810.0], [1488.0, 2700.0], [1488.25, 1829.0], [1488.5, 6095.0], [1489.0, 810.0], [1489.25, 3908.0], [1489.5, 10020.0], [1489.75, 31501.0], [1490.0, 38795.0], [1490.25, 1317.0], [1490.75, 38531.0], [1492.25, 1348.0], [1492.5, 400.0], [1492.75, 1337.0], [1493.0, 36777.0], [1494.75, 2675.0], [1495.0, 1350.0], [1495.25, 1325.0]]}}}
{"jsonrpc": "2.0", "method": "subscription", "params": {"channel": "book.ETH-11APR25.none.20.100ms", "data": {"timestamp": 1744212880691, "change_id": 65088687099, "instrument_name": "ETH-11APR25", "bids": [[1485.5, 7448.0], [1485.25, 17325.0], [1485.0, 16988.0], [1484.75, 2795.0], [1484.5, 2755.0], [1484.25, 2814.0], [1484.0, 27916.0], [1483.75, 2743.0], [1483.5, 2764.0], [1483.25, 10270.0], [1483.0, 26963.0], [1482.25, 2128.0], [1482.0, 9013.0], [1481.75, 49622.0], [1480.75, 2128.0], [1480.5, 53250.0], [1480.25, 92184.0], [1480.0, 2584.0], [1479.25, 2202.0], [1479.0, 17512.0]], "asks": [[1486.0, 8643.0], [1486.25, 20875.0], [1486.5, 2743.0], [1486.75, 9553.0], [1487.0, 27013.0], [1487.25, 643.0], [1487.5, 2786.0], [1487.75, 2755.0], [1488.0, 2143.0], [1488.25, 647.0], [1488.5, 15022.0], [1488.75, 44616.0], [1489.0, 92143.0], [1489.25, 51263.0], [1489.75, 49817.0], [1491.25, 2152.0], [1491.75, 180000.0], [1492.0, 400.0], [1493.25, 2156.0], [1493.5, 2149.0]]}}}
{"jsonrpc": "2.0", "method": "subscription", "params": {"channel": "book.ETH-11APR25.none.20.100ms", "data": {"timestamp": 1744212881184, "change_id": 65088687437, "instrument_name": "ETH-11APR25", "bids": [[1485.5, 7448.0], [1485.25, 17325.0], [1485.0, 16988.0], [1484.75, 2795.0], [1484.5, 2755.0], [1484.25, 10336.0], [1484.0, 27916.0], [1483.75, 2743.0], [1483.5, 2764.0], [1483.25, 10270.0], [1483.0, 26963.0], [1482.25, 2128.0], [1482.0, 9013.0], [1481.75, 49622.0], [1480.75, 2128.0], [1480.5, 53250.0], [1480.25, 92184.0], [1480.0, 2584.0], [1479.25, 2202.0], [1479.0, 17512.0]], "asks": [[1486.0, 8643.0], [1486.25, 20875.0], [1486.5, 2743.0], [1486.75, 9553.0], [1487.0, 27013.0], [1487.25, 643.0], [1487.5, 2786.0], [1487.75, 2755.0], [1488.0, 2143.0], [1488.25, 647.0], [1488.5, 15022.0], [1488.75, 44616.0], [1489.0, 92143.0], [1489.25, 51263.0], [1489.75, 49817.0], [1491.25, 2152.0], [1491.75, 180000.0], [1492.0, 400.0], [1493.25, 2156.0], [1493.5, 2149.0]]}}}
{"jsonrpc": "2.0", "method": "subscription", "params": {"channel": "book.ETH-11APR25.none.20.100ms", "data": {"timestamp": 1744212881458, "change_id": 65088687836, "instrument_name": "ETH-11APR25", "bids": [[1485.5, 13457.0], [1485.25, 27843.0], [1485.0, 2792.0], [1484.75, 2795.0], [1484.5, 2755.0], [1484.25, 28159.0], [1484.0, 2571.0], [1483.75, 2743.0], [1483.5, 2764.0], [1483.25, 10270.0], [1483.0, 26963.0], [1482.25, 2128.0], [1482.0, 9013.0], [1481.75, 49622.0], [1480.75, 2128.0], [1480.5, 53250.0], [1480.25, 92184.0], [1480.0, 2584.0], [1479.25, 2202.0], [1479.0, 17512.0]], "asks": [[1486.0, 2500.0], [1486.25, 15127.0], [1486.5, 2743.0], [1486.75, 9553.0], [1487.0, 27013.0], [1487.25, 643.0], [1487.5, 2786.0], [1487.75, 2755.0], [1488.0, 2143.0], [1488.25, 647.0], [1488.5, 15022.0], [1488.75, 44616.0], [1489.0, 92143.0], [1489.25, 51263.0], [1489.75, 49817.0], [1491.25, 2152.0], [1491.75, 180000.0], [1492.0, 400.0], [1493.25, 2156.0], [1493.5, 2149.0]]}}}
{"jsonrpc": "2.0", "method": "subscription", "params": {"channel": "book.ETH-18APR25.none.20.100ms", "data": {"timestamp": 1744212881461, "change_id": 65088687839, "instrument_name": "ETH-18APR25", "bids": [[1486.75, 4286.0], [1486.5, 9125.0], [1486.25, 13576.0], [1486.0, 3510.0], [1485.75, 4819.0], [1485.5, 7063.0], [1485.0, 1846.0], [1484.75, 6551.0], [1484.5, 1326.0], [1484.25, 398.0], [1484.0, 1723.0], [1483.75, 7464.0], [1483.5, 20871.0], [1483.25, 1350.0], [1483.0, 36916.0], [1482.5, 1372.0], [1482.25, 1367.0], [1481.75, 8213.0], [1481.5, 1338.0], [1481.0, 1738.0]], "asks": [[1487.25, 15240.0], [1487.5, 17457.0], [1487.75, 810.0], [1488.0, 2700.0], [1488.25, 1829.0], [1488.5, 6095.0], [1489.0, 810.0], [1489.25, 3908.0], [1489.5, 10020.0], [1489.75, 31501.0], [1490.0, 38795.0], [1490.25, 1317.0], [1490.75, 38531.0], [1492.25, 1348.0], [1492.5, 400.0], [1492.75, 1337.0], [1493.0, 36777.0], [1494.75, 2675.0], [1495.0, 1350.0], [1495.25, 1325.0]]}}}
{"jsonrpc": "2.0", "method": "subscription", "params": {"channel": "book.ETH-11APR25.none.20.100ms", "data": {"timestamp": 1744212881890, "change_id": 65088688471, "instrument_name": "ETH-11APR25", "bids": [[1485.5, 8351.0], [1485.25, 19912.0], [1485.0, 14401.0], [1484.75, 2795.0], [1484.5, 2755.0], [1484.25, 28159.0], [1484.0, 2571.0], [1483.75, 2743.0], [1483.5, 2764.0], [1483.25, 10270.0], [1483.0, 26963.0], [1482.25, 2128.0], [1482.0, 9013.0], [1481.75, 49622.0], [1480.75, 2128.0], [1480.5, 53250.0], [1480.25, 92184.0], [1480.0, 2584.0], [1479.25, 2202.0], [1479.0, 17512.0]], "asks": [[1486.0, 6918.0], [1486.25, 15127.0], [1486.5, 2743.0], [1486.75, 9553.0], [1487.0, 27013.0], [1487.25, 643.0], [1487.5, 2786.0], [1487.75, 2755.0], [1488.0, 2143.0], [1488.25, 647.0], [1488.5, 15022.0], [1488.75, 44616.0], [1489.0, 92143.0], [1489.25, 51263.0], [1489.75, 49817.0], [1491.25, 2152.0], [1491.75, 180000.0], [1492.0, 400.0], [1493.25, 2156.0], [1493.5, 2149.0]]}}}
{"jsonrpc": "2.0", "method": "subscription", "params": {"channel": "book.ETH-18APR25.none.20.100ms", "data": {"timestamp": 1744212881849, "change_id": 65088688405, "instrument_name": "ETH-18APR25", "bids": [[1486.5, 9125.0], [1486.25, 13576.0], [1486.0, 3510.0], [1485.75, 4819.0], [1485.5, 7063.0], [1485.0, 1846.0], [1484.75, 6551.0], [1484.5, 1326.0], [1484.25, 398.0], [1484.0, 1723.0], [1483.75, 7464.0], [1483.5, 20871.0], [1483.25, 1350.0], [1483.0, 36916.0], [1482.5, 1372.0], [1482.25, 1367.0], [1481.75, 8213.0], [1481.5, 1338.0], [1481.0, 1738.0], [1480.75, 36551.0]], "asks": [[1487.0, 5730.0], [1487.25, 15240.0], [1487.5, 17457.0], [1487.75, 810.0], [1488.0, 2700.0], [1488.25, 1829.0], [1488.5, 6095.0], [1489.0, 810.0], [1489.25, 3908.0], [1489.5, 10020.0], [1489.75, 31501.0], [1490.0, 38795.0], [1490.25, 1317.0], [1490.75, 38531.0], [1492.25, 1348.0], [1492.5, 400.0], [1492.75, 1337.0], [1493.0, 36777.0], [1494.75, 2675.0], [1495.0, 1350.0]]}}}
{"jsonrpc": "2.0", "method": "subscription", "params": {"channel": "book.ETH-11APR25.none.20.100ms", "data": {"timestamp": 1744212882166, "change_id": 65088689095, "instrument_name": "ETH-11APR25", "bids": [[1485.25, 14177.0], [1485.0, 16988.0], [1484.75, 3795.0], [1484.5, 2755.0], [1484.25, 10336.0], [1484.0, 27916.0], [1483.75, 2743.0], [1483.5, 2764.0], [1483.25, 10270.0], [1483.0, 26963.0], [1482.25, 2128.0], [1482.0, 9013.0], [1481.75, 49622.0], [1480.75, 2128.0], [1480.5, 53250.0], [1480.25, 92184.0], [1480.0, 2584.0], [1479.25, 2202.0], [1479.0, 17512.0], [1478.75, 78288.0]], "asks": [[1485.75, 5430.0], [1486.0, 14821.0], [1486.25, 21707.0], [1486.5, 2743.0], [1486.75, 9553.0], [1487.0, 27013.0], [1487.25, 643.0], [1487.5, 2786.0], [1487.75, 2755.0], [1488.0, 2143.0], [1488.25, 647.0], [1488.5, 15022.0], [1488.75, 44616.0], [1489.0, 92143.0], [1489.25, 51263.0], [1489.75, 49817.0], [1490.5, 400.0], [1491.25, 2152.0], [1491.75, 180000.0], [1492.0, 400.0]]}}}
{"jsonrpc": "2.0", "method": "subscription", "params": {"channel": "book.ETH-18APR25.none.20.100ms", "data": {"timestamp": 1744212882235, "change_id": 65088689098, "instrument_name": "ETH-18APR25", "bids": [[1486.5, 3840.0], [1486.25, 16061.0], [1486.0, 3510.0], [1485.75, 4919.0], [1485.5, 7063.0], [1485.0, 1846.0], [1484.75, 6551.0], [1484.5, 1326.0], [1484.25, 398.0], [1484.0, 1723.0], [1483.75, 7464.0], [1483.5, 20871.0], [1483.25, 1350.0], [1483.0, 36916.0], [1482.5, 1372.0], [1482.25, 1367.0], [1481.75, 8213.0], [1481.5, 1338.0], [1481.0, 1738.0], [1480.75, 36551.0]], "asks": [[1487.0, 5730.0], [1487.25, 12800.0], [1487.75, 810.0], [1488.0, 2700.0], [1488.25, 1829.0], [1488.5, 6095.0], [1489.0, 810.0], [1489.25, 5238.0], [1489.5, 10020.0], [1489.75, 31501.0], [1490.0, 38795.0], [1490.25, 1317.0], [1490.75, 38531.0], [1492.25, 1348.0], [1492.5, 400.0], [1492.75, 1337.0], [1493.0, 36777.0], [1494.75, 2675.0], [1495.0, 1350.0], [1495.25, 1325.0]]}}}
{"jsonrpc": "2.0", "method": "subscription", "params": {"channel": "book.ETH-11APR25.none.20.100ms", "data": {"timestamp": 1744212882464, "change_id": 65088689590, "instrument_name": "ETH-11APR25", "bids": [[1485.25, 14077.0], [1485.0, 17338.0], [1484.75, 3795.0], [1484.5, 2755.0], [1484.25, 10336.0], [1484.0, 27916.0], [1483.75, 2743.0], [1483.5, 2764.0], [1483.25, 10270.0], [1483.0, 26963.0], [1482.25, 2128.0], [1482.0, 9013.0], [1481.75, 49622.0], [1480.75, 2128.0], [1480.5, 53250.0], [1480.25, 92184.0], [1480.0, 2584.0], [1479.25, 2202.0], [1479.0, 17512.0], [1478.75, 78288.0]], "asks": [[1485.75, 6609.0], [1486.0, 17408.0], [1486.25, 21707.0], [1486.5, 2743.0], [1486.75, 9553.0], [1487.0, 27013.0], [1487.25, 643.0], [1487.5, 2786.0], [1487.75, 2755.0], [1488.0, 2143.0], [1488.25, 647.0], [1488.5, 15022.0], [1488.75, 44616.0], [1489.0, 92143.0], [1489.25, 51263.0], [1489.75, 49817.0], [1490.5, 400.0], [1491.25, 2152.0], [1491.75, 180000.0], [1492.0, 400.0]]}}}
{"jsonrpc": "2.0", "method": "subscription", "params": {"channel": "book.ETH-18APR25.none.20.100ms", "data": {"timestamp": 1744212882585, "change_id": 65088689681, "instrument_name": "ETH-18APR25", "bids": [[1486.25, 3476.0], [1486.0, 6439.0], [1485.75, 14919.0], [1485.5, 7063.0], [1485.0, 1846.0], [1484.75, 6551.0], [1484.25, 398.0], [1484.0, 1723.0], [1483.75, 7464.0], [1483.5, 20871.0], [1483.25, 1350.0], [1483.0, 36916.0], [1482.5, 1372.0], [1482.25, 1367.0], [1481.75, 8213.0], [1481.5, 1338.0], [1481.0, 1738.0], [1480.75, 36551.0], [1480.25, 1374.0], [1480.0, 38314.0]], "asks": [[1486.75, 3540.0], [1487.0, 7037.0], [1487.25, 15285.0], [1487.75, 810.0], [1488.0, 2700.0], [1488.25, 1829.0], [1488.5, 6095.0], [1489.0, 810.0], [1489.25, 5238.0], [1489.5, 10020.0], [1489.75, 31501.0], [1490.0, 38795.0], [1490.25, 1317.0], [1490.75, 38531.0], [1492.25, 1348.0], [1492.5, 400.0], [1492.75, 1337.0], [1493.0, 36777.0], [1494.75, 2675.0], [1495.0, 1350.0]]}}}
{"jsonrpc": "2.0", "method": "subscription", "params": {"channel": "book.ETH-11APR25.none.20.100ms", "data": {"timestamp": 1744212882916, "change_id": 65088690206, "instrument_name": "ETH-11APR25", "bids": [[1485.5, 6600.0], [1485.25, 16182.0], [1485.0, 17088.0], [1484.75, 2795.0], [1484.5, 2755.0], [1484.25, 10336.0], [1484.0, 27916.0], [1483.75, 2743.0], [1483.5, 2764.0], [1483.25, 10270.0], [1483.0, 26963.0], [1482.25, 2128.0], [1482.0, 9013.0], [1481.75, 49622.0], [1480.75, 2128.0], [1480.5, 53250.0], [1480.25, 92184.0], [1480.0, 2584.0], [1479.25, 2202.0], [1479.0, 17512.0]], "asks": [[1486.0, 9216.0], [1486.25, 21607.0], [1486.5, 2743.0], [1486.75, 9553.0], [1487.0, 27013.0], [1487.25, 643.0], [1487.5, 2786.0], [1487.75, 2755.0], [1488.0, 2143.0], [1488.25, 647.0], [1488.5, 15022.0], [1488.75, 44616.0], [1489.0, 92143.0], [1489.25, 51263.0], [1489.75, 49817.0], [1490.5, 400.0], [1491.25, 2152.0], [1491.75, 180000.0], [1492.0, 400.0], [1493.25, 2156.0]]}}}
{"jsonrpc": "2.0", "method": "subscription", "params": {"channel": "book.ETH-18APR25.none.20.100ms", "data": {"timestamp": 1744212882808, "change_id": 65088690202, "instrument_name": "ETH-18APR25", "bids": [[1486.5, 4158.0], [1486.25, 8998.0], [1486.0, 13610.0], [1485.75, 4819.0], [1485.5, 7063.0], [1485.0, 1846.0], [1484.75, 6551.0], [1484.25, 398.0], [1484.0, 1723.0], [1483.75, 7464.0], [1483.5, 20871.0], [1483.25, 1350.0], [1483.0, 36916.0], [1482.5, 1372.0], [1482.25, 1367.0], [1481.75, 8213.0], [1481.5, 1338.0], [1481.0, 1738.0], [1480.75, 36551.0], [1480.25, 1374.0]], "asks": [[1487.0, 8617.0], [1487.25, 24870.0], [1487.75, 810.0], [1488.0, 2700.0], [1488.25, 1829.0], [1488.5, 6095.0], [1489.0, 810.0], [1489.25, 5238.0], [1489.5, 10020.0], [1489.75, 31501.0], [1490.0, 38795.0], [1490.25, 1317.0], [1490.75, 38531.0], [1492.25, 1348.0], [1492.5, 400.0], [1492.75, 1337.0], [1493.0, 36777.0], [1494.75, 2675.0], [1495.0, 1350.0], [1495.25, 1325.0]]}}}
{"jsonrpc": "2.0", "method": "subscription", "params": {"channel": "book.ETH-11APR25.none.20.100ms", "data": {"timestamp": 1744212883242, "change_id": 65088691219, "instrument_name": "ETH-11APR25", "bids": [[1485.75, 3600.0], [1485.5, 11155.0], [1485.25, 24786.0], [1485.0, 4735.0], [1484.75, 2148.0], [1484.5, 10383.0], [1484.25, 27507.0], [1484.0, 2172.0], [1483.75, 2743.0], [1483.5, 2764.0], [1483.25, 10270.0], [1483.0, 26963.0], [1482.25, 2128.0], [1482.0, 9013.0], [1481.75, 49622.0], [1480.75, 2128.0], [1480.5, 53250.0], [1480.25, 92184.0], [1480.0, 2584.0], [1479.25, 2202.0]], "asks": [[1486.0, 10.0], [1486.25, 1390.0], [1486.5, 5238.0], [1486.75, 19870.0], [1487.0, 27013.0], [1487.5, 2682.0], [1487.75, 2511.0], [1488.0, 2143.0], [1488.5, 15421.0], [1488.75, 44217.0], [1489.0, 92143.0], [1489.25, 51263.0], [1489.75, 49817.0], [1490.5, 400.0], [1491.25, 2152.0], [1491.75, 180000.0], [1492.0, 400.0], [1493.25, 2156.0], [1493.5, 2149.0], [1493.75, 75000.0]]}}}
{"jsonrpc": "2.0", "method": "subscription", "params": {"channel": "book.ETH-18APR25.none.20.100ms", "data": {"timestamp": 1744212883242, "change_id": 65088691109, "instrument_name": "ETH-18APR25", "bids": [[1486.75, 4184.0], [1486.5, 9254.0], [1486.25, 13610.0], [1486.0, 3510.0], [1485.75, 4819.0], [1485.5, 7063.0], [1485.0, 1846.0], [1484.75, 6551.0], [1484.5, 1330.0], [1484.25, 398.0], [1484.0, 1723.0], [1483.75, 7464.0], [1483.5, 20466.0], [1483.25, 1350.0], [1483.0, 36916.0], [1482.5, 1372.0], [1482.25, 1367.0], [1481.75, 8213.0], [1481.5, 1338.0], [1481.0, 1738.0]], "asks": [[1487.25, 806.0], [1487.5, 5685.0], [1487.75, 10810.0], [1488.0, 3510.0], [1488.25, 4529.0], [1488.5, 6095.0], [1489.0, 810.0], [1489.25, 3908.0], [1489.5, 10020.0], [1489.75, 31501.0], [1490.0, 38795.0], [1490.25, 1317.0], [1490.75, 38531.0], [1492.25, 1348.0], [1492.5, 400.0], [1492.75, 1337.0], [1493.0, 36777.0], [1494.75, 2675.0], [1495.0, 1350.0], [1495.25, 1325.0]]}}}
{"jsonrpc": "2.0", "method": "subscription", "params": {"channel": "book.ETH-11APR25.none.20.100ms", "data": {"timestamp": 1744212883277, "change_id": 65088691275, "instrument_name": "ETH-11APR25", "bids": [[1485.75, 3600.0], [1485.5, 11155.0], [1485.25, 24786.0], [1485.0, 19586.0], [1484.75, 2148.0], [1484.5, 10383.0], [1484.25, 27507.0], [1484.0, 2172.0], [1483.75, 2743.0], [1483.5, 2764.0], [1483.25, 10270.0], [1483.0, 26963.0], [1482.25, 2128.0], [1482.0, 9013.0], [1481.75, 49622.0], [1480.75, 2128.0], [1480.5, 53250.0], [1480.25, 92184.0], [1480.0, 2584.0], [1479.25, 2202.0]], "asks": [[1486.0, 10.0], [1486.25, 4274.0], [1486.5, 15238.0], [1486.75, 9870.0], [1487.0, 27013.0], [1487.5, 2682.0], [1487.75, 2511.0], [1488.0, 2143.0], [1488.5, 15421.0], [1488.75, 44217.0], [1489.0, 92143.0], [1489.25, 51263.0], [1489.75, 49817.0], [1490.5, 400.0], [1491.25, 2152.0], [1491.75, 180000.0], [1492.0, 400.0], [1493.25, 2156.0], [1493.5, 2149.0], [1493.75, 75000.0]]}}}
{"jsonrpc": "2.0", "method": "subscription", "params": {"channel": "book.ETH-18APR25.none.20.100ms", "data": {"timestamp": 1744212883492, "change_id": 65088691591, "instrument_name": "ETH-18APR25", "bids": [[1487.0, 3510.0], [1486.75, 4184.0], [1486.5, 9254.0], [1486.25, 13610.0], [1486.0, 5228.0], [1485.75, 9063.0], [1485.5, 1000.0], [1485.0, 1846.0], [1484.75, 6551.0], [1484.5, 1330.0], [1484.25, 398.0], [1484.0, 1723.0], [1483.75, 7464.0], [1483.5, 20466.0], [1483.25, 1350.0], [1483.0, 36916.0], [1482.5, 1372.0], [1482.25, 1367.0], [1481.75, 8213.0], [1481.5, 1338.0]], "asks": [[1487.5, 27559.0], [1487.75, 810.0], [1488.0, 3510.0], [1488.25, 4529.0], [1488.5, 6095.0], [1489.0, 810.0], [1489.25, 3908.0], [1489.5, 10020.0], [1489.75, 31501.0], [1490.0, 38795.0], [1490.25, 1317.0], [1490.75, 38531.0], [1492.25, 1348.0], [1492.5, 400.0], [1492.75, 1337.0], [1493.0, 36777.0], [1494.75, 2675.0], [1495.0, 1350.0], [1495.25, 1325.0], [1495.5, 1750.0]]}}}
{"jsonrpc": "2.0", "method": "subscription", "params": {"channel": "book.ETH-11APR25.none.20.100ms", "data": {"timestamp": 1744212883838, "change_id": 65088692180, "instrument_name": "ETH-11APR25", "bids": [[1485.75, 3600.0], [1485.5, 21255.0], [1485.25, 14686.0], [1485.0, 19586.0], [1484.75, 2148.0], [1484.5, 10383.0], [1484.25, 27507.0], [1484.0, 2172.0], [1483.75, 2743.0], [1483.5, 2764.0], [1483.25, 10270.0], [1483.0, 26963.0], [1482.25, 2128.0], [1482.0, 9013.0], [1481.75, 49622.0], [1480.75, 2128.0], [1480.5, 53250.0], [1480.25, 92184.0], [1480.0, 2584.0], [1479.25, 2202.0]], "asks": [[1486.0, 10.0], [1486.25, 4274.0], [1486.5, 15238.0], [1486.75, 9870.0], [1487.0, 27013.0], [1487.5, 2682.0], [1487.75, 2511.0], [1488.0, 2143.0], [1488.5, 15421.0], [1488.75, 44217.0], [1489.0, 92143.0], [1489.25, 51263.0], [1489.75, 49817.0], [1490.5, 400.0], [1491.25, 2152.0], [1491.75, 180000.0], [1492.0, 400.0], [1493.25, 2156.0], [1493.5, 2149.0], [1493.75, 75000.0]]}}}
{"jsonrpc": "2.0", "method": "subscription", "params": {"channel": "book.ETH-11APR25.none.20.100ms", "data": {"timestamp": 1744212884224, "change_id": 65088692546, "instrument_name": "ETH-11APR25", "bids": [[1485.5, 19150.0], [1485.25, 23055.0], [1485.0, 16999.0], [1484.75, 2148.0], [1484.5, 10383.0], [1484.25, 27507.0], [1484.0, 2172.0], [1483.75, 2743.0], [1483.5, 2764.0], [1483.25, 10270.0], [1483.0, 26963.0], [1482.25, 2128.0], [1482.0, 9013.0], [1481.75, 49622.0], [1480.75, 2128.0], [1480.5, 53250.0], [1480.25, 92184.0], [1480.0, 2584.0], [1479.25, 2202.0], [1479.0, 17512.0]], "asks": [[1486.0, 1731.0], [1486.25, 11024.0], [1486.5, 13127.0], [1486.75, 9870.0], [1487.0, 27013.0], [1487.5, 2682.0], [1487.75, 2511.0], [1488.0, 2143.0], [1488.5, 15421.0], [1488.75, 44217.0], [1489.0, 92143.0], [1489.25, 51263.0], [1489.75, 49817.0], [1490.5, 400.0], [1491.25, 2152.0], [1491.75, 180000.0], [1492.0, 400.0], [1493.25, 2156.0], [1493.5, 2149.0], [1493.75, 75000.0]]}}}
{"jsonrpc": "2.0", "method": "subscription", "params": {"channel": "book.ETH-18APR25.none.20.100ms", "data": {"timestamp": 1744212884181, "change_id": 65088692477, "instrument_name": "ETH-18APR25", "bids": [[1486.75, 4184.0], [1486.5, 9254.0], [1486.25, 13610.0], [1486.0, 5228.0], [1485.75, 9063.0], [1485.5, 1000.0], [1485.0, 1846.0], [1484.75, 6551.0], [1484.5, 1330.0], [1484.25, 398.0], [1484.0, 1723.0], [1483.75, 7464.0], [1483.5, 20466.0], [1483.25, 1350.0], [1483.0, 36916.0], [1482.5, 1372.0], [1482.25, 1367.0], [1481.75, 8213.0], [1481.5, 1338.0], [1481.0, 1738.0]], "asks": [[1487.25, 7316.0], [1487.5, 15385.0], [1487.75, 810.0], [1488.0, 3510.0], [1488.25, 4529.0], [1488.5, 6095.0], [1489.0, 810.0], [1489.25, 3908.0], [1489.5, 10020.0], [1489.75, 31501.0], [1490.0, 38795.0], [1490.25, 1317.0], [1490.75, 38531.0], [1492.25, 1348.0], [1492.5, 400.0], [1492.75, 1337.0], [1493.0, 36777.0], [1494.75, 2675.0], [1495.0, 1350.0], [1495.25, 1325.0]]}}}
{"jsonrpc": "2.0", "method": "subscription", "params": {"channel": "book.ETH-11APR25.none.20.100ms", "data": {"timestamp": 1744212884249, "change_id": 65088692581, "instrument_name": "ETH-11APR25", "bids": [[1485.5, 19150.0], [1485.25, 23055.0], [1485.0, 16999.0], [1484.75, 2795.0], [1484.5, 10383.0], [1484.25, 27507.0], [1484.0, 2805.0], [1483.75, 2743.0], [1483.5, 2764.0], [1483.25, 10270.0], [1483.0, 26963.0], [1482.25, 2128.0], [1482.0, 9013.0], [1481.75, 49622.0], [1480.75, 2128.0], [1480.5, 53250.0], [1480.25, 92184.0], [1480.0, 2584.0], [1479.25, 2202.0], [1479.0, 17512.0]], "asks": [[1486.0, 1731.0], [1486.25, 11024.0], [1486.5, 13127.0], [1486.75, 9870.0], [1487.0, 27013.0], [1487.25, 643.0], [1487.5, 2682.0], [1487.75, 2511.0], [1488.0, 2143.0], [1488.25, 647.0], [1488.5, 15421.0], [1488.75, 44217.0], [1489.0, 92143.0], [1489.25, 51263.0], [1489.75, 49817.0], [1490.5, 400.0], [1491.25, 2152.0], [1491.75, 180000.0], [1492.0, 400.0], [1493.25, 2156.0]]}}}
{"jsonrpc": "2.0", "method": "subscription", "params": {"channel": "book.ETH-18APR25.none.20.100ms", "data": {"timestamp": 1744212884556, "change_id": 65088692886, "instrument_name": "ETH-18APR25", "bids": [[1486.75, 3510.0], [1486.5, 6669.0], [1486.25, 16195.0], [1486.0, 5228.0], [1485.75, 9063.0], [1485.5, 1000.0], [1485.0, 1846.0], [1484.75, 6551.0], [1484.5, 1330.0], [1484.25, 398.0], [1484.0, 1723.0], [1483.75, 7464.0], [1483.5, 20466.0], [1483.25, 1350.0], [1483.0, 36916.0], [1482.5, 1372.0], [1482.25, 1367.0], [1481.75, 8213.0], [1481.5, 1338.0], [1481.0, 1738.0]], "asks": [[1487.25, 11200.0], [1487.5, 30258.0], [1487.75, 810.0], [1488.0, 3510.0], [1488.25, 4529.0], [1488.5, 6095.0], [1489.0, 810.0], [1489.25, 3908.0], [1489.5, 10020.0], [1489.75, 31501.0], [1490.0, 38795.0], [1490.25, 1317.0], [1490.75, 38531.0], [1492.25, 1348.0], [1492.5, 400.0], [1492.75, 1337.0], [1493.0, 36777.0], [1494.75, 2675.0], [1495.0, 1350.0], [1495.25, 1325.0]]}}}
{"jsonrpc": "2.0", "method": "subscription", "params": {"channel": "book.ETH-11APR25.none.20.100ms", "data": {"timestamp": 1744212884902, "change_id": 65088693977, "instrument_name": "ETH-11APR25", "bids": [[1485.25, 7335.0], [1485.0, 27088.0], [1484.75, 2795.0], [1484.5, 2367.0], [1484.25, 2162.0], [1484.0, 28150.0], [1483.75, 2110.0], [1483.5, 2110.0], [1483.25, 10270.0], [1483.0, 26963.0], [1482.25, 2128.0], [1482.0, 9013.0], [1481.75, 49622.0], [1480.75, 2128.0], [1480.5, 53250.0], [1480.25, 92184.0], [1480.0, 2584.0], [1479.25, 2202.0], [1479.0, 17512.0], [1478.75, 78288.0]], "asks": [[1485.75, 4235.0], [1486.0, 7327.0], [1486.25, 16266.0], [1486.5, 2551.0], [1486.75, 9870.0], [1487.0, 27013.0], [1487.25, 411.0], [1487.5, 2682.0], [1487.75, 2511.0], [1488.0, 2143.0], [1488.25, 236.0], [1488.5, 15421.0], [1488.75, 44217.0], [1489.0, 92143.0], [1489.25, 51263.0], [1489.75, 49817.0], [1490.5, 400.0], [1491.25, 2152.0], [1491.75, 180000.0], [1492.0, 400.0]]}}}
{"jsonrpc": "2.0", "method": "subscription", "params": {"channel": "book.ETH-18APR25.none.20.100ms", "data": {"timestamp": 1744212884889, "change_id": 65088693961, "instrument_name": "ETH-18APR25", "bids": [[1486.5, 1458.0], [1486.25, 6095.0], [1486.0, 6439.0], [1485.75, 13100.0], [1485.5, 2819.0], [1485.25, 6063.0], [1484.75, 1846.0], [1484.5, 6153.0], [1484.25, 398.0], [1484.0, 1723.0], [1483.75, 7464.0], [1483.5, 20871.0], [1483.25, 1350.0], [1483.0, 36916.0], [1482.5, 1372.0], [1482.25, 1367.0], [1481.75, 8213.0], [1481.5, 1338.0], [1481.0, 1738.0], [1480.75, 36551.0]], "asks": [[1487.0, 5840.0], [1487.25, 17416.0], [1487.5, 17573.0], [1487.75, 810.0], [1488.0, 3510.0], [1488.25, 4529.0], [1488.5, 6095.0], [1489.0, 810.0], [1489.25, 5238.0], [1489.5, 10020.0], [1489.75, 31501.0], [1490.0, 38795.0], [1490.25, 1317.0], [1490.75, 38531.0], [1492.25, 1348.0], [1492.5, 400.0], [1492.75, 1337.0], [1493.0, 36777.0], [1494.75, 2675.0], [1495.0, 1350.0]]}}}
{"jsonrpc": "2.0", "method": "subscription", "params": {"channel": "book.ETH-11APR25.none.20.100ms", "data": {"timestamp": 1744212885128, "change_id": 65088694144, "instrument_name": "ETH-11APR25", "bids": [[1485.5, 4680.0], [1485.25, 10935.0], [1485.0, 26855.0], [1484.75, 2148.0], [1484.5, 2367.0], [1484.25, 2162.0], [1484.0, 27517.0], [1483.75, 2110.0], [1483.5, 2110.0], [1483.25, 2181.0], [1483.0, 26963.0], [1482.25, 2128.0], [1482.0, 9013.0], [1481.75, 49622.0], [1480.75, 2128.0], [1480.5, 53250.0], [1480.25, 92184.0], [1480.0, 2584.0], [1479.25, 2202.0], [1479.0, 17512.0]], "asks": [[1486.0, 12899.0], [1486.25, 16266.0], [1486.5, 2551.0], [1486.75, 9870.0], [1487.0, 27013.0], [1487.25, 411.0], [1487.5, 2682.0], [1487.75, 2511.0], [1488.0, 2143.0], [1488.25, 236.0], [1488.5, 15421.0], [1488.75, 44217.0], [1489.0, 92143.0], [1489.25, 51263.0], [1489.75, 49817.0], [1490.5, 400.0], [1491.25, 2152.0], [1491.75, 180000.0], [1492.0, 400.0], [1493.25, 2156.0]]}}}
{"jsonrpc": "2.0", "method": "subscription", "params": {"channel": "book.ETH-18APR25.none.20.100ms", "data": {"timestamp": 1744212884994, "change_id": 65088694122, "instrument_name": "ETH-18APR25", "bids": [[1486.5, 4231.0], [1486.25, 8994.0], [1486.0, 13610.0], [1485.75, 3000.0], [1485.5, 2819.0], [1485.25, 6063.0], [1484.75, 1846.0], [1484.5, 6153.0], [1484.25, 398.0], [1484.0, 1723.0], [1483.75, 7464.0], [1483.5, 20871.0], [1483.25, 1350.0], [1483.0, 36916.0], [1482.5, 1372.0], [1482.25, 1367.0], [1481.75, 8213.0], [1481.5, 1338.0], [1481.0, 1738.0], [1480.75, 36551.0]], "asks": [[1487.0, 5940.0], [1487.25, 16095.0], [1487.5, 2700.0], [1487.75, 810.0], [1488.0, 3510.0], [1488.25, 4529.0], [1488.5, 6095.0], [1489.0, 810.0], [1489.25, 5238.0], [1489.5, 10020.0], [1489.75, 31501.0], [1490.0, 38400.0], [1490.25, 1317.0], [1490.75, 38531.0], [1492.25, 1348.0], [1492.5, 400.0], [1492.75, 1337.0], [1493.0, 36777.0], [1494.75, 2675.0], [1495.0, 1350.0]]}}}
{"jsonrpc": "2.0", "method": "subscription", "params": {"channel": "book.ETH-11APR25.none.20.100ms", "data": {"timestamp": 1744212885447, "change_id": 65088694596, "instrument_name": "ETH-11APR25", "bids": [[1485.5, 4680.0], [1485.25, 10935.0], [1485.0, 26855.0], [1484.75, 2795.0], [1484.5, 2367.0], [1484.25, 2162.0], [1484.0, 28150.0], [1483.75, 2110.0], [1483.5, 2110.0], [1483.25, 2181.0], [1483.0, 26963.0], [1482.25, 2128.0], [1482.0, 9013.0], [1481.75, 49622.0], [1480.75, 2128.0], [1480.5, 53250.0], [1480.25, 92184.0], [1480.0, 2584.0], [1479.25, 2202.0], [1479.0, 17512.0]], "asks": [[1486.0, 16236.0], [1486.25, 31128.0], [1486.5, 2551.0], [1486.75, 9870.0], [1487.0, 27013.0], [1487.25, 411.0], [1487.5, 2682.0], [1487.75, 2740.0], [1488.0, 2143.0], [1488.25, 236.0], [1488.5, 15421.0], [1488.75, 44217.0], [1489.0, 92143.0], [1489.25, 51263.0], [1489.75, 49817.0], [1490.5, 400.0], [1491.25, 2152.0], [1491.75, 180000.0], [1492.0, 400.0], [1493.25, 2156.0]]}}}
{"jsonrpc": "2.0", "method": "subscription", "params": {"channel": "book.ETH-18APR25.none.20.100ms", "data": {"timestamp": 1744212885446, "change_id": 65088694594, "instrument_name": "ETH-18APR25", "bids": [[1486.5, 4231.0], [1486.25, 8994.0], [1486.0, 13610.0], [1485.75, 3000.0], [1485.5, 2819.0], [1485.25, 6063.0], [1484.75, 1846.0], [1484.5, 6153.0], [1484.25, 398.0], [1484.0, 1723.0], [1483.75, 7464.0], [1483.5, 20871.0], [1483.25, 1350.0], [1483.0, 36916.0], [1482.5, 1372.0], [1482.25, 1367.0], [1481.75, 8213.0], [1481.5, 1338.0], [1481.0, 1738.0], [1480.75, 36551.0]], "asks": [[1487.0, 10389.0], [1487.25, 30966.0], [1487.5, 2700.0], [1487.75, 810.0], [1488.0, 3510.0], [1488.25, 4529.0], [1488.5, 6095.0], [1489.0, 810.0], [1489.25, 5238.0], [1489.5, 10020.0], [1489.75, 31501.0], [1490.0, 38400.0], [1490.25, 1317.0], [1490.75, 38531.0], [1492.25, 1348.0], [1492.5, 400.0], [1492.75, 1337.0], [1493.0, 36777.0], [1494.75, 2675.0], [1495.0, 1350.0]]}}}
{"jsonrpc": "2.0", "method": "subscription", "params": {"channel": "book.ETH-11APR25.none.20.100ms", "data": {"timestamp": 1744212885659, "change_id": 65088694857, "instrument_name": "ETH-11APR25", "bids": [[1485.5, 4680.0], [1485.25, 10935.0], [1485.0, 26855.0], [1484.75, 2795.0], [1484.5, 2367.0], [1484.25, 2162.0], [1484.0, 28150.0], [1483.75, 2110.0], [1483.5, 2110.0], [1483.25, 2181.0], [1483.0, 26963.0], [1482.25, 2128.0], [1482.0, 9013.0], [1481.75, 49622.0], [1480.75, 2128.0], [1480.5, 53250.0], [1480.25, 92184.0], [1480.0, 2584.0], [1479.25, 2202.0], [1479.0, 17512.0]], "asks": [[1486.0, 12899.0], [1486.25, 16266.0], [1486.5, 2551.0], [1486.75, 9870.0], [1487.0, 27013.0], [1487.25, 411.0], [1487.5, 2682.0], [1487.75, 2740.0], [1488.0, 2143.0], [1488.25, 236.0], [1488.5, 15421.0], [1488.75, 44217.0], [1489.0, 92143.0], [1489.25, 51263.0], [1489.75, 49817.0], [1490.5, 400.0], [1491.25, 2152.0], [1491.75, 180000.0], [1492.0, 400.0], [1493.25, 2156.0]]}}}
{"jsonrpc": "2.0", "method": "subscription", "params": {"channel": "book.ETH-11APR25.none.20.100ms", "data": {"timestamp": 1744212886087, "change_id": 65088695099, "instrument_name": "ETH-11APR25", "bids": [[1485.5, 4680.0], [1485.25, 10935.0], [1485.0, 26855.0], [1484.75, 3795.0], [1484.5, 2367.0], [1484.25, 2162.0], [1484.0, 28150.0], [1483.75, 2110.0], [1483.5, 2110.0], [1483.25, 2181.0], [1483.0, 26963.0], [1482.25, 2128.0], [1482.0, 9013.0], [1481.75, 49622.0], [1480.75, 2128.0], [1480.5, 53250.0], [1480.25, 92184.0], [1480.0, 2584.0], [1479.25, 2202.0], [1479.0, 17512.0]], "asks": [[1486.0, 14370.0], [1486.25, 29659.0], [1486.5, 2551.0], [1486.75, 9870.0], [1487.0, 27013.0], [1487.25, 411.0], [1487.5, 2682.0], [1487.75, 2740.0], [1488.0, 2143.0], [1488.25, 236.0], [1488.5, 15421.0], [1488.75, 44217.0], [1489.0, 92143.0], [1489.25, 51263.0], [1489.75, 49817.0], [1490.5, 400.0], [1491.25, 2152.0], [1491.75, 180000.0], [1492.0, 400.0], [1493.25, 2156.0]]}}}
{"jsonrpc": "2.0", "method": "subscription", "params": {"channel": "book.ETH-18APR25.none.20.100ms", "data": {"timestamp": 1744212885982, "change_id": 65088695048, "instrument_name": "ETH-18APR25", "bids": [[1486.5, 4231.0], [1486.25, 8994.0], [1486.0, 13610.0], [1485.75, 3000.0], [1485.5, 2819.0], [1485.25, 6063.0], [1484.75, 1846.0], [1484.5, 6153.0], [1484.25, 398.0], [1484.0, 1723.0], [1483.75, 7464.0], [1483.5, 20871.0], [1483.25, 1350.0], [1483.0, 36916.0], [1482.5, 1372.0], [1482.25, 1367.0], [1481.75, 8213.0], [1481.5, 1338.0], [1481.0, 1738.0], [1480.75, 36551.0]], "asks": [[1487.0, 10389.0], [1487.25, 28266.0], [1487.5, 2700.0], [1487.75, 810.0], [1488.0, 3510.0], [1488.25, 4529.0], [1488.5, 6095.0], [1489.0, 810.0], [1489.25, 5238.0], [1489.5, 10020.0], [1489.75, 31501.0], [1490.0, 38400.0], [1490.25, 1317.0], [1490.75, 38531.0], [1492.25, 1348.0], [1492.5, 400.0], [1492.75, 1337.0], [1493.0, 36777.0], [1494.75, 2675.0], [1495.0, 1350.0]]}}}
{"jsonrpc": "2.0", "method": "subscription", "params": {"channel": "book.ETH-11APR25.none.20.100ms", "data": {"timestamp": 1744212886444, "change_id": 65088695491, "instrument_name": "ETH-11APR25", "bids": [[1485.5, 8114.0], [1485.25, 23174.0], [1485.0, 14650.0], [1484.75, 3795.0], [1484.5, 2367.0], [1484.25, 10417.0], [1484.0, 28150.0], [1483.75, 2110.0], [1483.5, 2110.0], [1483.25, 10270.0], [1483.0, 26963.0], [1482.25, 2128.0], [1482.0, 9013.0], [1481.75, 49622.0], [1480.75, 2128.0], [1480.5, 53250.0], [1480.25, 92184.0], [1480.0, 2584.0], [1479.25, 2202.0], [1479.0, 17512.0]], "asks": [[1486.0, 8183.0], [1486.25, 32246.0], [1486.5, 2551.0], [1486.75, 9870.0], [1487.0, 27013.0], [1487.25, 411.0], [1487.5, 2682.0], [1487.75, 2740.0], [1488.0, 2143.0], [1488.25, 617.0], [1488.5, 15421.0], [1488.75, 44217.0], [1489.0, 92143.0], [1489.25, 51263.0], [1489.75, 49817.0], [1490.5, 400.0], [1491.25, 2152.0], [1491.75, 180000.0], [1492.0, 400.0], [1493.25, 2156.0]]}}}
{"jsonrpc": "2.0", "method": "subscription", "params": {"channel": "book.ETH-18APR25.none.20.100ms", "data": {"timestamp": 1744212886285, "change_id": 65088695531, "instrument_name": "ETH-18APR25", "bids": [[1486.5, 4231.0], [1486.25, 8994.0], [1486.0, 13610.0], [1485.75, 4781.0], [1485.5, 7063.0], [1484.75, 1846.0], [1484.5, 6153.0], [1484.25, 398.0], [1484.0, 1723.0], [1483.75, 7464.0], [1483.5, 20871.0], [1483.25, 1350.0], [1483.0, 36916.0], [1482.5, 1372.0], [1482.25, 1367.0], [1481.75, 8213.0], [1481.5, 1338.0], [1481.0, 1738.0], [1480.75, 36551.0], [1480.25, 1374.0]], "asks": [[1487.0, 8389.0], [1487.25, 26355.0], [1487.5, 5285.0], [1487.75, 810.0], [1488.0, 3510.0], [1488.25, 4529.0], [1488.5, 6095.0], [1489.0, 810.0], [1489.25, 5238.0], [1489.5, 10020.0], [1489.75, 31501.0], [1490.0, 38400.0], [1490.25, 1317.0], [1490.75, 38531.0], [1492.25, 1348.0], [1492.5, 400.0], [1492.75, 1337.0], [1493.0, 36777.0], [1494.75, 2675.0], [1495.0, 1350.0]]}}}
{"jsonrpc": "2.0", "method": "subscription", "params": {"channel": "book.ETH-11APR25.none.20.100ms", "data": {"timestamp": 1744212886870, "change_id": 65088695945, "instrument_name": "ETH-11APR25", "bids": [[1485.5, 8114.0], [1485.25, 23174.0], [1485.0, 14650.0], [1484.75, 3795.0], [1484.5, 2367.0], [1484.25, 10417.0], [1484.0, 27517.0], [1483.5, 2110.0], [1483.25, 10270.0], [1483.0, 26963.0], [1482.25, 2128.0], [1482.0, 9013.0], [1481.75, 49622.0], [1480.75, 2128.0], [1480.5, 53250.0], [1480.25, 92184.0], [1480.0, 2584.0], [1479.25, 2202.0], [1479.0, 17512.0], [1478.75, 78288.0]], "asks": [[1486.0, 9304.0], [1486.25, 32665.0], [1486.5, 2551.0], [1486.75, 9870.0], [1487.0, 27013.0], [1487.25, 411.0], [1487.5, 2682.0], [1487.75, 2740.0], [1488.0, 2143.0], [1488.25, 617.0], [1488.5, 15421.0], [1488.75, 44217.0], [1489.0, 92143.0], [1489.25, 51263.0], [1489.75, 49817.0], [1490.5, 400.0], [1491.25, 2152.0], [1491.75, 180000.0], [1492.0, 400.0], [1493.25, 2156.0]]}}}
{"jsonrpc": "2.0", "method": "subscription", "params": {"channel": "book.ETH-11APR25.none.20.100ms", "data": {"timestamp": 1744212887074, "change_id": 65088696028, "instrument_name": "ETH-11APR25", "bids": [[1485.5, 8114.0], [1485.25, 23174.0], [1485.0, 14650.0], [1484.75, 3795.0], [1484.5, 2367.0], [1484.25, 10417.0], [1484.0, 27517.0], [1483.5, 2110.0], [1483.25, 10270.0], [1483.0, 26963.0], [1482.25, 2128.0], [1482.0, 9013.0], [1481.75, 49622.0], [1480.75, 2128.0], [1480.5, 53250.0], [1480.25, 92184.0], [1480.0, 2584.0], [1479.25, 2202.0], [1479.0, 17512.0], [1478.75, 78288.0]], "asks": [[1486.0, 6408.0], [1486.25, 18853.0], [1486.5, 2551.0], [1486.75, 9870.0], [1487.0, 27013.0], [1487.25, 411.0], [1487.5, 2682.0], [1487.75, 2740.0], [1488.0, 2143.0], [1488.25, 617.0], [1488.5, 15421.0], [1488.75, 44217.0], [1489.0, 92143.0], [1489.25, 51263.0], [1489.75, 49817.0], [1490.5, 400.0], [1491.25, 2152.0], [1491.75, 180000.0], [1492.0, 400.0], [1493.25, 2156.0]]}}}
{"jsonrpc": "2.0", "method": "subscription", "params": {"channel": "book.ETH-11APR25.none.20.100ms", "data": {"timestamp": 1744212887416, "change_id": 65088697951, "instrument_name": "ETH-11APR25", "bids": [[1486.0, 3600.0], [1485.75, 18325.0], [1485.5, 6838.0], [1485.25, 5705.0], [1485.0, 2148.0], [1484.75, 2148.0], [1484.5, 2156.0], [1484.25, 2162.0], [1484.0, 2162.0], [1483.5, 2110.0], [1483.25, 2181.0], [1483.0, 26963.0], [1482.25, 2128.0], [1482.0, 9013.0], [1481.75, 49622.0], [1480.75, 2128.0], [1480.5, 53250.0], [1480.25, 92184.0], [1480.0, 2584.0], [1479.25, 2202.0]], "asks": [[1486.25, 557.0], [1486.75, 4725.0], [1487.0, 12166.0], [1487.25, 24957.0], [1487.5, 2143.0], [1487.75, 2143.0], [1488.0, 2143.0], [1488.5, 2156.0], [1488.75, 27203.0], [1489.0, 92143.0], [1489.25, 51263.0], [1491.25, 2152.0], [1491.75, 229817.0], [1492.0, 400.0], [1493.25, 2156.0], [1493.5, 2149.0], [1493.75, 75000.0], [1494.5, 2175.0], [1494.75, 2171.0], [1495.25, 2144.0]]}}}
{"jsonrpc": "2.0", "method": "subscription", "params": {"channel": "book.ETH-18APR25.none.20.100ms", "data": {"timestamp": 1744212887492, "change_id": 65088697956, "instrument_name": "ETH-18APR25", "bids": [[1487.0, 5285.0], [1486.75, 2700.0], [1486.5, 12700.0], [1486.25, 2700.0], [1486.0, 9763.0], [1485.75, 2700.0], [1485.25, 6153.0], [1484.75, 1356.0], [1484.5, 20504.0], [1484.0, 1326.0], [1483.75, 1324.0], [1483.5, 1318.0], [1483.25, 1350.0], [1483.0, 36916.0], [1482.5, 1372.0], [1482.25, 1367.0], [1481.75, 8213.0], [1481.5, 1338.0], [1481.0, 1738.0], [1480.75, 36551.0]], "asks": [[1488.0, 15285.0], [1488.25, 17800.0], [1488.5, 6095.0], [1489.25, 2700.0], [1489.5, 2700.0], [1489.75, 18663.0], [1490.25, 1317.0], [1491.5, 38400.0], [1492.25, 1348.0], [1492.5, 38931.0], [1492.75, 1337.0], [1493.0, 36777.0], [1494.75, 2675.0], [1495.0, 1350.0], [1495.25, 1325.0], [1495.5, 1750.0], [1496.0, 36400.0], [1496.5, 1366.0], [1496.75, 1331.0], [1497.0, 1351.0]]}}}
{"jsonrpc": "2.0", "method": "subscription", "params": {"channel": "book.ETH-11APR25.none.20.100ms", "data": {"timestamp": 1744212887594, "change_id": 65088698991, "instrument_name": "ETH-11APR25", "bids": [[1486.0, 3600.0], [1485.75, 18425.0], [1485.5, 18347.0], [1485.25, 20558.0], [1485.0, 2158.0], [1484.75, 27493.0], [1484.5, 2156.0], [1484.25, 2162.0], [1484.0, 2162.0], [1483.5, 2110.0], [1483.25, 2181.0], [1483.0, 26963.0], [1482.25, 2128.0], [1482.0, 9013.0], [1481.75, 49622.0], [1480.75, 2128.0], [1480.5, 53250.0], [1480.25, 92184.0], [1480.0, 2584.0], [1479.25, 2202.0]], "asks": [[1486.75, 4725.0], [1487.0, 12266.0], [1487.25, 24857.0], [1487.5, 2143.0], [1487.75, 2143.0], [1488.0, 2143.0], [1488.5, 2156.0], [1488.75, 27203.0], [1489.0, 92143.0], [1489.25, 51263.0], [1491.25, 2152.0], [1491.75, 229817.0], [1492.0, 400.0], [1493.25, 2156.0], [1493.5, 2149.0], [1493.75, 75000.0], [1494.5, 2175.0], [1494.75, 2171.0], [1495.25, 2144.0], [1495.5, 2583.0]]}}}
{"jsonrpc": "2.0", "method": "subscription", "params": {"channel": "book.ETH-18APR25.none.20.100ms", "data": {"timestamp": 1744212887848, "change_id": 65088699244, "instrument_name": "ETH-18APR25", "bids": [[1487.25, 3586.0], [1487.0, 6095.0], [1486.75, 6540.0], [1486.5, 18069.0], [1486.25, 20492.0], [1486.0, 10573.0], [1485.75, 2700.0], [1485.25, 1846.0], [1485.0, 6374.0], [1484.75, 7507.0], [1484.5, 20504.0], [1484.25, 221.0], [1484.0, 1547.0], [1483.75, 1324.0], [1483.5, 1318.0], [1483.25, 1350.0], [1483.0, 36916.0], [1482.5, 1372.0], [1482.25, 1367.0], [1481.75, 8213.0]], "asks": [[1487.75, 22193.0], [1488.0, 20695.0], [1488.25, 19529.0], [1488.5, 6095.0], [1489.0, 810.0], [1489.25, 3510.0], [1489.5, 8299.0], [1489.75, 18663.0], [1490.25, 1317.0], [1491.5, 38400.0], [1492.25, 1348.0], [1492.5, 38931.0], [1492.75, 1337.0], [1493.0, 36777.0], [1494.75, 2675.0], [1495.0, 1350.0], [1495.25, 1325.0], [1495.5, 1750.0], [1496.0, 36400.0], [1496.5, 1366.0]]}}}
{"jsonrpc": "2.0", "method": "subscription", "params": {"channel": "book.ETH-11APR25.none.20.100ms", "data": {"timestamp": 1744212888075, "change_id": 65088699558, "instrument_name": "ETH-11APR25", "bids": [[1486.0, 9128.0], [1485.75, 23929.0], [1485.5, 23434.0], [1485.25, 17605.0], [1485.0, 10406.0], [1484.75, 28140.0], [1484.5, 2805.0], [1484.25, 2811.0], [1484.0, 2162.0], [1483.75, 633.0], [1483.5, 2764.0], [1483.25, 10270.0], [1483.0, 26963.0], [1482.25, 2128.0], [1482.0, 9013.0], [1481.75, 49622.0], [1480.75, 2128.0], [1480.5, 53250.0], [1480.25, 92184.0], [1480.0, 2584.0]], "asks": [[1486.5, 2320.0], [1486.75, 15306.0], [1487.0, 32261.0], [1487.25, 25500.0], [1487.5, 2786.0], [1487.75, 2786.0], [1488.0, 2143.0], [1488.25, 647.0], [1488.5, 10317.0], [1488.75, 27203.0], [1489.0, 92143.0], [1489.25, 51263.0], [1491.25, 2152.0], [1491.75, 229817.0], [1492.0, 400.0], [1493.25, 2156.0], [1493.5, 2149.0], [1493.75, 75000.0], [1494.5, 2175.0], [1494.75, 2171.0]]}}}
{"jsonrpc": "2.0", "method": "subscription", "params": {"channel": "book.ETH-18APR25.none.20.100ms", "data": {"timestamp": 1744212888198, "change_id": 65088699803, "instrument_name": "ETH-18APR25", "bids": [[1487.25, 3586.0], [1487.0, 6095.0], [1486.75, 6640.0], [1486.5, 17969.0], [1486.25, 19654.0], [1486.0, 7063.0], [1485.25, 1846.0], [1485.0, 6374.0], [1484.75, 7507.0], [1484.5, 20504.0], [1484.25, 221.0], [1484.0, 1326.0], [1483.5, 1318.0], [1483.25, 1350.0], [1483.0, 36916.0], [1482.5, 1372.0], [1482.25, 1367.0], [1481.75, 8213.0], [1481.5, 1338.0], [1481.0, 1738.0]], "asks": [[1487.75, 22193.0], [1488.0, 16167.0], [1488.25, 4529.0], [1488.5, 6095.0], [1489.0, 810.0], [1489.25, 3510.0], [1489.5, 8299.0], [1489.75, 18663.0], [1490.25, 1317.0], [1491.5, 38400.0], [1492.25, 1348.0], [1492.5, 38931.0], [1492.75, 1337.0], [1493.0, 36777.0], [1494.75, 2675.0], [1495.0, 1350.0], [1495.25, 1325.0], [1495.5, 1750.0], [1496.0, 36400.0], [1496.5, 1366.0]]}}}
{"jsonrpc": "2.0", "method": "subscription", "params": {"channel": "book.ETH-11APR25.none.20.100ms", "data": {"timestamp": 1744212888277, "change_id": 65088700150, "instrument_name": "ETH-11APR25", "bids": [[1486.0, 9128.0], [1485.75, 23929.0], [1485.5, 23434.0], [1485.25, 17605.0], [1485.0, 10406.0], [1484.75, 28140.0], [1484.5, 2805.0], [1484.25, 2811.0], [1484.0, 2162.0], [1483.75, 633.0], [1483.5, 2764.0], [1483.25, 10270.0], [1483.0, 26963.0], [1482.25, 2128.0], [1482.0, 3513.0], [1481.75, 49622.0], [1480.75, 2128.0], [1480.5, 53250.0], [1480.25, 92184.0], [1480.0, 2584.0]], "asks": [[1486.5, 2320.0], [1486.75, 15306.0], [1487.0, 32261.0], [1487.25, 25500.0], [1487.5, 2786.0], [1487.75, 2786.0], [1488.0, 2143.0], [1488.25, 647.0], [1488.5, 10317.0], [1488.75, 27203.0], [1489.0, 92143.0], [1489.25, 51263.0], [1491.25, 2152.0], [1491.75, 229817.0], [1492.0, 400.0], [1493.25, 2156.0], [1493.5, 2149.0], [1493.75, 75000.0], [1494.5, 2175.0], [1494.75, 2171.0]]}}}
{"jsonrpc": "2.0", "method": "subscription", "params": {"channel": "book.ETH-18APR25.none.20.100ms", "data": {"timestamp": 1744212888528, "change_id": 65088700155, "instrument_name": "ETH-18APR25", "bids": [[1487.25, 1586.0], [1487.0, 9024.0], [1486.75, 13582.0], [1486.5, 7969.0], [1486.25, 19654.0], [1486.0, 7063.0], [1485.25, 1846.0], [1485.0, 6374.0], [1484.75, 7507.0], [1484.5, 20504.0], [1484.25, 221.0], [1484.0, 1326.0], [1483.5, 1318.0], [1483.25, 1350.0], [1483.0, 36916.0], [1482.5, 1372.0], [1482.25, 1367.0], [1481.75, 8213.0], [1481.5, 1338.0], [1481.0, 1738.0]], "asks": [[1487.75, 22193.0], [1488.0, 16167.0], [1488.25, 4529.0], [1488.5, 6095.0], [1489.0, 810.0], [1489.25, 3510.0], [1489.5, 8299.0], [1489.75, 18663.0], [1490.25, 1317.0], [1491.5, 38400.0], [1492.25, 1348.0], [1492.5, 38931.0], [1492.75, 1337.0], [1493.0, 36777.0], [1494.75, 2675.0], [1495.0, 1350.0], [1495.25, 1325.0], [1495.5, 1750.0], [1496.0, 36400.0], [1496.5, 1366.0]]}}}
{"jsonrpc": "2.0", "method": "subscription", "params": {"channel": "book.ETH-18APR25.none.20.100ms", "data": {"timestamp": 1744212888742, "change_id": 65088700517, "instrument_name": "ETH-18APR25", "bids": [[1487.25, 782.0], [1487.0, 6439.0], [1486.75, 16167.0], [1486.5, 7969.0], [1486.25, 19654.0], [1486.0, 7063.0], [1485.25, 1846.0], [1485.0, 6374.0], [1484.75, 7507.0], [1484.5, 20504.0], [1484.25, 221.0], [1484.0, 1326.0], [1483.5, 1318.0], [1483.25, 1350.0], [1483.0, 36916.0], [1482.5, 1372.0], [1482.25, 1367.0], [1481.75, 2713.0], [1481.5, 1338.0], [1481.0, 7238.0]], "asks": [[1487.75, 7416.0], [1488.0, 16067.0], [1488.25, 4529.0], [1488.5, 6095.0], [1489.0, 810.0], [1489.25, 3510.0], [1489.5, 8299.0], [1489.75, 18663.0], [1490.25, 1317.0], [1491.5, 38400.0], [1492.25, 1348.0], [1492.5, 38931.0], [1492.75, 1337.0], [1493.0, 36777.0], [1494.75, 2675.0], [1495.0, 1350.0], [1495.25, 1325.0], [1495.5, 1750.0], [1496.0, 36400.0], [1496.5, 1366.0]]}}}
{"jsonrpc": "2.0", "method": "subscription", "params": {"channel": "book.ETH-11APR25.none.20.100ms", "data": {"timestamp": 1744212889172, "change_id": 65088701042, "instrument_name": "ETH-11APR25", "bids": [[1486.0, 9128.0], [1485.75, 23929.0], [1485.5, 19834.0], [1485.25, 17605.0], [1485.0, 10406.0], [1484.75, 28140.0], [1484.5, 2805.0], [1484.25, 2811.0], [1484.0, 2162.0], [1483.75, 633.0], [1483.5, 2764.0], [1483.25, 10270.0], [1483.0, 26963.0], [1482.25, 2128.0], [1482.0, 3513.0], [1481.75, 49622.0], [1480.75, 7628.0], [1480.5, 68625.0], [1480.25, 92184.0], [1480.0, 2584.0]], "asks": [[1486.5, 3235.0], [1486.75, 15310.0], [1487.0, 32261.0], [1487.25, 25500.0], [1487.5, 2786.0], [1487.75, 2786.0], [1488.0, 2143.0], [1488.25, 647.0], [1488.5, 10317.0], [1488.75, 27203.0], [1489.0, 92143.0], [1489.25, 68368.0], [1491.25, 2152.0], [1491.75, 229817.0], [1492.0, 400.0], [1493.25, 2156.0], [1493.5, 2149.0], [1493.75, 75000.0], [1494.5, 2175.0], [1494.75, 2171.0]]}}}
{"jsonrpc": "2.0", "method": "subscription", "params": {"channel": "book.ETH-18APR25.none.20.100ms", "data": {"timestamp": 1744212889074, "change_id": 65088700838, "instrument_name": "ETH-18APR25", "bids": [[1487.25, 3482.0], [1487.0, 6439.0], [1486.75, 16167.0], [1486.5, 7969.0], [1486.25, 19654.0], [1486.0, 7063.0], [1485.25, 1846.0], [1485.0, 6374.0], [1484.75, 7507.0], [1484.5, 20504.0], [1484.25, 221.0], [1484.0, 1326.0], [1483.5, 1318.0], [1483.25, 1350.0], [1483.0, 36916.0], [1482.5, 1372.0], [1482.25, 1367.0], [1481.75, 2713.0], [1481.5, 1338.0], [1481.0, 7238.0]], "asks": [[1487.75, 11272.0], [1488.0, 30944.0], [1488.25, 4529.0], [1488.5, 6095.0], [1489.0, 810.0], [1489.25, 3510.0], [1489.5, 8299.0], [1489.75, 18663.0], [1490.25, 1317.0], [1491.5, 38400.0], [1492.25, 1348.0], [1492.5, 38931.0], [1492.75, 1337.0], [1493.0, 36777.0], [1494.75, 2675.0], [1495.0, 1350.0], [1495.25, 1325.0], [1495.5, 1750.0], [1496.0, 36400.0], [1496.5, 1366.0]]}}}
{"jsonrpc": "2.0", "method": "subscription", "params": {"channel": "book.ETH-11APR25.none.20.100ms", "data": {"timestamp": 1744212889284, "change_id": 65088701145, "instrument_name": "ETH-11APR25", "bids": [[1486.0, 9128.0], [1485.75, 23929.0], [1485.5, 19834.0], [1485.25, 17605.0], [1485.0, 10406.0], [1484.75, 28140.0], [1484.5, 2805.0], [1484.25, 2811.0], [1484.0, 2162.0], [1483.75, 633.0], [1483.5, 2764.0], [1483.25, 10270.0], [1483.0, 26963.0], [1482.25, 2128.0], [1482.0, 3513.0], [1481.75, 51760.0], [1480.75, 7628.0], [1480.5, 68625.0], [1480.25, 92184.0], [1480.0, 2584.0]], "asks": [[1486.5, 3235.0], [1486.75, 15310.0], [1487.0, 32261.0], [1487.25, 25500.0], [1487.5, 2786.0], [1487.75, 2786.0], [1488.0, 2143.0], [1488.25, 647.0], [1488.5, 10317.0], [1488.75, 27203.0], [1489.0, 92143.0], [1489.25, 68368.0], [1491.25, 2152.0], [1491.75, 229817.0], [1492.0, 400.0], [1493.25, 2156.0], [1493.5, 2149.0], [1493.75, 75000.0], [1494.5, 2175.0], [1494.75, 2171.0]]}}}
{"jsonrpc": "2.0", "method": "subscription", "params": {"channel": "book.ETH-11APR25.none.20.100ms", "data": {"timestamp": 1744212889666, "change_id": 65088701543, "instrument_name": "ETH-11APR25", "bids": [[1486.0, 9128.0], [1485.75, 23929.0], [1485.5, 19834.0], [1485.25, 17605.0], [1485.0, 10406.0], [1484.75, 28140.0], [1484.5, 2805.0], [1484.25, 2811.0], [1484.0, 2162.0], [1483.75, 633.0], [1483.5, 2764.0], [1483.25, 10270.0], [1483.0, 26963.0], [1482.25, 2128.0], [1482.0, 3513.0], [1481.75, 51760.0], [1480.75, 7628.0], [1480.5, 68625.0], [1480.25, 92184.0], [1480.0, 2584.0]], "asks": [[1486.5, 4715.0], [1486.75, 16017.0], [1487.0, 32261.0], [1487.25, 25500.0], [1487.5, 2786.0], [1487.75, 2786.0], [1488.0, 2143.0], [1488.25, 647.0], [1488.5, 10317.0], [1488.75, 27203.0], [1489.0, 92143.0], [1489.25, 68368.0], [1491.25, 2152.0], [1491.75, 229817.0], [1492.0, 400.0], [1493.25, 2156.0], [1493.5, 2149.0], [1493.75, 75000.0], [1494.5, 2175.0], [1494.75, 2171.0]]}}}
{"jsonrpc": "2.0", "method": "subscription", "params": {"channel": "book.ETH-11APR25.none.20.100ms", "data": {"timestamp": 1744212890467, "change_id": 65088702272, "instrument_name": "ETH-11APR25", "bids": [[1486.0, 9128.0], [1485.75, 23929.0], [1485.5, 19834.0], [1485.25, 17605.0], [1485.0, 10406.0], [1484.75, 28140.0], [1484.5, 2805.0], [1484.25, 2811.0], [1484.0, 2162.0], [1483.75, 633.0], [1483.5, 2764.0], [1483.25, 10270.0], [1483.0, 26963.0], [1482.25, 2128.0], [1482.0, 3513.0], [1481.75, 51760.0], [1480.75, 7628.0], [1480.5, 68625.0], [1480.25, 92184.0], [1480.0, 2584.0]], "asks": [[1486.5, 4715.0], [1486.75, 16117.0], [1487.0, 32161.0], [1487.25, 25500.0], [1487.5, 2786.0], [1487.75, 2786.0], [1488.0, 2143.0], [1488.25, 647.0], [1488.5, 10317.0], [1488.75, 27203.0], [1489.0, 92143.0], [1489.25, 68368.0], [1491.25, 2152.0], [1491.75, 229817.0], [1492.0, 400.0], [1493.25, 2156.0], [1493.5, 2149.0], [1493.75, 75000.0], [1494.5, 2175.0], [1494.75, 2171.0]]}}}
{"jsonrpc": "2.0", "method": "subscription", "params": {"channel": "book.ETH-18APR25.none.20.100ms", "data": {"timestamp": 1744212890412, "change_id": 65088702237, "instrument_name": "ETH-18APR25", "bids": [[1487.25, 782.0], [1487.0, 6439.0], [1486.75, 16167.0], [1486.5, 7969.0], [1486.25, 19654.0], [1486.0, 7063.0], [1485.25, 1846.0], [1485.0, 6374.0], [1484.75, 7507.0], [1484.5, 20504.0], [1483.5, 1318.0], [1483.25, 1350.0], [1483.0, 36916.0], [1482.5, 1372.0], [1482.25, 1367.0], [1481.75, 2713.0], [1481.5, 1338.0], [1481.0, 7238.0], [1480.75, 36551.0], [1480.25, 1374.0]], "asks": [[1487.75, 11272.0], [1488.0, 30944.0], [1488.25, 4529.0], [1488.5, 6095.0], [1489.0, 810.0], [1489.25, 3510.0], [1489.5, 8299.0], [1489.75, 18663.0], [1490.25, 1317.0], [1491.5, 38400.0], [1492.25, 1348.0], [1492.5, 38931.0], [1492.75, 1337.0], [1493.0, 36777.0], [1494.75, 2675.0], [1495.0, 1350.0], [1495.25, 1325.0], [1495.5, 1750.0], [1496.0, 36400.0], [1496.5, 1366.0]]}}}
{"jsonrpc": "2.0", "method": "subscription", "params": {"channel": "book.ETH-11APR25.none.20.100ms", "data": {"timestamp": 1744212890750, "change_id": 65088702681, "instrument_name": "ETH-11APR25", "bids": [[1486.0, 9128.0], [1485.75, 23929.0], [1485.5, 15158.0], [1485.25, 2752.0], [1485.0, 10406.0], [1484.75, 28140.0], [1484.5, 2805.0], [1484.25, 2811.0], [1484.0, 2162.0], [1483.75, 633.0], [1483.5, 2764.0], [1483.25, 10270.0], [1483.0, 26963.0], [1482.25, 2128.0], [1482.0, 3513.0], [1481.75, 51760.0], [1480.75, 7628.0], [1480.5, 68625.0], [1480.25, 92184.0], [1480.0, 2584.0]], "asks": [[1486.5, 4715.0], [1486.75, 16117.0], [1487.0, 32161.0], [1487.25, 25500.0], [1487.5, 2786.0], [1487.75, 2786.0], [1488.0, 2143.0], [1488.25, 647.0], [1488.5, 10317.0], [1488.75, 27203.0], [1489.0, 92143.0], [1489.25, 68368.0], [1491.25, 2152.0], [1491.75, 229817.0], [1492.0, 400.0], [1493.25, 2156.0], [1493.5, 2149.0], [1493.75, 75000.0], [1494.5, 2175.0], [1494.75, 2171.0]]}}}
{"jsonrpc": "2.0", "method": "subscription", "params": {"channel": "book.ETH-18APR25.none.20.100ms", "data": {"timestamp": 1744212890752, "change_id": 65088702686, "instrument_name": "ETH-18APR25", "bids": [[1487.25, 1488.0], [1487.0, 9024.0], [1486.75, 13582.0], [1486.5, 3482.0], [1486.25, 4791.0], [1486.0, 7063.0], [1485.25, 1846.0], [1485.0, 6374.0], [1484.75, 7507.0], [1484.5, 20504.0], [1483.5, 1318.0], [1483.25, 1350.0], [1483.0, 36916.0], [1482.5, 1372.0], [1482.25, 1367.0], [1481.75, 2713.0], [1481.5, 1338.0], [1481.0, 7238.0], [1480.75, 36551.0], [1480.25, 1374.0]], "asks": [[1487.75, 7416.0], [1488.0, 16067.0], [1488.25, 4529.0], [1488.5, 6095.0], [1489.0, 810.0], [1489.25, 3510.0], [1489.5, 8299.0], [1489.75, 18663.0], [1490.25, 1317.0], [1491.5, 38400.0], [1492.25, 1348.0], [1492.5, 38931.0], [1492.75, 1337.0], [1493.0, 36777.0], [1494.75, 2675.0], [1495.0, 1350.0], [1495.25, 1325.0], [1495.5, 1750.0], [1496.0, 36400.0], [1496.5, 1366.0]]}}}
{"jsonrpc": "2.0", "method": "subscription", "params": {"channel": "book.ETH-18APR25.none.20.100ms", "data": {"timestamp": 1744212891037, "change_id": 65088702916, "instrument_name": "ETH-18APR25", "bids": [[1487.25, 4188.0], [1487.0, 9024.0], [1486.75, 13582.0], [1486.5, 3482.0], [1486.25, 4791.0], [1486.0, 7063.0], [1485.25, 1846.0], [1485.0, 6374.0], [1484.75, 7507.0], [1484.5, 20504.0], [1483.5, 1318.0], [1483.25, 1350.0], [1483.0, 36916.0], [1482.5, 1372.0], [1482.25, 1367.0], [1481.75, 2713.0], [1481.5, 1338.0], [1481.0, 7238.0], [1480.75, 36551.0], [1480.25, 1374.0]], "asks": [[1487.75, 22293.0], [1488.0, 16067.0], [1488.25, 4529.0], [1488.5, 6095.0], [1489.0, 810.0], [1489.25, 3510.0], [1489.5, 8299.0], [1489.75, 18663.0], [1490.25, 1317.0], [1491.5, 38400.0], [1492.25, 1348.0], [1492.5, 38931.0], [1492.75, 1337.0], [1493.0, 36777.0], [1494.75, 2675.0], [1495.0, 1350.0], [1495.25, 1325.0], [1495.5, 1750.0], [1496.0, 36400.0], [1496.5, 1366.0]]}}}
{"jsonrpc": "2.0", "method": "subscription", "params": {"channel": "book.ETH-18APR25.none.20.100ms", "data": {"timestamp": 1744212891521, "change_id": 65088703290, "instrument_name": "ETH-18APR25", "bids": [[1487.25, 1488.0], [1487.0, 9024.0], [1486.75, 13582.0], [1486.5, 3482.0], [1486.25, 4791.0], [1486.0, 7063.0], [1485.25, 1846.0], [1485.0, 6374.0], [1484.75, 7507.0], [1484.5, 20504.0], [1483.5, 1318.0], [1483.25, 1350.0], [1483.0, 36916.0], [1482.5, 1372.0], [1482.25, 1367.0], [1481.75, 2713.0], [1481.5, 1338.0], [1481.0, 7238.0], [1480.75, 36551.0], [1480.25, 1374.0]], "asks": [[1487.75, 22293.0], [1488.0, 16067.0], [1488.25, 4529.0], [1488.5, 6095.0], [1489.0, 810.0], [1489.25, 3510.0], [1489.5, 8299.0], [1489.75, 18663.0], [1490.25, 1317.0], [1491.5, 38400.0], [1492.25, 1348.0], [1492.5, 38931.0], [1492.75, 1337.0], [1493.0, 36777.0], [1494.75, 2675.0], [1495.0, 1350.0], [1495.25, 1325.0], [1495.5, 1750.0], [1496.0, 36400.0], [1496.5, 1366.0]]}}}
{"jsonrpc": "2.0", "method": "subscription", "params": {"channel": "book.ETH-11APR25.none.20.100ms", "data": {"timestamp": 1744212892038, "change_id": 65088704278, "instrument_name": "ETH-11APR25", "bids": [[1486.0, 9128.0], [1485.75, 23929.0], [1485.5, 15158.0], [1485.25, 2752.0], [1485.0, 10406.0], [1484.75, 28140.0], [1484.5, 2805.0], [1484.25, 2811.0], [1484.0, 2162.0], [1483.75, 633.0], [1483.5, 2764.0], [1483.25, 10270.0], [1483.0, 26963.0], [1482.25, 2128.0], [1482.0, 3513.0], [1481.75, 51760.0], [1480.75, 7628.0], [1480.5, 68625.0], [1480.25, 92184.0], [1480.0, 2584.0]], "asks": [[1486.5, 7846.0], [1486.75, 22816.0], [1487.0, 22161.0], [1487.25, 25500.0], [1487.5, 2786.0], [1487.75, 2786.0], [1488.0, 2143.0], [1488.25, 647.0], [1488.5, 10317.0], [1488.75, 27203.0], [1489.0, 92143.0], [1489.25, 68368.0], [1491.25, 2152.0], [1491.75, 229817.0], [1492.0, 400.0], [1493.25, 2156.0], [1493.5, 2149.0], [1493.75, 75000.0], [1494.5, 2175.0], [1494.75, 2171.0]]}}}
{"jsonrpc": "2.0", "method": "subscription", "params": {"channel": "book.ETH-18APR25.none.20.100ms", "data": {"timestamp": 1744212892040, "change_id": 65088704281, "instrument_name": "ETH-18APR25", "bids": [[1487.0, 6439.0], [1486.75, 16167.0], [1486.5, 3482.0], [1486.25, 4791.0], [1486.0, 7063.0], [1485.25, 1846.0], [1485.0, 6374.0], [1484.75, 7507.0], [1484.5, 20504.0], [1483.5, 1318.0], [1483.25, 1350.0], [1483.0, 36916.0], [1482.5, 1372.0], [1482.25, 1367.0], [1481.75, 2713.0], [1481.5, 1338.0], [1481.0, 7238.0], [1480.75, 36551.0], [1480.25, 1374.0], [1480.0, 38314.0]], "asks": [[1487.5, 9079.0], [1487.75, 31044.0], [1488.0, 3482.0], [1488.25, 4529.0], [1488.5, 6095.0], [1489.0, 810.0], [1489.25, 3510.0], [1489.5, 8299.0], [1489.75, 18663.0], [1490.25, 1317.0], [1491.5, 38400.0], [1492.25, 1348.0], [1492.5, 38931.0], [1492.75, 1337.0], [1493.0, 36777.0], [1494.75, 2675.0], [1495.0, 1350.0], [1495.25, 1325.0], [1495.5, 1750.0], [1496.0, 36400.0]]}}}
{"jsonrpc": "2.0", "method": "subscription", "params": {"channel": "book.ETH-11APR25.none.20.100ms", "data": {"timestamp": 1744212892303, "change_id": 65088704543, "instrument_name": "ETH-11APR25", "bids": [[1486.0, 9128.0], [1485.75, 23929.0], [1485.5, 15158.0], [1485.25, 2752.0], [1485.0, 2569.0], [1484.75, 10317.0], [1484.5, 28150.0], [1484.25, 2811.0], [1484.0, 2162.0], [1483.75, 633.0], [1483.5, 2764.0], [1483.25, 10270.0], [1483.0, 26963.0], [1482.25, 2128.0], [1482.0, 3513.0], [1481.75, 51760.0], [1480.75, 7628.0], [1480.5, 68625.0], [1480.25, 92184.0], [1480.0, 2584.0]], "asks": [[1486.5, 7846.0], [1486.75, 22816.0], [1487.0, 22161.0], [1487.25, 25500.0], [1487.5, 2786.0], [1487.75, 2786.0], [1488.0, 2143.0], [1488.25, 647.0], [1488.5, 10317.0], [1488.75, 27203.0], [1489.0, 92143.0], [1489.25, 68368.0], [1491.25, 2152.0], [1491.75, 229817.0], [1492.0, 400.0], [1493.25, 2156.0], [1493.5, 2149.0], [1493.75, 75000.0], [1494.5, 2175.0], [1494.75, 2171.0]]}}}
{"jsonrpc": "2.0", "method": "subscription", "params": {"channel": "book.ETH-18APR25.none.20.100ms", "data": {"timestamp": 1744212892812, "change_id": 65088705305, "instrument_name": "ETH-18APR25", "bids": [[1487.0, 6439.0], [1486.75, 16167.0], [1486.5, 3482.0], [1486.25, 4791.0], [1486.0, 7063.0], [1485.25, 1846.0], [1485.0, 6374.0], [1484.75, 7507.0], [1484.5, 20504.0], [1483.25, 1350.0], [1483.0, 36916.0], [1482.5, 1372.0], [1482.25, 1367.0], [1481.75, 2713.0], [1481.5, 1338.0], [1481.0, 7238.0], [1480.75, 36551.0], [1480.25, 1374.0], [1480.0, 38314.0], [1478.0, 400.0]], "asks": [[1487.5, 9079.0], [1487.75, 31044.0], [1488.0, 3482.0], [1488.25, 4529.0], [1488.5, 6095.0], [1489.0, 810.0], [1489.25, 3510.0], [1489.5, 8299.0], [1489.75, 18663.0], [1490.25, 1317.0], [1491.5, 38400.0], [1492.25, 1348.0], [1492.5, 38931.0], [1492.75, 1337.0], [1493.0, 36777.0], [1494.75, 2675.0], [1495.0, 1350.0], [1495.25, 1325.0], [1495.5, 1750.0], [1496.0, 36400.0]]}}}
{"jsonrpc": "2.0", "method": "subscription", "params": {"channel": "book.ETH-11APR25.none.20.100ms", "data": {"timestamp": 1744212893085, "change_id": 65088705428, "instrument_name": "ETH-11APR25", "bids": [[1486.0, 9128.0], [1485.75, 23929.0], [1485.5, 15158.0], [1485.25, 2752.0], [1485.0, 2569.0], [1484.75, 10317.0], [1484.5, 28150.0], [1484.25, 2811.0], [1484.0, 2162.0], [1483.75, 633.0], [1483.5, 2764.0], [1483.25, 10270.0], [1483.0, 26963.0], [1482.25, 2128.0], [1482.0, 3513.0], [1481.75, 51760.0], [1480.75, 7628.0], [1480.5, 68625.0], [1480.25, 92184.0], [1480.0, 2584.0]], "asks": [[1486.5, 2395.0], [1486.75, 19216.0], [1487.0, 22161.0], [1487.25, 25500.0], [1487.5, 2786.0], [1487.75, 2786.0], [1488.0, 2143.0], [1488.25, 647.0], [1488.5, 10317.0], [1488.75, 27203.0], [1489.0, 92143.0], [1489.25, 68368.0], [1491.25, 2152.0], [1491.75, 229817.0], [1492.0, 400.0], [1493.25, 2156.0], [1493.5, 2149.0], [1493.75, 75000.0], [1494.5, 2175.0], [1494.75, 2171.0]]}}}
{"jsonrpc": "2.0", "method": "subscription", "params": {"channel": "book.ETH-18APR25.none.20.100ms", "data": {"timestamp": 1744212893169, "change_id": 65088705684, "instrument_name": "ETH-18APR25", "bids": [[1487.25, 4184.0], [1487.0, 9024.0], [1486.75, 13582.0], [1486.5, 3482.0], [1486.25, 4791.0], [1486.0, 7063.0], [1485.25, 1846.0], [1485.0, 7730.0], [1484.75, 7507.0], [1484.5, 20504.0], [1483.25, 1350.0], [1483.0, 36916.0], [1482.5, 1372.0], [1482.25, 1367.0], [1481.75, 2713.0], [1481.5, 1338.0], [1481.0, 7238.0], [1480.75, 36551.0], [1480.25, 1374.0], [1480.0, 38314.0]], "asks": [[1487.75, 24977.0], [1488.0, 3367.0], [1488.25, 4529.0], [1488.5, 6095.0], [1489.0, 810.0], [1489.25, 3510.0], [1489.5, 8299.0], [1489.75, 18663.0], [1490.25, 1317.0], [1491.5, 38400.0], [1492.25, 1348.0], [1492.5, 38931.0], [1492.75, 1337.0], [1493.0, 36777.0], [1494.75, 2675.0], [1495.0, 1350.0], [1495.25, 1325.0], [1495.5, 1750.0], [1496.0, 36400.0], [1496.5, 1366.0]]}}}
{"jsonrpc": "2.0", "method": "subscription", "params": {"channel": "book.ETH-11APR25.none.20.100ms", "data": {"timestamp": 1744212893316, "change_id": 65088706470, "instrument_name": "ETH-11APR25", "bids": [[1486.5, 3600.0], [1486.25, 3600.0], [1486.0, 25309.0], [1485.75, 9325.0], [1485.5, 2138.0], [1485.25, 2105.0], [1485.0, 27503.0], [1484.75, 2148.0], [1484.5, 2156.0], [1484.25, 2162.0], [1484.0, 2162.0], [1483.5, 2110.0], [1483.25, 2181.0], [1483.0, 26963.0], [1482.25, 2128.0], [1482.0, 3513.0], [1481.75, 51760.0], [1481.5, 400.0], [1480.75, 7628.0], [1480.5, 68625.0]], "asks": [[1487.0, 15235.0], [1487.25, 12138.0], [1487.5, 2143.0], [1487.75, 27000.0], [1488.0, 2143.0], [1488.5, 2156.0], [1488.75, 2183.0], [1489.0, 92143.0], [1489.25, 19248.0], [1489.75, 27158.0], [1490.5, 49120.0], [1491.25, 2152.0], [1491.75, 229817.0], [1492.0, 400.0], [1493.25, 2156.0], [1493.5, 2149.0], [1493.75, 75000.0], [1494.5, 2175.0], [1494.75, 2171.0], [1495.25, 2144.0]]}}}
{"jsonrpc": "2.0", "method": "subscription", "params": {"channel": "book.ETH-18APR25.none.20.100ms", "data": {"timestamp": 1744212893403, "change_id": 65088706923, "instrument_name": "ETH-18APR25", "bids": [[1487.5, 4286.0], [1487.25, 8994.0], [1487.0, 13610.0], [1486.75, 3482.0], [1486.5, 5301.0], [1486.25, 9984.0], [1485.5, 221.0], [1485.25, 1577.0], [1485.0, 1577.0], [1484.75, 7507.0], [1484.5, 20504.0], [1483.25, 1350.0], [1483.0, 36916.0], [1482.5, 1772.0], [1482.25, 1367.0], [1481.75, 2713.0], [1481.5, 1338.0], [1481.0, 7238.0], [1480.75, 36551.0], [1480.25, 1374.0]], "asks": [[1488.0, 3842.0], [1488.25, 17114.0], [1488.5, 6095.0], [1489.0, 810.0], [1489.25, 3510.0], [1489.5, 8299.0], [1489.75, 18663.0], [1490.0, 221.0], [1490.25, 1317.0], [1491.5, 38400.0], [1492.25, 1348.0], [1492.5, 38931.0], [1492.75, 1337.0], [1493.0, 36777.0], [1494.75, 2675.0], [1495.0, 1350.0], [1495.25, 1325.0], [1495.5, 1750.0], [1496.0, 36400.0], [1496.5, 1366.0]]}}}
{"jsonrpc": "2.0", "method": "subscription", "params": {"channel": "book.ETH-11APR25.none.20.100ms", "data": {"timestamp": 1744212893816, "change_id": 65088708090, "instrument_name": "ETH-11APR25", "bids": [[1486.25, 7593.0], [1486.0, 29866.0], [1485.75, 7379.0], [1485.5, 2770.0], [1485.25, 10356.0], [1485.0, 28147.0], [1484.75, 2559.0], [1484.5, 2805.0], [1484.25, 2573.0], [1484.0, 2162.0], [1483.75, 411.0], [1483.5, 2764.0], [1483.25, 2181.0], [1483.0, 26963.0], [1482.25, 2128.0], [1482.0, 3513.0], [1481.75, 141760.0], [1481.5, 400.0], [1480.75, 7628.0], [1480.5, 68625.0]], "asks": [[1487.0, 4735.0], [1487.25, 27109.0], [1487.5, 10243.0], [1487.75, 27643.0], [1488.0, 2143.0], [1488.25, 647.0], [1488.5, 2811.0], [1488.75, 29826.0], [1489.0, 97917.0], [1489.25, 19248.0], [1489.75, 27158.0], [1490.5, 49120.0], [1491.25, 2152.0], [1491.75, 229817.0], [1492.0, 400.0], [1493.25, 2156.0], [1493.5, 2149.0], [1493.75, 75000.0], [1494.5, 2175.0], [1494.75, 2171.0]]}}}
{"jsonrpc": "2.0", "method": "subscription", "params": {"channel": "book.ETH-18APR25.none.20.100ms", "data": {"timestamp": 1744212893820, "change_id": 65088708122, "instrument_name": "ETH-18APR25", "bids": [[1487.25, 6409.0], [1487.0, 16195.0], [1486.75, 5231.0], [1486.5, 9845.0], [1486.25, 3700.0], [1485.75, 1846.0], [1485.5, 6374.0], [1485.25, 221.0], [1485.0, 1577.0], [1484.75, 7507.0], [1484.5, 20504.0], [1483.25, 1350.0], [1483.0, 38272.0], [1482.75, 36551.0], [1482.5, 1772.0], [1482.25, 1367.0], [1481.75, 2713.0], [1481.5, 1338.0], [1481.0, 7238.0], [1480.25, 1374.0]], "asks": [[1488.0, 3842.0], [1488.25, 15285.0], [1489.0, 2537.0], [1489.25, 9605.0], [1489.5, 8299.0], [1489.75, 18663.0], [1490.0, 221.0], [1490.25, 1317.0], [1491.5, 38400.0], [1492.25, 1348.0], [1492.5, 38931.0], [1492.75, 1337.0], [1493.0, 36777.0], [1494.75, 2675.0], [1495.0, 1350.0], [1495.25, 1325.0], [1495.5, 1750.0], [1496.0, 36400.0], [1496.5, 1366.0], [1496.75, 1331.0]]}}}
