{"jsonrpc": "2.0", "method": "subscription", "params": {"channel": "book.ETH-14MAR25.none.20.100ms", "data": {"timestamp": 1741588033870, "change_id": 61622821075, "instrument_name": "ETH-14MAR25", "bids": [[2062.75, 10343.0], [2062.5, 28773.0], [2062.25, 10908.0], [2062.0, 28145.0], [2061.75, 3472.0], [2061.5, 3111.0], [2061.25, 4375.0], [2061.0, 10459.0], [2060.75, 1774.0], [2060.5, 1839.0], [2060.25, 1886.0], [2060.0, 1938.0], [2059.75, 1938.0], [2059.5, 9020.0], [2059.25, 27712.0], [2059.0, 8683.0], [2058.75, 14299.0], [2058.5, 34920.0], [2058.25, 52879.0], [2058.0, 1468.0]], "asks": [[2063.5, 12415.0], [2063.75, 30223.0], [2064.0, 10343.0], [2064.25, 30384.0], [2064.5, 9774.0], [2064.75, 1883.0], [2065.0, 3363.0], [2065.25, 6634.0], [2065.5, 1935.0], [2065.75, 1917.0], [2066.0, 1938.0], [2066.25, 9607.0], [2066.5, 27535.0], [2066.75, 1938.0], [2067.0, 16561.0], [2067.25, 85234.0], [2067.5, 108115.0], [2068.0, 1496.0], [2068.25, 1517.0], [2069.0, 1510.0]]}}}
{"jsonrpc": "2.0", "method": "subscription", "params": {"channel": "book.ETH-21MAR25.none.20.100ms", "data": {"timestamp": 1741588033957, "change_id": 61622821241, "instrument_name": "ETH-21MAR25", "bids": [[2064.5, 3000.0], [2064.25, 2762.0], [2064.0, 5027.0], [2063.75, 14528.0], [2063.5, 2346.0], [2063.25, 4746.0], [2063.0, 4569.0], [2062.75, 4157.0], [2062.5, 4753.0], [2062.25, 7005.0], [2062.0, 3987.0], [2061.75, 24948.0], [2061.5, 1599.0], [2061.25, 1239.0], [2061.0, 362.0], [2060.75, 1595.0], [2060.5, 8067.0], [2060.25, 24358.0], [2060.0, 1266.0], [2059.75, 2645.0]], "asks": [[2064.75, 2685.0], [2065.0, 34361.0], [2065.25, 23834.0], [2065.5, 1584.0], [2065.75, 10589.0], [2066.0, 31584.0], [2066.25, 1506.0], [2066.5, 1595.0], [2066.75, 1595.0], [2067.0, 1614.0], [2067.25, 7884.0], [2067.5, 22469.0], [2067.75, 1640.0], [2068.0, 14281.0], [2068.25, 59583.0], [2068.5, 45844.0], [2068.75, 500.0], [2069.0, 362.0], [2069.25, 28625.0], [2069.5, 91242.0]]}}}
{"jsonrpc": "2.0", "method": "subscription", "params": {"channel": "book.ETH-21MAR25.none.20.100ms", "data": {"timestamp": 1741588034246, "change_id": 61622821624, "instrument_name": "ETH-21MAR25", "bids": [[2064.5, 3000.0], [2064.25, 2762.0], [2064.0, 5027.0], [2063.75, 14528.0], [2063.5, 2346.0], [2063.25, 4746.0], [2063.0, 4569.0], [2062.75, 4157.0], [2062.5, 4753.0], [2062.25, 7005.0], [2062.0, 3987.0], [2061.75, 24948.0], [2061.5, 1599.0], [2061.25, 1239.0], [2061.0, 362.0], [2060.75, 1595.0], [2060.5, 8067.0], [2060.25, 24358.0], [2060.0, 1266.0], [2059.75, 2645.0]], "asks": [[2064.75, 2685.0], [2065.0, 34361.0], [2065.25, 23834.0], [2065.5, 1584.0], [2065.75, 10589.0], [2066.0, 31584.0], [2066.25, 1506.0], [2066.5, 1595.0], [2066.75, 1595.0], [2067.0, 1614.0], [2067.25, 7884.0], [2067.5, 22469.0], [2067.75, 1640.0], [2068.0, 14281.0], [2068.25, 59583.0], [2068.5, 45844.0], [2068.75, 500.0], [2069.0, 362.0], [2069.25, 28625.0], [2069.5, 91242.0]]}}}
{"jsonrpc": "2.0", "method": "subscription", "params": {"channel": "book.ETH-14MAR25.none.20.100ms", "data": {"timestamp": 1741588034609, "change_id": 61622821948, "instrument_name": "ETH-14MAR25", "bids": [[2062.75, 8723.0], [2062.5, 28773.0], [2062.25, 11028.0], [2062.0, 28145.0], [2061.75, 3472.0], [2061.5, 3111.0], [2061.25, 4375.0], [2061.0, 10459.0], [2060.75, 1774.0], [2060.5, 1839.0], [2060.25, 1886.0], [2060.0, 1938.0], [2059.75, 1938.0], [2059.5, 9020.0], [2059.25, 27712.0], [2059.0, 8683.0], [2058.75, 14299.0], [2058.5, 34920.0], [2058.25, 52879.0], [2058.0, 1468.0]], "asks": [[2063.25, 4124.0], [2063.5, 11289.0], [2063.75, 28723.0], [2064.0, 10343.0], [2064.25, 30384.0], [2064.5, 9774.0], [2064.75, 1883.0], [2065.0, 3363.0], [2065.25, 6634.0], [2065.5, 1935.0], [2065.75, 1917.0], [2066.0, 1938.0], [2066.25, 9607.0], [2066.5, 27535.0], [2066.75, 1938.0], [2067.0, 16561.0], [2067.25, 85234.0], [2067.5, 108115.0], [2068.0, 1496.0], [2068.25, 1517.0]]}}}
{"jsonrpc": "2.0", "method": "subscription", "params": {"channel": "book.ETH-21MAR25.none.20.100ms", "data": {"timestamp": 1741588034578, "change_id": 61622821911, "instrument_name": "ETH-21MAR25", "bids": [[2064.5, 3000.0], [2064.25, 2762.0], [2064.0, 5027.0], [2063.75, 13093.0], [2063.5, 3781.0], [2063.25, 4746.0], [2063.0, 4569.0], [2062.75, 4157.0], [2062.5, 4753.0], [2062.25, 7005.0], [2062.0, 3987.0], [2061.75, 24948.0], [2061.5, 1599.0], [2061.25, 1239.0], [2061.0, 362.0], [2060.75, 1595.0], [2060.5, 8067.0], [2060.25, 24358.0], [2060.0, 1266.0], [2059.75, 2645.0]], "asks": [[2064.75, 4885.0], [2065.0, 34361.0], [2065.25, 23834.0], [2065.5, 1584.0], [2065.75, 10589.0], [2066.0, 31584.0], [2066.25, 1506.0], [2066.5, 1595.0], [2066.75, 1595.0], [2067.0, 1614.0], [2067.25, 7884.0], [2067.5, 22469.0], [2067.75, 1640.0], [2068.0, 14281.0], [2068.25, 59583.0], [2068.5, 45844.0], [2068.75, 500.0], [2069.0, 362.0], [2069.25, 28625.0], [2069.5, 91242.0]]}}}
{"jsonrpc": "2.0", "method": "subscription", "params": {"channel": "book.ETH-21MAR25.none.20.100ms", "data": {"timestamp": 1741588034886, "change_id": 61622822823, "instrument_name": "ETH-21MAR25", "bids": [[2064.5, 3000.0], [2063.75, 362.0], [2063.5, 5209.0], [2063.25, 16301.0], [2063.0, 4569.0], [2062.75, 4157.0], [2062.5, 4753.0], [2062.25, 7005.0], [2062.0, 3987.0], [2061.75, 24948.0], [2061.5, 1599.0], [2061.25, 1239.0], [2061.0, 362.0], [2060.75, 1595.0], [2060.5, 8067.0], [2060.25, 24358.0], [2060.0, 1266.0], [2059.75, 2645.0], [2059.5, 47569.0], [2059.25, 6865.0]], "asks": [[2064.75, 16234.0], [2065.0, 24241.0], [2065.25, 23834.0], [2065.5, 1584.0], [2065.75, 10589.0], [2066.0, 31584.0], [2066.25, 1506.0], [2066.5, 1595.0], [2066.75, 1595.0], [2067.0, 1614.0], [2067.25, 7884.0], [2067.5, 22469.0], [2067.75, 1640.0], [2068.0, 14281.0], [2068.25, 59583.0], [2068.5, 45844.0], [2068.75, 500.0], [2069.0, 362.0], [2069.25, 28625.0], [2069.5, 91242.0]]}}}
{"jsonrpc": "2.0", "method": "subscription", "params": {"channel": "book.ETH-14MAR25.none.20.100ms", "data": {"timestamp": 1741588034947, "change_id": 61622823062, "instrument_name": "ETH-14MAR25", "bids": [[2062.5, 1300.0], [2062.25, 10313.0], [2062.0, 27148.0], [2061.75, 10826.0], [2061.5, 27626.0], [2061.25, 4375.0], [2061.0, 9933.0], [2060.75, 1774.0], [2060.5, 1839.0], [2060.25, 1886.0], [2060.0, 1938.0], [2059.75, 1938.0], [2059.5, 9020.0], [2059.25, 27712.0], [2059.0, 8683.0], [2058.75, 14299.0], [2058.5, 34920.0], [2058.25, 52879.0], [2058.0, 1468.0], [2057.75, 51448.0]], "asks": [[2062.75, 1.0], [2063.0, 5008.0], [2063.25, 6325.0], [2063.5, 23992.0], [2063.75, 52261.0], [2064.0, 2679.0], [2064.25, 2438.0], [2064.5, 1883.0], [2064.75, 1883.0], [2065.0, 1912.0], [2065.25, 1883.0], [2065.5, 1935.0], [2065.75, 1917.0], [2066.0, 3338.0], [2066.25, 14358.0], [2066.5, 27535.0], [2066.75, 1938.0], [2067.0, 16561.0], [2067.25, 85234.0], [2067.5, 108115.0]]}}}
{"jsonrpc": "2.0", "method": "subscription", "params": {"channel": "book.ETH-14MAR25.none.20.100ms", "data": {"timestamp": 1741588035178, "change_id": 61622823796, "instrument_name": "ETH-14MAR25", "bids": [[2062.25, 4298.0], [2062.0, 26453.0], [2061.75, 2715.0], [2061.5, 27211.0], [2061.25, 1469.0], [2061.0, 10044.0], [2060.75, 1523.0], [2060.5, 1497.0], [2060.25, 1471.0], [2060.0, 1523.0], [2059.75, 1523.0], [2059.5, 1523.0], [2059.25, 26373.0], [2059.0, 6219.0], [2058.75, 8582.0], [2058.5, 19056.0], [2058.25, 52879.0], [2058.0, 1468.0], [2057.75, 51448.0], [2057.5, 5.0]], "asks": [[2063.0, 4124.0], [2063.25, 11618.0], [2063.5, 1497.0], [2063.75, 35100.0], [2064.0, 2264.0], [2064.25, 2023.0], [2064.5, 1468.0], [2064.75, 1468.0], [2065.0, 1497.0], [2065.25, 1468.0], [2065.5, 1520.0], [2065.75, 1502.0], [2066.0, 1523.0], [2066.25, 6222.0], [2066.5, 27120.0], [2066.75, 1523.0], [2067.0, 1487.0], [2067.25, 52851.0], [2067.5, 108115.0], [2068.0, 1496.0]]}}}
{"jsonrpc": "2.0", "method": "subscription", "params": {"channel": "book.ETH-21MAR25.none.20.100ms", "data": {"timestamp": 1741588035276, "change_id": 61622823797, "instrument_name": "ETH-21MAR25", "bids": [[2063.75, 3000.0], [2063.5, 1229.0], [2063.25, 15206.0], [2063.0, 3651.0], [2062.75, 3059.0], [2062.5, 3659.0], [2062.25, 6643.0], [2062.0, 1222.0], [2061.75, 24586.0], [2061.5, 1237.0], [2061.25, 1239.0], [2060.75, 1233.0], [2060.5, 1230.0], [2060.25, 23996.0], [2060.0, 1266.0], [2059.75, 2645.0], [2059.5, 47569.0], [2059.25, 6865.0], [2059.0, 137008.0], [2058.25, 500.0]], "asks": [[2064.25, 1435.0], [2064.5, 12599.0], [2064.75, 1229.0], [2065.25, 23472.0], [2065.5, 1222.0], [2065.75, 1222.0], [2066.0, 31222.0], [2066.25, 1245.0], [2066.5, 1233.0], [2066.75, 1233.0], [2067.0, 1252.0], [2067.25, 1252.0], [2067.5, 22107.0], [2067.75, 1278.0], [2068.0, 1278.0], [2068.25, 45830.0], [2068.5, 45844.0], [2068.75, 500.0], [2069.25, 1252.0], [2069.5, 91242.0]]}}}
{"jsonrpc": "2.0", "method": "subscription", "params": {"channel": "book.ETH-21MAR25.none.20.100ms", "data": {"timestamp": 1741588035596, "change_id": 61622824163, "instrument_name": "ETH-21MAR25", "bids": [[2063.75, 5762.0], [2063.5, 5791.0], [2063.25, 16301.0], [2063.0, 4569.0], [2062.75, 4157.0], [2062.5, 5652.0], [2062.25, 7005.0], [2062.0, 8598.0], [2061.75, 24948.0], [2061.5, 1599.0], [2061.25, 1239.0], [2061.0, 362.0], [2060.75, 1595.0], [2060.5, 8429.0], [2060.25, 24358.0], [2060.0, 2060.0], [2059.75, 2645.0], [2059.5, 47569.0], [2059.25, 6865.0], [2059.0, 137008.0]], "asks": [[2064.25, 5215.0], [2064.5, 12961.0], [2064.75, 1229.0], [2065.0, 7042.0], [2065.25, 23834.0], [2065.5, 1584.0], [2065.75, 10589.0], [2066.0, 31584.0], [2066.25, 1607.0], [2066.5, 1595.0], [2066.75, 1595.0], [2067.0, 1614.0], [2067.25, 7884.0], [2067.5, 22469.0], [2067.75, 1640.0], [2068.0, 15027.0], [2068.25, 59583.0], [2068.5, 45844.0], [2068.75, 500.0], [2069.25, 1252.0]]}}}
{"jsonrpc": "2.0", "method": "subscription", "params": {"channel": "book.ETH-21MAR25.none.20.100ms", "data": {"timestamp": 1741588035751, "change_id": 61622824332, "instrument_name": "ETH-21MAR25", "bids": [[2063.75, 5762.0], [2063.5, 5791.0], [2063.25, 14866.0], [2063.0, 6004.0], [2062.75, 4157.0], [2062.5, 5652.0], [2062.25, 7005.0], [2062.0, 8598.0], [2061.75, 24948.0], [2061.5, 1599.0], [2061.25, 1239.0], [2061.0, 362.0], [2060.75, 1595.0], [2060.5, 8429.0], [2060.25, 24358.0], [2060.0, 2060.0], [2059.75, 2645.0], [2059.5, 47569.0], [2059.25, 6865.0], [2059.0, 137008.0]], "asks": [[2064.25, 6465.0], [2064.5, 12961.0], [2064.75, 1229.0], [2065.0, 7042.0], [2065.25, 23834.0], [2065.5, 1584.0], [2065.75, 10589.0], [2066.0, 31584.0], [2066.25, 1607.0], [2066.5, 1595.0], [2066.75, 1595.0], [2067.0, 1614.0], [2067.25, 7884.0], [2067.5, 22469.0], [2067.75, 1640.0], [2068.0, 15027.0], [2068.25, 59583.0], [2068.5, 45844.0], [2068.75, 500.0], [2069.25, 1252.0]]}}}
{"jsonrpc": "2.0", "method": "subscription", "params": {"channel": "book.ETH-14MAR25.none.20.100ms", "data": {"timestamp": 1741588035923, "change_id": 61622824518, "instrument_name": "ETH-14MAR25", "bids": [[2062.25, 10736.0], [2062.0, 27268.0], [2061.75, 3524.0], [2061.5, 10491.0], [2061.25, 28997.0], [2061.0, 10459.0], [2060.75, 1938.0], [2060.5, 1912.0], [2060.25, 1886.0], [2060.0, 1938.0], [2059.75, 1938.0], [2059.5, 9435.0], [2059.25, 28239.0], [2059.0, 8794.0], [2058.75, 14299.0], [2058.5, 34920.0], [2058.25, 53294.0], [2058.0, 1468.0], [2057.75, 51448.0], [2057.5, 5.0]], "asks": [[2063.0, 7609.0], [2063.25, 12033.0], [2063.5, 12027.0], [2063.75, 35779.0], [2064.0, 2679.0], [2064.25, 2438.0], [2064.5, 1883.0], [2064.75, 1883.0], [2065.0, 1912.0], [2065.25, 1883.0], [2065.5, 1935.0], [2065.75, 1917.0], [2066.0, 3390.0], [2066.25, 14358.0], [2066.5, 27535.0], [2066.75, 1938.0], [2067.0, 1487.0], [2067.25, 52851.0], [2067.5, 108115.0], [2068.0, 1496.0]]}}}
{"jsonrpc": "2.0", "method": "subscription", "params": {"channel": "book.ETH-14MAR25.none.20.100ms", "data": {"timestamp": 1741588036179, "change_id": 61622824880, "instrument_name": "ETH-14MAR25", "bids": [[2062.25, 10736.0], [2062.0, 27268.0], [2061.75, 3524.0], [2061.5, 10491.0], [2061.25, 28997.0], [2061.0, 10459.0], [2060.75, 1938.0], [2060.5, 1912.0], [2060.25, 1886.0], [2060.0, 1938.0], [2059.75, 1938.0], [2059.5, 9435.0], [2059.25, 28239.0], [2059.0, 8794.0], [2058.75, 14299.0], [2058.5, 34920.0], [2058.25, 53294.0], [2058.0, 1468.0], [2057.75, 51448.0], [2057.5, 5.0]], "asks": [[2062.75, 1.0], [2063.0, 7609.0], [2063.25, 12033.0], [2063.5, 12027.0], [2063.75, 35779.0], [2064.0, 2679.0], [2064.25, 2438.0], [2064.5, 1883.0], [2064.75, 1883.0], [2065.0, 1912.0], [2065.25, 1883.0], [2065.5, 1935.0], [2065.75, 1917.0], [2066.0, 3390.0], [2066.25, 14358.0], [2066.5, 27535.0], [2066.75, 1938.0], [2067.0, 1487.0], [2067.25, 52851.0], [2067.5, 108115.0]]}}}
{"jsonrpc": "2.0", "method": "subscription", "params": {"channel": "book.ETH-21MAR25.none.20.100ms", "data": {"timestamp": 1741588036126, "change_id": 61622824772, "instrument_name": "ETH-21MAR25", "bids": [[2063.75, 5762.0], [2063.5, 5791.0], [2063.25, 14866.0], [2063.0, 6004.0], [2062.75, 4157.0], [2062.5, 5652.0], [2062.25, 7005.0], [2062.0, 8598.0], [2061.75, 24948.0], [2061.5, 1599.0], [2061.25, 1239.0], [2061.0, 362.0], [2060.75, 1595.0], [2060.5, 8429.0], [2060.25, 24358.0], [2060.0, 2060.0], [2059.75, 2645.0], [2059.5, 47569.0], [2059.25, 6865.0], [2059.0, 137008.0]], "asks": [[2064.25, 6465.0], [2064.5, 12961.0], [2064.75, 1229.0], [2065.0, 7042.0], [2065.25, 23834.0], [2065.5, 1584.0], [2065.75, 10589.0], [2066.0, 31584.0], [2066.25, 1607.0], [2066.5, 1595.0], [2066.75, 1595.0], [2067.0, 1614.0], [2067.25, 7884.0], [2067.5, 22469.0], [2067.75, 1640.0], [2068.0, 15027.0], [2068.25, 59583.0], [2068.5, 45844.0], [2068.75, 500.0], [2069.25, 1252.0]]}}}
{"jsonrpc": "2.0", "method": "subscription", "params": {"channel": "book.ETH-14MAR25.none.20.100ms", "data": {"timestamp": 1741588036518, "change_id": 61622825162, "instrument_name": "ETH-14MAR25", "bids": [[2062.25, 10736.0], [2062.0, 27268.0], [2061.75, 3524.0], [2061.5, 10491.0], [2061.25, 28997.0], [2061.0, 10459.0], [2060.75, 1938.0], [2060.5, 1912.0], [2060.25, 1886.0], [2060.0, 1938.0], [2059.75, 1938.0], [2059.5, 9435.0], [2059.25, 28239.0], [2059.0, 7049.0], [2058.75, 8655.0], [2058.5, 34920.0], [2058.25, 53294.0], [2058.0, 1468.0], [2057.75, 51448.0], [2057.5, 5.0]], "asks": [[2063.0, 7609.0], [2063.25, 12033.0], [2063.5, 12027.0], [2063.75, 35779.0], [2064.0, 2679.0], [2064.25, 2438.0], [2064.5, 1883.0], [2064.75, 1883.0], [2065.0, 1912.0], [2065.25, 1883.0], [2065.5, 1935.0], [2065.75, 1917.0], [2066.0, 3390.0], [2066.25, 14358.0], [2066.5, 27535.0], [2066.75, 1938.0], [2067.0, 1487.0], [2067.25, 52851.0], [2067.5, 108115.0], [2068.0, 1496.0]]}}}
{"jsonrpc": "2.0", "method": "subscription", "params": {"channel": "book.ETH-14MAR25.none.20.100ms", "data": {"timestamp": 1741588036914, "change_id": 61622825456, "instrument_name": "ETH-14MAR25", "bids": [[2062.5, 2140.0], [2062.25, 10736.0], [2062.0, 27268.0], [2061.75, 3524.0], [2061.5, 10491.0], [2061.25, 28997.0], [2061.0, 10459.0], [2060.75, 1938.0], [2060.5, 1912.0], [2060.25, 1886.0], [2060.0, 1938.0], [2059.75, 1938.0], [2059.5, 9435.0], [2059.25, 28239.0], [2059.0, 7049.0], [2058.75, 8655.0], [2058.5, 34920.0], [2058.25, 53294.0], [2058.0, 1468.0], [2057.75, 51448.0]], "asks": [[2063.0, 7609.0], [2063.25, 12033.0], [2063.5, 12027.0], [2063.75, 35779.0], [2064.0, 2679.0], [2064.25, 2438.0], [2064.5, 1883.0], [2064.75, 1883.0], [2065.0, 1912.0], [2065.25, 1883.0], [2065.5, 1935.0], [2065.75, 1917.0], [2066.0, 3390.0], [2066.25, 14358.0], [2066.5, 27535.0], [2066.75, 1938.0], [2067.0, 1487.0], [2067.25, 52851.0], [2067.5, 108115.0], [2068.0, 1496.0]]}}}
{"jsonrpc": "2.0", "method": "subscription", "params": {"channel": "book.ETH-21MAR25.none.20.100ms", "data": {"timestamp": 1741588036700, "change_id": 61622825285, "instrument_name": "ETH-21MAR25", "bids": [[2063.75, 5762.0], [2063.5, 5791.0], [2063.25, 14866.0], [2063.0, 6004.0], [2062.75, 4157.0], [2062.5, 5652.0], [2062.25, 7005.0], [2062.0, 8598.0], [2061.75, 24948.0], [2061.5, 1599.0], [2061.25, 1239.0], [2061.0, 362.0], [2060.75, 1595.0], [2060.5, 8429.0], [2060.25, 24358.0], [2060.0, 2060.0], [2059.75, 2645.0], [2059.5, 47569.0], [2059.25, 6865.0], [2059.0, 137008.0]], "asks": [[2064.25, 5215.0], [2064.5, 12961.0], [2064.75, 1229.0], [2065.0, 7042.0], [2065.25, 23834.0], [2065.5, 1584.0], [2065.75, 10589.0], [2066.0, 31584.0], [2066.25, 1607.0], [2066.5, 1595.0], [2066.75, 1595.0], [2067.0, 1614.0], [2067.25, 7884.0], [2067.5, 22469.0], [2067.75, 1640.0], [2068.0, 15027.0], [2068.25, 59583.0], [2068.5, 45844.0], [2068.75, 500.0], [2069.25, 1252.0]]}}}
{"jsonrpc": "2.0", "method": "subscription", "params": {"channel": "book.ETH-21MAR25.none.20.100ms", "data": {"timestamp": 1741588036998, "change_id": 61622825487, "instrument_name": "ETH-21MAR25", "bids": [[2063.75, 5762.0], [2063.5, 5791.0], [2063.25, 14866.0], [2063.0, 6004.0], [2062.75, 4157.0], [2062.5, 4707.0], [2062.25, 4007.0], [2062.0, 3987.0], [2061.75, 12729.0], [2061.5, 6129.0], [2061.25, 16456.0], [2061.0, 362.0], [2060.75, 1595.0], [2060.5, 8429.0], [2060.25, 24358.0], [2060.0, 2060.0], [2059.75, 2645.0], [2059.5, 47569.0], [2059.25, 6865.0], [2059.0, 137008.0]], "asks": [[2064.25, 6465.0], [2064.5, 12961.0], [2064.75, 1229.0], [2065.0, 7042.0], [2065.25, 23834.0], [2065.5, 1584.0], [2065.75, 10589.0], [2066.0, 31584.0], [2066.25, 1607.0], [2066.5, 1595.0], [2066.75, 1595.0], [2067.0, 1614.0], [2067.25, 7884.0], [2067.5, 22469.0], [2067.75, 1640.0], [2068.0, 15027.0], [2068.25, 59583.0], [2068.5, 45844.0], [2068.75, 500.0], [2069.25, 1252.0]]}}}
{"jsonrpc": "2.0", "method": "subscription", "params": {"channel": "book.ETH-14MAR25.none.20.100ms", "data": {"timestamp": 1741588037154, "change_id": 61622825744, "instrument_name": "ETH-14MAR25", "bids": [[2062.25, 10736.0], [2062.0, 27268.0], [2061.75, 3524.0], [2061.5, 10491.0], [2061.25, 28997.0], [2061.0, 10459.0], [2060.75, 1938.0], [2060.5, 1912.0], [2060.25, 1886.0], [2060.0, 1938.0], [2059.75, 1938.0], [2059.5, 9435.0], [2059.25, 28239.0], [2059.0, 7049.0], [2058.75, 8655.0], [2058.5, 34920.0], [2058.25, 53294.0], [2058.0, 1468.0], [2057.75, 51448.0], [2057.5, 5.0]], "asks": [[2063.0, 7609.0], [2063.25, 12033.0], [2063.5, 12027.0], [2063.75, 35779.0], [2064.0, 2679.0], [2064.25, 2438.0], [2064.5, 1883.0], [2064.75, 1883.0], [2065.0, 1912.0], [2065.25, 1883.0], [2065.5, 1935.0], [2065.75, 1917.0], [2066.0, 3390.0], [2066.25, 14358.0], [2066.5, 27535.0], [2066.75, 1938.0], [2067.0, 1487.0], [2067.25, 52851.0], [2067.5, 108115.0], [2068.0, 1496.0]]}}}
{"jsonrpc": "2.0", "method": "subscription", "params": {"channel": "book.ETH-21MAR25.none.20.100ms", "data": {"timestamp": 1741588037571, "change_id": 61622826077, "instrument_name": "ETH-21MAR25", "bids": [[2063.75, 5762.0], [2063.5, 5791.0], [2063.25, 14866.0], [2063.0, 6004.0], [2062.75, 4157.0], [2062.5, 4707.0], [2062.25, 4007.0], [2062.0, 3987.0], [2061.75, 12729.0], [2061.5, 6129.0], [2061.25, 16456.0], [2061.0, 362.0], [2060.75, 1595.0], [2060.5, 8429.0], [2060.25, 24358.0], [2060.0, 2060.0], [2059.75, 2645.0], [2059.5, 47569.0], [2059.25, 6865.0], [2059.0, 137008.0]], "asks": [[2064.25, 5215.0], [2064.5, 12961.0], [2064.75, 1229.0], [2065.0, 7042.0], [2065.25, 23834.0], [2065.5, 1584.0], [2065.75, 10589.0], [2066.0, 31584.0], [2066.25, 1607.0], [2066.5, 1595.0], [2066.75, 1595.0], [2067.0, 1614.0], [2067.25, 7884.0], [2067.5, 22469.0], [2067.75, 1640.0], [2068.0, 15027.0], [2068.25, 59583.0], [2068.5, 45844.0], [2068.75, 500.0], [2069.25, 1252.0]]}}}
{"jsonrpc": "2.0", "method": "subscription", "params": {"channel": "book.ETH-14MAR25.none.20.100ms", "data": {"timestamp": 1741588037582, "change_id": 61622826133, "instrument_name": "ETH-14MAR25", "bids": [[2062.25, 10736.0], [2062.0, 27268.0], [2061.75, 3524.0], [2061.5, 10491.0], [2061.25, 28997.0], [2061.0, 10459.0], [2060.75, 1938.0], [2060.5, 1912.0], [2060.25, 1886.0], [2060.0, 1938.0], [2059.75, 1938.0], [2059.5, 9435.0], [2059.25, 28239.0], [2059.0, 7049.0], [2058.75, 8655.0], [2058.5, 34920.0], [2058.25, 53294.0], [2058.0, 1468.0], [2057.75, 51448.0], [2057.5, 5.0]], "asks": [[2062.75, 1.0], [2063.0, 7609.0], [2063.25, 12033.0], [2063.5, 12027.0], [2063.75, 35779.0], [2064.0, 2679.0], [2064.25, 2438.0], [2064.5, 1883.0], [2064.75, 1883.0], [2065.0, 1912.0], [2065.25, 1883.0], [2065.5, 1935.0], [2065.75, 1917.0], [2066.0, 3390.0], [2066.25, 14358.0], [2066.5, 27535.0], [2066.75, 1938.0], [2067.0, 1487.0], [2067.25, 52851.0], [2067.5, 108115.0]]}}}
{"jsonrpc": "2.0", "method": "subscription", "params": {"channel": "book.ETH-21MAR25.none.20.100ms", "data": {"timestamp": 1741588037809, "change_id": 61622826328, "instrument_name": "ETH-21MAR25", "bids": [[2063.75, 5762.0], [2063.5, 5791.0], [2063.25, 14866.0], [2063.0, 6004.0], [2062.75, 4157.0], [2062.5, 4707.0], [2062.25, 4007.0], [2062.0, 3987.0], [2061.75, 12729.0], [2061.5, 6129.0], [2061.25, 16456.0], [2061.0, 362.0], [2060.75, 1595.0], [2060.5, 8429.0], [2060.25, 24358.0], [2060.0, 2060.0], [2059.75, 2645.0], [2059.5, 47569.0], [2059.25, 6865.0], [2059.0, 137008.0]], "asks": [[2064.25, 6465.0], [2064.5, 12961.0], [2064.75, 1229.0], [2065.0, 7042.0], [2065.25, 23834.0], [2065.5, 1584.0], [2065.75, 10589.0], [2066.0, 31584.0], [2066.25, 1607.0], [2066.5, 1595.0], [2066.75, 1595.0], [2067.0, 1614.0], [2067.25, 7884.0], [2067.5, 22469.0], [2067.75, 1640.0], [2068.0, 15027.0], [2068.25, 59583.0], [2068.5, 45844.0], [2068.75, 500.0], [2069.25, 1252.0]]}}}
{"jsonrpc": "2.0", "method": "subscription", "params": {"channel": "book.ETH-14MAR25.none.20.100ms", "data": {"timestamp": 1741588037879, "change_id": 61622826341, "instrument_name": "ETH-14MAR25", "bids": [[2062.25, 7936.0], [2062.0, 27268.0], [2061.75, 3524.0], [2061.5, 10491.0], [2061.25, 28997.0], [2061.0, 10459.0], [2060.75, 1938.0], [2060.5, 1912.0], [2060.25, 1886.0], [2060.0, 1938.0], [2059.75, 1938.0], [2059.5, 9435.0], [2059.25, 28239.0], [2059.0, 7049.0], [2058.75, 8655.0], [2058.5, 34920.0], [2058.25, 53294.0], [2058.0, 1468.0], [2057.75, 51448.0], [2057.5, 5.0]], "asks": [[2062.75, 2999.0], [2063.0, 7609.0], [2063.25, 12033.0], [2063.5, 12027.0], [2063.75, 35779.0], [2064.0, 2679.0], [2064.25, 2438.0], [2064.5, 1883.0], [2064.75, 1883.0], [2065.0, 1912.0], [2065.25, 1883.0], [2065.5, 1935.0], [2065.75, 1917.0], [2066.0, 3390.0], [2066.25, 14358.0], [2066.5, 27535.0], [2066.75, 1938.0], [2067.0, 1487.0], [2067.25, 52851.0], [2067.5, 108115.0]]}}}
{"jsonrpc": "2.0", "method": "subscription", "params": {"channel": "book.ETH-21MAR25.none.20.100ms", "data": {"timestamp": 1741588038245, "change_id": 61622826820, "instrument_name": "ETH-21MAR25", "bids": [[2063.75, 5400.0], [2063.5, 1086.0], [2063.25, 4866.0], [2063.0, 6004.0], [2062.75, 14157.0], [2062.5, 4707.0], [2062.25, 4007.0], [2062.0, 3987.0], [2061.75, 12729.0], [2061.5, 6129.0], [2061.25, 16456.0], [2061.0, 362.0], [2060.75, 1595.0], [2060.5, 8429.0], [2060.25, 24358.0], [2060.0, 2060.0], [2059.75, 2645.0], [2059.5, 47569.0], [2059.25, 6865.0], [2059.0, 137008.0]], "asks": [[2064.25, 14802.0], [2064.5, 12961.0], [2064.75, 1229.0], [2065.0, 4504.0], [2065.25, 15527.0], [2065.5, 1584.0], [2065.75, 10589.0], [2066.0, 31584.0], [2066.25, 1607.0], [2066.5, 1595.0], [2066.75, 1595.0], [2067.0, 1614.0], [2067.25, 7884.0], [2067.5, 22469.0], [2067.75, 1640.0], [2068.0, 15027.0], [2068.25, 59583.0], [2068.5, 45844.0], [2068.75, 500.0], [2069.25, 1252.0]]}}}
{"jsonrpc": "2.0", "method": "subscription", "params": {"channel": "book.ETH-14MAR25.none.20.100ms", "data": {"timestamp": 1741588038201, "change_id": 61622826698, "instrument_name": "ETH-14MAR25", "bids": [[2062.25, 7936.0], [2062.0, 27268.0], [2061.75, 3524.0], [2061.5, 10491.0], [2061.25, 28997.0], [2061.0, 10459.0], [2060.75, 1938.0], [2060.5, 1912.0], [2060.25, 1886.0], [2060.0, 1938.0], [2059.75, 1938.0], [2059.5, 9435.0], [2059.25, 28239.0], [2059.0, 8690.0], [2058.75, 14299.0], [2058.5, 34920.0], [2058.25, 53294.0], [2058.0, 1468.0], [2057.75, 51448.0], [2057.5, 5.0]], "asks": [[2062.75, 2998.0], [2063.0, 7609.0], [2063.25, 12033.0], [2063.5, 12027.0], [2063.75, 35779.0], [2064.0, 2679.0], [2064.25, 2438.0], [2064.5, 1883.0], [2064.75, 1883.0], [2065.0, 1912.0], [2065.25, 1883.0], [2065.5, 1935.0], [2065.75, 1917.0], [2066.0, 3390.0], [2066.25, 14358.0], [2066.5, 27535.0], [2066.75, 1938.0], [2067.0, 1487.0], [2067.25, 52851.0], [2067.5, 108115.0]]}}}
{"jsonrpc": "2.0", "method": "subscription", "params": {"channel": "book.ETH-14MAR25.none.20.100ms", "data": {"timestamp": 1741588038399, "change_id": 61622826985, "instrument_name": "ETH-14MAR25", "bids": [[2062.5, 1301.0], [2062.25, 10736.0], [2062.0, 27268.0], [2061.75, 3524.0], [2061.5, 10491.0], [2061.25, 28997.0], [2061.0, 10459.0], [2060.75, 1938.0], [2060.5, 1912.0], [2060.25, 1886.0], [2060.0, 1938.0], [2059.75, 1938.0], [2059.5, 9435.0], [2059.25, 28239.0], [2059.0, 8690.0], [2058.75, 14299.0], [2058.5, 34920.0], [2058.25, 53294.0], [2058.0, 1468.0], [2057.75, 51448.0]], "asks": [[2063.0, 7609.0], [2063.25, 12033.0], [2063.5, 12027.0], [2063.75, 35779.0], [2064.0, 2679.0], [2064.25, 2438.0], [2064.5, 1883.0], [2064.75, 1883.0], [2065.0, 1912.0], [2065.25, 1883.0], [2065.5, 1935.0], [2065.75, 1917.0], [2066.0, 3390.0], [2066.25, 14358.0], [2066.5, 27535.0], [2066.75, 1938.0], [2067.0, 1487.0], [2067.25, 52851.0], [2067.5, 108115.0], [2068.0, 1496.0]]}}}
{"jsonrpc": "2.0", "method": "subscription", "params": {"channel": "book.ETH-14MAR25.none.20.100ms", "data": {"timestamp": 1741588038912, "change_id": 61622827798, "instrument_name": "ETH-14MAR25", "bids": [[2062.0, 8848.0], [2061.75, 19941.0], [2061.5, 13111.0], [2061.25, 9229.0], [2061.0, 26453.0], [2060.75, 10383.0], [2060.5, 1912.0], [2060.25, 1886.0], [2060.0, 1938.0], [2059.75, 1938.0], [2059.5, 9435.0], [2059.25, 28239.0], [2059.0, 8690.0], [2058.75, 14299.0], [2058.5, 34920.0], [2058.25, 53294.0], [2058.0, 1468.0], [2057.75, 51448.0], [2057.5, 5.0], [2057.25, 1997.0]], "asks": [[2062.5, 1.0], [2062.75, 7905.0], [2063.0, 13533.0], [2063.25, 1913.0], [2063.5, 12027.0], [2063.75, 35779.0], [2064.0, 2679.0], [2064.25, 2438.0], [2064.5, 1883.0], [2064.75, 1883.0], [2065.0, 1912.0], [2065.25, 1883.0], [2065.5, 1935.0], [2065.75, 1917.0], [2066.0, 3390.0], [2066.25, 14358.0], [2066.5, 27535.0], [2066.75, 1938.0], [2067.0, 1487.0], [2067.25, 52851.0]]}}}
{"jsonrpc": "2.0", "method": "subscription", "params": {"channel": "book.ETH-21MAR25.none.20.100ms", "data": {"timestamp": 1741588038847, "change_id": 61622827709, "instrument_name": "ETH-21MAR25", "bids": [[2063.75, 3000.0], [2063.5, 1036.0], [2063.25, 4844.0], [2063.0, 8889.0], [2062.75, 14157.0], [2062.5, 4707.0], [2062.25, 4007.0], [2062.0, 1584.0], [2061.75, 2497.0], [2061.5, 12727.0], [2061.25, 1239.0], [2061.0, 15579.0], [2060.75, 1595.0], [2060.5, 8429.0], [2060.25, 24358.0], [2060.0, 2060.0], [2059.75, 2645.0], [2059.5, 47569.0], [2059.25, 6865.0], [2059.0, 137008.0]], "asks": [[2064.0, 5085.0], [2064.25, 20069.0], [2064.5, 1591.0], [2064.75, 1229.0], [2065.0, 4504.0], [2065.25, 15527.0], [2065.5, 1584.0], [2065.75, 10589.0], [2066.0, 31584.0], [2066.25, 1607.0], [2066.5, 1595.0], [2066.75, 1595.0], [2067.0, 1614.0], [2067.25, 7884.0], [2067.5, 22469.0], [2067.75, 1640.0], [2068.0, 15027.0], [2068.25, 59583.0], [2068.5, 45844.0], [2068.75, 500.0]]}}}
{"jsonrpc": "2.0", "method": "subscription", "params": {"channel": "book.ETH-14MAR25.none.20.100ms", "data": {"timestamp": 1741588039246, "change_id": 61622828244, "instrument_name": "ETH-14MAR25", "bids": [[2062.25, 4089.0], [2062.0, 11614.0], [2061.75, 27042.0], [2061.5, 3231.0], [2061.25, 9229.0], [2061.0, 26453.0], [2060.75, 10383.0], [2060.5, 1912.0], [2060.25, 1886.0], [2060.0, 1938.0], [2059.75, 1938.0], [2059.5, 9435.0], [2059.25, 28239.0], [2059.0, 8690.0], [2058.75, 14299.0], [2058.5, 34920.0], [2058.25, 53294.0], [2058.0, 1468.0], [2057.75, 51448.0], [2057.5, 5.0]], "asks": [[2062.75, 4907.0], [2063.0, 13533.0], [2063.25, 1913.0], [2063.5, 12027.0], [2063.75, 35779.0], [2064.0, 2679.0], [2064.25, 2438.0], [2064.5, 1883.0], [2064.75, 1883.0], [2065.0, 1912.0], [2065.25, 1883.0], [2065.5, 1935.0], [2065.75, 1917.0], [2066.0, 3390.0], [2066.25, 14358.0], [2066.5, 27535.0], [2066.75, 1938.0], [2067.0, 1487.0], [2067.25, 52851.0], [2067.5, 108115.0]]}}}
{"jsonrpc": "2.0", "method": "subscription", "params": {"channel": "book.ETH-21MAR25.none.20.100ms", "data": {"timestamp": 1741588039224, "change_id": 61622828132, "instrument_name": "ETH-21MAR25", "bids": [[2063.75, 3000.0], [2063.5, 2265.0], [2063.25, 4724.0], [2063.0, 8889.0], [2062.75, 14277.0], [2062.5, 4707.0], [2062.25, 4007.0], [2062.0, 1584.0], [2061.75, 2497.0], [2061.5, 12727.0], [2061.25, 1239.0], [2061.0, 15579.0], [2060.75, 1595.0], [2060.5, 8429.0], [2060.25, 24358.0], [2060.0, 2060.0], [2059.75, 2645.0], [2059.5, 47569.0], [2059.25, 6865.0], [2059.0, 137008.0]], "asks": [[2064.0, 1435.0], [2064.25, 20069.0], [2064.5, 1591.0], [2064.75, 1229.0], [2065.0, 4504.0], [2065.25, 15527.0], [2065.5, 1584.0], [2065.75, 10589.0], [2066.0, 31584.0], [2066.25, 1607.0], [2066.5, 1595.0], [2066.75, 1595.0], [2067.0, 1614.0], [2067.25, 7884.0], [2067.5, 22469.0], [2067.75, 1640.0], [2068.0, 15027.0], [2068.25, 59583.0], [2068.5, 45844.0], [2068.75, 500.0]]}}}
{"jsonrpc": "2.0", "method": "subscription", "params": {"channel": "book.ETH-21MAR25.none.20.100ms", "data": {"timestamp": 1741588039419, "change_id": 61622828474, "instrument_name": "ETH-21MAR25", "bids": [[2063.75, 5400.0], [2063.5, 2265.0], [2063.25, 4724.0], [2063.0, 9009.0], [2062.75, 14157.0], [2062.5, 4707.0], [2062.25, 4007.0], [2062.0, 1584.0], [2061.75, 2497.0], [2061.5, 12727.0], [2061.25, 1239.0], [2061.0, 15579.0], [2060.75, 1595.0], [2060.5, 8429.0], [2060.25, 24358.0], [2060.0, 2060.0], [2059.75, 2645.0], [2059.5, 47569.0], [2059.25, 6865.0], [2059.0, 137008.0]], "asks": [[2064.0, 1435.0], [2064.25, 18819.0], [2064.5, 1591.0], [2064.75, 1229.0], [2065.0, 4504.0], [2065.25, 15527.0], [2065.5, 1584.0], [2065.75, 10589.0], [2066.0, 31584.0], [2066.25, 1607.0], [2066.5, 1595.0], [2066.75, 1595.0], [2067.0, 1614.0], [2067.25, 7884.0], [2067.5, 22469.0], [2067.75, 1640.0], [2068.0, 15027.0], [2068.25, 59583.0], [2068.5, 45844.0], [2068.75, 500.0]]}}}
{"jsonrpc": "2.0", "method": "subscription", "params": {"channel": "book.ETH-14MAR25.none.20.100ms", "data": {"timestamp": 1741588039487, "change_id": 61622828527, "instrument_name": "ETH-14MAR25", "bids": [[2062.25, 5536.0], [2062.0, 12740.0], [2061.75, 26036.0], [2061.5, 3111.0], [2061.25, 9229.0], [2061.0, 26453.0], [2060.75, 10383.0], [2060.5, 1912.0], [2060.25, 1886.0], [2060.0, 1938.0], [2059.75, 1938.0], [2059.5, 9435.0], [2059.25, 28239.0], [2059.0, 8690.0], [2058.75, 14299.0], [2058.5, 34920.0], [2058.25, 53294.0], [2058.0, 1468.0], [2057.75, 51448.0], [2057.5, 5.0]], "asks": [[2062.75, 1126.0], [2063.0, 13533.0], [2063.25, 1913.0], [2063.5, 12027.0], [2063.75, 35779.0], [2064.0, 2679.0], [2064.25, 2438.0], [2064.5, 1883.0], [2064.75, 1883.0], [2065.0, 1912.0], [2065.25, 1883.0], [2065.5, 1935.0], [2065.75, 1917.0], [2066.0, 3390.0], [2066.25, 14358.0], [2066.5, 27535.0], [2066.75, 1938.0], [2067.0, 1487.0], [2067.25, 52851.0], [2067.5, 108115.0]]}}}
{"jsonrpc": "2.0", "method": "subscription", "params": {"channel": "book.ETH-21MAR25.none.20.100ms", "data": {"timestamp": 1741588039831, "change_id": 61622828884, "instrument_name": "ETH-21MAR25", "bids": [[2063.75, 5400.0], [2063.5, 2265.0], [2063.25, 8054.0], [2063.0, 16124.0], [2062.75, 4157.0], [2062.5, 4707.0], [2062.25, 4007.0], [2062.0, 1584.0], [2061.75, 2497.0], [2061.5, 12727.0], [2061.25, 5804.0], [2061.0, 15579.0], [2060.75, 1595.0], [2060.5, 8429.0], [2060.25, 24358.0], [2060.0, 2060.0], [2059.75, 2645.0], [2059.5, 47569.0], [2059.25, 6865.0], [2059.0, 137008.0]], "asks": [[2064.0, 1435.0], [2064.25, 18819.0], [2064.5, 1591.0], [2064.75, 1229.0], [2065.0, 4504.0], [2065.25, 15527.0], [2065.5, 1584.0], [2065.75, 10589.0], [2066.0, 31584.0], [2066.25, 1607.0], [2066.5, 1595.0], [2066.75, 1595.0], [2067.0, 1614.0], [2067.25, 7884.0], [2067.5, 22469.0], [2067.75, 1640.0], [2068.0, 15027.0], [2068.25, 59583.0], [2068.5, 45844.0], [2068.75, 500.0]]}}}
{"jsonrpc": "2.0", "method": "subscription", "params": {"channel": "book.ETH-14MAR25.none.20.100ms", "data": {"timestamp": 1741588039882, "change_id": 61622828917, "instrument_name": "ETH-14MAR25", "bids": [[2062.5, 2148.0], [2062.25, 4236.0], [2062.0, 12860.0], [2061.75, 25916.0], [2061.5, 3111.0], [2061.25, 26399.0], [2061.0, 1938.0], [2060.75, 10383.0], [2060.5, 1912.0], [2060.25, 1886.0], [2060.0, 1938.0], [2059.75, 1938.0], [2059.5, 9435.0], [2059.25, 28239.0], [2059.0, 8690.0], [2058.75, 14299.0], [2058.5, 34920.0], [2058.25, 53294.0], [2058.0, 1468.0], [2057.75, 51448.0]], "asks": [[2063.0, 14659.0], [2063.25, 1913.0], [2063.5, 12027.0], [2063.75, 35779.0], [2064.0, 2679.0], [2064.25, 2438.0], [2064.5, 1883.0], [2064.75, 1883.0], [2065.0, 1912.0], [2065.25, 1883.0], [2065.5, 1935.0], [2065.75, 1917.0], [2066.0, 3390.0], [2066.25, 14358.0], [2066.5, 27535.0], [2066.75, 1938.0], [2067.0, 1487.0], [2067.25, 52851.0], [2067.5, 108115.0], [2068.0, 1496.0]]}}}
{"jsonrpc": "2.0", "method": "subscription", "params": {"channel": "book.ETH-21MAR25.none.20.100ms", "data": {"timestamp": 1741588039937, "change_id": 61622829000, "instrument_name": "ETH-21MAR25", "bids": [[2063.75, 5400.0], [2063.5, 2265.0], [2063.25, 8174.0], [2063.0, 16004.0], [2062.75, 4157.0], [2062.5, 4707.0], [2062.25, 4007.0], [2062.0, 1584.0], [2061.75, 2497.0], [2061.5, 12727.0], [2061.25, 5804.0], [2061.0, 15579.0], [2060.75, 1595.0], [2060.5, 8429.0], [2060.25, 24358.0], [2060.0, 2060.0], [2059.75, 2645.0], [2059.5, 47569.0], [2059.25, 6865.0], [2059.0, 137008.0]], "asks": [[2064.0, 1435.0], [2064.25, 18819.0], [2064.5, 1591.0], [2064.75, 1229.0], [2065.0, 4504.0], [2065.25, 15527.0], [2065.5, 1584.0], [2065.75, 10589.0], [2066.0, 31584.0], [2066.25, 1607.0], [2066.5, 1595.0], [2066.75, 1595.0], [2067.0, 1614.0], [2067.25, 7884.0], [2067.5, 22469.0], [2067.75, 1640.0], [2068.0, 15027.0], [2068.25, 59583.0], [2068.5, 45844.0], [2068.75, 500.0]]}}}
{"jsonrpc": "2.0", "method": "subscription", "params": {"channel": "book.ETH-14MAR25.none.20.100ms", "data": {"timestamp": 1741588040178, "change_id": 61622829264, "instrument_name": "ETH-14MAR25", "bids": [[2062.5, 2148.0], [2062.25, 4236.0], [2062.0, 12860.0], [2061.75, 25916.0], [2061.5, 10439.0], [2061.25, 26399.0], [2061.0, 1938.0], [2060.75, 10383.0], [2060.5, 1912.0], [2060.25, 1886.0], [2060.0, 1938.0], [2059.75, 1938.0], [2059.5, 9435.0], [2059.25, 28239.0], [2059.0, 8690.0], [2058.75, 14299.0], [2058.5, 34920.0], [2058.25, 53294.0], [2058.0, 1468.0], [2057.75, 51448.0]], "asks": [[2063.0, 13161.0], [2063.25, 1913.0], [2063.5, 12027.0], [2063.75, 35779.0], [2064.0, 2679.0], [2064.25, 2438.0], [2064.5, 1883.0], [2064.75, 1883.0], [2065.0, 1912.0], [2065.25, 1883.0], [2065.5, 1935.0], [2065.75, 1917.0], [2066.0, 3390.0], [2066.25, 14358.0], [2066.5, 27535.0], [2066.75, 1938.0], [2067.0, 1487.0], [2067.25, 52851.0], [2067.5, 108115.0], [2068.0, 1496.0]]}}}
{"jsonrpc": "2.0", "method": "subscription", "params": {"channel": "book.ETH-14MAR25.none.20.100ms", "data": {"timestamp": 1741588040568, "change_id": 61622829828, "instrument_name": "ETH-14MAR25", "bids": [[2062.5, 1300.0], [2062.25, 9482.0], [2062.0, 17348.0], [2061.75, 15916.0], [2061.5, 10439.0], [2061.25, 26399.0], [2061.0, 1938.0], [2060.75, 10383.0], [2060.5, 1912.0], [2060.25, 1886.0], [2060.0, 1938.0], [2059.75, 1938.0], [2059.5, 9435.0], [2059.25, 28239.0], [2059.0, 8690.0], [2058.75, 14299.0], [2058.5, 34920.0], [2058.25, 53294.0], [2058.0, 1468.0], [2057.75, 51448.0]], "asks": [[2062.75, 1.0], [2063.0, 4539.0], [2063.25, 4895.0], [2063.5, 22673.0], [2063.75, 35779.0], [2064.0, 2679.0], [2064.25, 1912.0], [2064.5, 1883.0], [2064.75, 1883.0], [2065.0, 1912.0], [2065.25, 1883.0], [2065.5, 1935.0], [2065.75, 1917.0], [2066.0, 3390.0], [2066.25, 14358.0], [2066.5, 27535.0], [2066.75, 1938.0], [2067.0, 1487.0], [2067.25, 52851.0], [2067.5, 108115.0]]}}}
{"jsonrpc": "2.0", "method": "subscription", "params": {"channel": "book.ETH-21MAR25.none.20.100ms", "data": {"timestamp": 1741588040428, "change_id": 61622829702, "instrument_name": "ETH-21MAR25", "bids": [[2063.75, 7012.0], [2063.5, 2655.0], [2063.25, 9609.0], [2063.0, 14569.0], [2062.75, 4157.0], [2062.5, 4707.0], [2062.25, 4007.0], [2062.0, 1584.0], [2061.75, 2497.0], [2061.5, 12727.0], [2061.25, 5804.0], [2061.0, 15579.0], [2060.75, 1595.0], [2060.5, 8429.0], [2060.25, 24358.0], [2060.0, 2060.0], [2059.75, 2645.0], [2059.5, 47569.0], [2059.25, 6865.0], [2059.0, 137008.0]], "asks": [[2064.25, 11435.0], [2064.5, 2733.0], [2064.75, 9380.0], [2065.0, 4504.0], [2065.25, 15527.0], [2065.5, 1584.0], [2065.75, 10589.0], [2066.0, 31584.0], [2066.25, 1607.0], [2066.5, 1595.0], [2066.75, 1595.0], [2067.0, 1614.0], [2067.25, 7884.0], [2067.5, 22469.0], [2067.75, 1640.0], [2068.0, 15027.0], [2068.25, 59583.0], [2068.5, 45844.0], [2068.75, 500.0], [2069.25, 1252.0]]}}}
{"jsonrpc": "2.0", "method": "subscription", "params": {"channel": "book.ETH-14MAR25.none.20.100ms", "data": {"timestamp": 1741588040847, "change_id": 61622830118, "instrument_name": "ETH-14MAR25", "bids": [[2062.5, 1300.0], [2062.25, 8356.0], [2062.0, 18474.0], [2061.75, 15916.0], [2061.5, 10439.0], [2061.25, 26399.0], [2061.0, 1938.0], [2060.75, 10383.0], [2060.5, 1912.0], [2060.25, 1886.0], [2060.0, 1938.0], [2059.75, 1938.0], [2059.5, 9435.0], [2059.25, 28239.0], [2059.0, 8690.0], [2058.75, 14299.0], [2058.5, 34920.0], [2058.25, 53294.0], [2058.0, 1468.0], [2057.75, 51448.0]], "asks": [[2062.75, 1.0], [2063.0, 4539.0], [2063.25, 5015.0], [2063.5, 22553.0], [2063.75, 35779.0], [2064.0, 2679.0], [2064.25, 1912.0], [2064.5, 1883.0], [2064.75, 1883.0], [2065.0, 1912.0], [2065.25, 1883.0], [2065.5, 1935.0], [2065.75, 1917.0], [2066.0, 3390.0], [2066.25, 14358.0], [2066.5, 27535.0], [2066.75, 1938.0], [2067.0, 1487.0], [2067.25, 52851.0], [2067.5, 108115.0]]}}}
{"jsonrpc": "2.0", "method": "subscription", "params": {"channel": "book.ETH-21MAR25.none.20.100ms", "data": {"timestamp": 1741588040871, "change_id": 61622830129, "instrument_name": "ETH-21MAR25", "bids": [[2063.75, 5762.0], [2063.5, 2655.0], [2063.25, 9609.0], [2063.0, 14569.0], [2062.75, 4157.0], [2062.5, 4707.0], [2062.25, 4007.0], [2062.0, 1584.0], [2061.75, 4828.0], [2061.5, 12727.0], [2061.25, 5804.0], [2061.0, 15579.0], [2060.75, 1595.0], [2060.5, 8429.0], [2060.25, 24358.0], [2060.0, 2060.0], [2059.75, 2645.0], [2059.5, 47569.0], [2059.25, 6865.0], [2059.0, 137008.0]], "asks": [[2064.25, 11797.0], [2064.5, 4082.0], [2064.75, 9260.0], [2065.0, 4504.0], [2065.25, 15527.0], [2065.5, 1584.0], [2065.75, 10589.0], [2066.0, 31584.0], [2066.25, 1607.0], [2066.5, 1595.0], [2066.75, 1595.0], [2067.0, 1614.0], [2067.25, 7884.0], [2067.5, 22469.0], [2067.75, 1640.0], [2068.0, 15027.0], [2068.25, 59583.0], [2068.5, 45844.0], [2068.75, 500.0], [2069.25, 1252.0]]}}}
{"jsonrpc": "2.0", "method": "subscription", "params": {"channel": "book.ETH-14MAR25.none.20.100ms", "data": {"timestamp": 1741588041169, "change_id": 61622830432, "instrument_name": "ETH-14MAR25", "bids": [[2062.5, 2589.0], [2062.25, 8356.0], [2062.0, 18474.0], [2061.75, 15916.0], [2061.5, 10439.0], [2061.25, 26399.0], [2061.0, 1938.0], [2060.75, 10383.0], [2060.5, 1912.0], [2060.25, 1886.0], [2060.0, 1938.0], [2059.75, 1938.0], [2059.5, 9435.0], [2059.25, 28239.0], [2059.0, 8690.0], [2058.75, 14299.0], [2058.5, 34920.0], [2058.25, 53294.0], [2058.0, 1468.0], [2057.75, 51448.0]], "asks": [[2063.0, 3041.0], [2063.25, 5015.0], [2063.5, 22553.0], [2063.75, 35779.0], [2064.0, 2679.0], [2064.25, 1912.0], [2064.5, 1883.0], [2064.75, 1883.0], [2065.0, 1912.0], [2065.25, 1883.0], [2065.5, 1935.0], [2065.75, 1917.0], [2066.0, 3390.0], [2066.25, 14358.0], [2066.5, 27535.0], [2066.75, 1938.0], [2067.0, 1487.0], [2067.25, 52851.0], [2067.5, 108115.0], [2068.0, 1496.0]]}}}
{"jsonrpc": "2.0", "method": "subscription", "params": {"channel": "book.ETH-21MAR25.none.20.100ms", "data": {"timestamp": 1741588041467, "change_id": 61622830693, "instrument_name": "ETH-21MAR25", "bids": [[2063.75, 5762.0], [2063.5, 2655.0], [2063.25, 9609.0], [2063.0, 14569.0], [2062.75, 4157.0], [2062.5, 4707.0], [2062.25, 4007.0], [2062.0, 1584.0], [2061.75, 4828.0], [2061.5, 12727.0], [2061.25, 5804.0], [2061.0, 15579.0], [2060.75, 1595.0], [2060.5, 8429.0], [2060.25, 24358.0], [2060.0, 2060.0], [2059.75, 2645.0], [2059.5, 47569.0], [2059.25, 6865.0], [2059.0, 137008.0]], "asks": [[2064.25, 13047.0], [2064.5, 4082.0], [2064.75, 9260.0], [2065.0, 4504.0], [2065.25, 15527.0], [2065.5, 1584.0], [2065.75, 10589.0], [2066.0, 31584.0], [2066.25, 1607.0], [2066.5, 1595.0], [2066.75, 1595.0], [2067.0, 1614.0], [2067.25, 7884.0], [2067.5, 22469.0], [2067.75, 1640.0], [2068.0, 15027.0], [2068.25, 59583.0], [2068.5, 45844.0], [2068.75, 500.0], [2069.25, 1252.0]]}}}
{"jsonrpc": "2.0", "method": "subscription", "params": {"channel": "book.ETH-14MAR25.none.20.100ms", "data": {"timestamp": 1741588041559, "change_id": 61622830818, "instrument_name": "ETH-14MAR25", "bids": [[2062.25, 7056.0], [2062.0, 18474.0], [2061.75, 15916.0], [2061.5, 10439.0], [2061.25, 26399.0], [2061.0, 4462.0], [2060.75, 10383.0], [2060.5, 1912.0], [2060.25, 1886.0], [2060.0, 1938.0], [2059.75, 1938.0], [2059.5, 9435.0], [2059.25, 27280.0], [2059.0, 7049.0], [2058.75, 14299.0], [2058.5, 34920.0], [2058.25, 52879.0], [2058.0, 1468.0], [2057.75, 51448.0], [2057.5, 5.0]], "asks": [[2063.0, 4539.0], [2063.25, 5015.0], [2063.5, 22553.0], [2063.75, 35515.0], [2064.0, 2264.0], [2064.25, 1497.0], [2064.5, 1468.0], [2064.75, 1468.0], [2065.0, 1497.0], [2065.25, 1468.0], [2065.5, 1935.0], [2065.75, 1917.0], [2066.0, 1523.0], [2066.25, 6222.0], [2066.5, 27535.0], [2066.75, 1938.0], [2067.0, 1487.0], [2067.25, 52851.0], [2067.5, 108115.0], [2068.0, 1496.0]]}}}
{"jsonrpc": "2.0", "method": "subscription", "params": {"channel": "book.ETH-21MAR25.none.20.100ms", "data": {"timestamp": 1741588041702, "change_id": 61622830977, "instrument_name": "ETH-21MAR25", "bids": [[2063.75, 5400.0], [2063.5, 2655.0], [2063.25, 8174.0], [2063.0, 16004.0], [2062.75, 4157.0], [2062.5, 4707.0], [2062.25, 4007.0], [2062.0, 1584.0], [2061.75, 4828.0], [2061.5, 12727.0], [2061.25, 5804.0], [2061.0, 15579.0], [2060.75, 1595.0], [2060.5, 8429.0], [2060.25, 24358.0], [2060.0, 2060.0], [2059.75, 2645.0], [2059.5, 47569.0], [2059.25, 6865.0], [2059.0, 137008.0]], "asks": [[2064.0, 1435.0], [2064.25, 11612.0], [2064.5, 4082.0], [2064.75, 9260.0], [2065.0, 4504.0], [2065.25, 15527.0], [2065.5, 1584.0], [2065.75, 10589.0], [2066.0, 31584.0], [2066.25, 1607.0], [2066.5, 1595.0], [2066.75, 1595.0], [2067.0, 1614.0], [2067.25, 7884.0], [2067.5, 22469.0], [2067.75, 1640.0], [2068.0, 15027.0], [2068.25, 59583.0], [2068.5, 45844.0], [2068.75, 500.0]]}}}
{"jsonrpc": "2.0", "method": "subscription", "params": {"channel": "book.ETH-14MAR25.none.20.100ms", "data": {"timestamp": 1741588041882, "change_id": 61622831164, "instrument_name": "ETH-14MAR25", "bids": [[2062.5, 1300.0], [2062.25, 7056.0], [2062.0, 18474.0], [2061.75, 15916.0], [2061.5, 10439.0], [2061.25, 26399.0], [2061.0, 4462.0], [2060.75, 10383.0], [2060.5, 1912.0], [2060.25, 1886.0], [2060.0, 1938.0], [2059.75, 1938.0], [2059.5, 9435.0], [2059.25, 27280.0], [2059.0, 7049.0], [2058.75, 14299.0], [2058.5, 34920.0], [2058.25, 52879.0], [2058.0, 1468.0], [2057.75, 51448.0]], "asks": [[2062.75, 1126.0], [2063.0, 6432.0], [2063.25, 12033.0], [2063.5, 12553.0], [2063.75, 35515.0], [2064.0, 2264.0], [2064.25, 1497.0], [2064.5, 1468.0], [2064.75, 1468.0], [2065.0, 1497.0], [2065.25, 1468.0], [2065.5, 1935.0], [2065.75, 1917.0], [2066.0, 1523.0], [2066.25, 6222.0], [2066.5, 27535.0], [2066.75, 1938.0], [2067.0, 1487.0], [2067.25, 52851.0], [2067.5, 108115.0]]}}}
{"jsonrpc": "2.0", "method": "subscription", "params": {"channel": "book.ETH-14MAR25.none.20.100ms", "data": {"timestamp": 1741588042190, "change_id": 61622831624, "instrument_name": "ETH-14MAR25", "bids": [[2062.25, 4058.0], [2062.0, 18474.0], [2061.75, 15916.0], [2061.5, 10439.0], [2061.25, 26399.0], [2061.0, 4462.0], [2060.75, 9857.0], [2060.5, 1912.0], [2060.25, 1886.0], [2060.0, 1938.0], [2059.75, 1938.0], [2059.5, 9435.0], [2059.25, 27280.0], [2059.0, 7049.0], [2058.75, 14299.0], [2058.5, 34920.0], [2058.25, 52879.0], [2058.0, 1468.0], [2057.75, 51448.0], [2057.5, 5.0]], "asks": [[2062.75, 5060.0], [2063.0, 6552.0], [2063.25, 11913.0], [2063.5, 12553.0], [2063.75, 35515.0], [2064.0, 2264.0], [2064.25, 1497.0], [2064.5, 1468.0], [2064.75, 1468.0], [2065.0, 1497.0], [2065.25, 1468.0], [2065.5, 1935.0], [2065.75, 1917.0], [2066.0, 1523.0], [2066.25, 6222.0], [2066.5, 27535.0], [2066.75, 1938.0], [2067.0, 1487.0], [2067.25, 52851.0], [2067.5, 108115.0]]}}}
{"jsonrpc": "2.0", "method": "subscription", "params": {"channel": "book.ETH-21MAR25.none.20.100ms", "data": {"timestamp": 1741588042193, "change_id": 61622831632, "instrument_name": "ETH-21MAR25", "bids": [[2063.75, 3000.0], [2063.5, 1426.0], [2063.25, 8174.0], [2063.0, 16004.0], [2062.75, 4157.0], [2062.5, 4707.0], [2062.25, 4007.0], [2062.0, 1584.0], [2061.75, 4828.0], [2061.5, 12727.0], [2061.25, 5804.0], [2061.0, 15579.0], [2060.75, 1595.0], [2060.5, 8429.0], [2060.25, 24358.0], [2060.0, 2060.0], [2059.75, 2645.0], [2059.5, 47569.0], [2059.25, 6865.0], [2059.0, 137008.0]], "asks": [[2064.0, 2685.0], [2064.25, 12961.0], [2064.5, 3962.0], [2064.75, 9260.0], [2065.0, 4504.0], [2065.25, 15527.0], [2065.5, 1584.0], [2065.75, 10589.0], [2066.0, 31584.0], [2066.25, 1607.0], [2066.5, 1595.0], [2066.75, 1595.0], [2067.0, 1614.0], [2067.25, 7884.0], [2067.5, 22469.0], [2067.75, 1640.0], [2068.0, 15027.0], [2068.25, 59583.0], [2068.5, 45844.0], [2068.75, 500.0]]}}}
{"jsonrpc": "2.0", "method": "subscription", "params": {"channel": "book.ETH-14MAR25.none.20.100ms", "data": {"timestamp": 1741588042523, "change_id": 61622832212, "instrument_name": "ETH-14MAR25", "bids": [[2062.0, 7230.0], [2061.75, 19941.0], [2061.5, 20559.0], [2061.25, 26399.0], [2061.0, 4462.0], [2060.75, 9857.0], [2060.5, 2438.0], [2060.25, 1886.0], [2060.0, 1938.0], [2059.75, 1938.0], [2059.5, 9435.0], [2059.25, 27280.0], [2059.0, 7049.0], [2058.75, 14299.0], [2058.5, 34920.0], [2058.25, 52879.0], [2058.0, 16902.0], [2057.75, 51448.0], [2057.5, 5.0], [2057.25, 1997.0]], "asks": [[2062.5, 1974.0], [2062.75, 6432.0], [2063.0, 12033.0], [2063.25, 1913.0], [2063.5, 12553.0], [2063.75, 35515.0], [2064.0, 2264.0], [2064.25, 1497.0], [2064.5, 1468.0], [2064.75, 1468.0], [2065.0, 1497.0], [2065.25, 1468.0], [2065.5, 1935.0], [2065.75, 1917.0], [2066.0, 1523.0], [2066.25, 6222.0], [2066.5, 27535.0], [2066.75, 1938.0], [2067.0, 1487.0], [2067.25, 52851.0]]}}}
{"jsonrpc": "2.0", "method": "subscription", "params": {"channel": "book.ETH-21MAR25.none.20.100ms", "data": {"timestamp": 1741588042537, "change_id": 61622832238, "instrument_name": "ETH-21MAR25", "bids": [[2063.75, 3000.0], [2063.25, 3495.0], [2063.0, 4920.0], [2062.75, 8574.0], [2062.5, 14707.0], [2062.25, 4007.0], [2062.0, 1584.0], [2061.75, 4828.0], [2061.5, 9729.0], [2061.25, 4237.0], [2061.0, 6119.0], [2060.75, 16812.0], [2060.5, 8429.0], [2060.25, 24358.0], [2060.0, 2060.0], [2059.75, 2645.0], [2059.5, 47569.0], [2059.25, 6865.0], [2059.0, 137008.0], [2058.25, 500.0]], "asks": [[2064.0, 6314.0], [2064.25, 12961.0], [2064.5, 3962.0], [2064.75, 9260.0], [2065.0, 4504.0], [2065.25, 15527.0], [2065.5, 1584.0], [2065.75, 10589.0], [2066.0, 31584.0], [2066.25, 1607.0], [2066.5, 1595.0], [2066.75, 1595.0], [2067.0, 1614.0], [2067.25, 7884.0], [2067.5, 22469.0], [2067.75, 1640.0], [2068.0, 15027.0], [2068.25, 59583.0], [2068.5, 45844.0], [2068.75, 500.0]]}}}
{"jsonrpc": "2.0", "method": "subscription", "params": {"channel": "book.ETH-14MAR25.none.20.100ms", "data": {"timestamp": 1741588042815, "change_id": 61622832497, "instrument_name": "ETH-14MAR25", "bids": [[2062.0, 3615.0], [2061.75, 10940.0], [2061.5, 25623.0], [2061.25, 9229.0], [2061.0, 28977.0], [2060.75, 9857.0], [2060.5, 2438.0], [2060.25, 1886.0], [2060.0, 1938.0], [2059.75, 1938.0], [2059.5, 9435.0], [2059.25, 27280.0], [2059.0, 7049.0], [2058.75, 14299.0], [2058.5, 34920.0], [2058.25, 52879.0], [2058.0, 16902.0], [2057.75, 51448.0], [2057.5, 5.0], [2057.25, 1997.0]], "asks": [[2062.5, 1974.0], [2062.75, 6432.0], [2063.0, 19697.0], [2063.25, 27518.0], [2063.5, 2438.0], [2063.75, 9910.0], [2064.0, 2264.0], [2064.25, 1497.0], [2064.5, 1468.0], [2064.75, 1468.0], [2065.0, 1497.0], [2065.25, 1468.0], [2065.5, 1935.0], [2065.75, 1917.0], [2066.0, 1523.0], [2066.25, 6222.0], [2066.5, 27535.0], [2066.75, 1938.0], [2067.0, 1487.0], [2067.25, 52851.0]]}}}
{"jsonrpc": "2.0", "method": "subscription", "params": {"channel": "book.ETH-21MAR25.none.20.100ms", "data": {"timestamp": 1741588042620, "change_id": 61622832328, "instrument_name": "ETH-21MAR25", "bids": [[2063.75, 3000.0], [2063.25, 3495.0], [2063.0, 7877.0], [2062.75, 15712.0], [2062.5, 4707.0], [2062.25, 4007.0], [2062.0, 1584.0], [2061.75, 4828.0], [2061.5, 9729.0], [2061.25, 4237.0], [2061.0, 6119.0], [2060.75, 16812.0], [2060.5, 8429.0], [2060.25, 24358.0], [2060.0, 2060.0], [2059.75, 2645.0], [2059.5, 47569.0], [2059.25, 6865.0], [2059.0, 137008.0], [2058.25, 500.0]], "asks": [[2064.0, 5085.0], [2064.25, 12961.0], [2064.5, 3962.0], [2064.75, 9260.0], [2065.0, 4504.0], [2065.25, 15527.0], [2065.5, 1584.0], [2065.75, 10589.0], [2066.0, 31584.0], [2066.25, 1607.0], [2066.5, 1595.0], [2066.75, 1595.0], [2067.0, 1614.0], [2067.25, 7884.0], [2067.5, 22469.0], [2067.75, 1640.0], [2068.0, 15027.0], [2068.25, 59583.0], [2068.5, 45844.0], [2068.75, 500.0]]}}}
{"jsonrpc": "2.0", "method": "subscription", "params": {"channel": "book.ETH-14MAR25.none.20.100ms", "data": {"timestamp": 1741588043200, "change_id": 61622832967, "instrument_name": "ETH-14MAR25", "bids": [[2062.25, 4089.0], [2062.0, 5113.0], [2061.75, 10940.0], [2061.5, 25623.0], [2061.25, 9229.0], [2061.0, 28977.0], [2060.75, 9857.0], [2060.5, 2438.0], [2060.25, 1886.0], [2060.0, 1938.0], [2059.75, 1938.0], [2059.5, 9435.0], [2059.25, 27280.0], [2059.0, 7049.0], [2058.75, 14299.0], [2058.5, 34920.0], [2058.25, 52879.0], [2058.0, 16902.0], [2057.75, 51448.0], [2057.5, 5.0]], "asks": [[2062.75, 6180.0], [2063.0, 19577.0], [2063.25, 27518.0], [2063.5, 2438.0], [2063.75, 9910.0], [2064.0, 2264.0], [2064.25, 1497.0], [2064.5, 1468.0], [2064.75, 1468.0], [2065.0, 1497.0], [2065.25, 1468.0], [2065.5, 1935.0], [2065.75, 1917.0], [2066.0, 1523.0], [2066.25, 6222.0], [2066.5, 27535.0], [2066.75, 1938.0], [2067.0, 1487.0], [2067.25, 52851.0], [2067.5, 108115.0]]}}}
{"jsonrpc": "2.0", "method": "subscription", "params": {"channel": "book.ETH-21MAR25.none.20.100ms", "data": {"timestamp": 1741588043050, "change_id": 61622832614, "instrument_name": "ETH-21MAR25", "bids": [[2063.75, 3000.0], [2063.5, 999.0], [2063.25, 4724.0], [2063.0, 7877.0], [2062.75, 15712.0], [2062.5, 4707.0], [2062.25, 4007.0], [2062.0, 1584.0], [2061.75, 4828.0], [2061.5, 9729.0], [2061.25, 4237.0], [2061.0, 6119.0], [2060.75, 16812.0], [2060.5, 8429.0], [2060.25, 24358.0], [2060.0, 2060.0], [2059.75, 2645.0], [2059.5, 47569.0], [2059.25, 6865.0], [2059.0, 137008.0]], "asks": [[2064.0, 1435.0], [2064.25, 12961.0], [2064.5, 3962.0], [2064.75, 9260.0], [2065.0, 4504.0], [2065.25, 15527.0], [2065.5, 1584.0], [2065.75, 10589.0], [2066.0, 31584.0], [2066.25, 1607.0], [2066.5, 1595.0], [2066.75, 1595.0], [2067.0, 1614.0], [2067.25, 7884.0], [2067.5, 22469.0], [2067.75, 1640.0], [2068.0, 15027.0], [2068.25, 59583.0], [2068.5, 45844.0], [2068.75, 500.0]]}}}
{"jsonrpc": "2.0", "method": "subscription", "params": {"channel": "book.ETH-21MAR25.none.20.100ms", "data": {"timestamp": 1741588043541, "change_id": 61622833589, "instrument_name": "ETH-21MAR25", "bids": [[2063.75, 5762.0], [2063.5, 2623.0], [2063.25, 6159.0], [2063.0, 7997.0], [2062.75, 14157.0], [2062.5, 4707.0], [2062.25, 4007.0], [2062.0, 1584.0], [2061.75, 4828.0], [2061.5, 9729.0], [2061.25, 4237.0], [2061.0, 6119.0], [2060.75, 16812.0], [2060.5, 8429.0], [2060.25, 24358.0], [2060.0, 2060.0], [2059.75, 2645.0], [2059.5, 47569.0], [2059.25, 6865.0], [2059.0, 137008.0]], "asks": [[2064.25, 21480.0], [2064.5, 1591.0], [2064.75, 1229.0], [2065.0, 4504.0], [2065.25, 15527.0], [2065.5, 1584.0], [2065.75, 10589.0], [2066.0, 31584.0], [2066.25, 1607.0], [2066.5, 1595.0], [2066.75, 1595.0], [2067.0, 1614.0], [2067.25, 7884.0], [2067.5, 22469.0], [2067.75, 1640.0], [2068.0, 15027.0], [2068.25, 59583.0], [2068.5, 45844.0], [2068.75, 500.0], [2069.25, 1252.0]]}}}
{"jsonrpc": "2.0", "method": "subscription", "params": {"channel": "book.ETH-14MAR25.none.20.100ms", "data": {"timestamp": 1741588043531, "change_id": 61622833581, "instrument_name": "ETH-14MAR25", "bids": [[2062.5, 1300.0], [2062.25, 5925.0], [2062.0, 12890.0], [2061.75, 26036.0], [2061.5, 2696.0], [2061.25, 26399.0], [2061.0, 4462.0], [2060.75, 9857.0], [2060.5, 2438.0], [2060.25, 1886.0], [2060.0, 1938.0], [2059.75, 1938.0], [2059.5, 9435.0], [2059.25, 28125.0], [2059.0, 6634.0], [2058.75, 8655.0], [2058.5, 34920.0], [2058.25, 52879.0], [2058.0, 16902.0], [2057.75, 51448.0]], "asks": [[2063.0, 22203.0], [2063.25, 30177.0], [2063.5, 10436.0], [2063.75, 1883.0], [2064.0, 2264.0], [2064.5, 1468.0], [2064.75, 1468.0], [2065.0, 1497.0], [2065.25, 1883.0], [2065.5, 1935.0], [2065.75, 1502.0], [2066.0, 1523.0], [2066.25, 6222.0], [2066.5, 27535.0], [2066.75, 1938.0], [2067.0, 1487.0], [2067.25, 52851.0], [2067.5, 108115.0], [2068.0, 1496.0], [2068.25, 1517.0]]}}}
{"jsonrpc": "2.0", "method": "subscription", "params": {"channel": "book.ETH-21MAR25.none.20.100ms", "data": {"timestamp": 1741588043617, "change_id": 61622833693, "instrument_name": "ETH-21MAR25", "bids": [[2063.75, 5762.0], [2063.5, 2623.0], [2063.25, 9058.0], [2063.0, 14689.0], [2062.75, 4157.0], [2062.5, 4707.0], [2062.25, 4007.0], [2062.0, 1584.0], [2061.75, 4828.0], [2061.5, 9729.0], [2061.25, 4237.0], [2061.0, 6119.0], [2060.75, 16812.0], [2060.5, 8429.0], [2060.25, 24358.0], [2060.0, 2060.0], [2059.75, 2645.0], [2059.5, 47569.0], [2059.25, 6865.0], [2059.0, 137008.0]], "asks": [[2064.25, 21480.0], [2064.5, 1591.0], [2064.75, 1229.0], [2065.0, 4504.0], [2065.25, 15527.0], [2065.5, 1584.0], [2065.75, 10589.0], [2066.0, 31584.0], [2066.25, 1607.0], [2066.5, 1595.0], [2066.75, 1595.0], [2067.0, 1614.0], [2067.25, 7884.0], [2067.5, 22469.0], [2067.75, 1640.0], [2068.0, 15027.0], [2068.25, 59583.0], [2068.5, 45844.0], [2068.75, 500.0], [2069.25, 1252.0]]}}}
{"jsonrpc": "2.0", "method": "subscription", "params": {"channel": "book.ETH-14MAR25.none.20.100ms", "data": {"timestamp": 1741588043614, "change_id": 61622833689, "instrument_name": "ETH-14MAR25", "bids": [[2062.5, 1300.0], [2062.25, 5925.0], [2062.0, 12890.0], [2061.75, 26036.0], [2061.5, 2696.0], [2061.25, 26399.0], [2061.0, 4462.0], [2060.75, 9857.0], [2060.5, 2438.0], [2060.25, 1886.0], [2060.0, 1938.0], [2059.75, 1938.0], [2059.5, 9435.0], [2059.25, 28125.0], [2059.0, 6634.0], [2058.75, 8655.0], [2058.5, 34920.0], [2058.25, 52879.0], [2058.0, 16902.0], [2057.75, 51448.0]], "asks": [[2062.75, 1.0], [2063.0, 22203.0], [2063.25, 30177.0], [2063.5, 10436.0], [2063.75, 1883.0], [2064.0, 2264.0], [2064.5, 1468.0], [2064.75, 1468.0], [2065.0, 1497.0], [2065.25, 1883.0], [2065.5, 1935.0], [2065.75, 1502.0], [2066.0, 1523.0], [2066.25, 6222.0], [2066.5, 27535.0], [2066.75, 1938.0], [2067.0, 1487.0], [2067.25, 52851.0], [2067.5, 108115.0], [2068.0, 1496.0]]}}}
{"jsonrpc": "2.0", "method": "subscription", "params": {"channel": "book.ETH-21MAR25.none.20.100ms", "data": {"timestamp": 1741588044155, "change_id": 61622834399, "instrument_name": "ETH-21MAR25", "bids": [[2063.75, 3000.0], [2063.5, 1394.0], [2063.25, 7623.0], [2063.0, 16124.0], [2062.75, 4157.0], [2062.5, 4707.0], [2062.25, 4007.0], [2062.0, 1584.0], [2061.75, 4828.0], [2061.5, 10593.0], [2061.25, 4237.0], [2061.0, 6119.0], [2060.75, 16812.0], [2060.5, 8429.0], [2060.25, 24358.0], [2060.0, 2060.0], [2059.75, 2645.0], [2059.5, 47569.0], [2059.25, 6865.0], [2059.0, 137008.0]], "asks": [[2064.0, 2685.0], [2064.25, 20045.0], [2064.5, 1591.0], [2064.75, 1229.0], [2065.0, 4504.0], [2065.25, 15527.0], [2065.5, 1584.0], [2065.75, 10589.0], [2066.0, 31584.0], [2066.25, 1607.0], [2066.5, 1595.0], [2066.75, 1595.0], [2067.0, 1614.0], [2067.25, 7884.0], [2067.5, 22469.0], [2067.75, 1640.0], [2068.0, 15027.0], [2068.25, 59583.0], [2068.5, 45844.0], [2068.75, 500.0]]}}}
{"jsonrpc": "2.0", "method": "subscription", "params": {"channel": "book.ETH-14MAR25.none.20.100ms", "data": {"timestamp": 1741588044182, "change_id": 61622834456, "instrument_name": "ETH-14MAR25", "bids": [[2062.25, 2625.0], [2062.0, 11884.0], [2061.75, 27042.0], [2061.5, 2696.0], [2061.25, 26399.0], [2061.0, 4462.0], [2060.75, 9857.0], [2060.5, 2438.0], [2060.25, 1886.0], [2060.0, 1938.0], [2059.75, 1938.0], [2059.5, 9435.0], [2059.25, 28125.0], [2059.0, 6634.0], [2058.75, 8655.0], [2058.5, 34920.0], [2058.25, 52879.0], [2058.0, 16902.0], [2057.75, 51448.0], [2057.5, 5.0]], "asks": [[2062.75, 8094.0], [2063.0, 21197.0], [2063.25, 30057.0], [2063.5, 10436.0], [2063.75, 1883.0], [2064.0, 2264.0], [2064.5, 1468.0], [2064.75, 1468.0], [2065.0, 1497.0], [2065.25, 1883.0], [2065.5, 1935.0], [2065.75, 1502.0], [2066.0, 1523.0], [2066.25, 6222.0], [2066.5, 27535.0], [2066.75, 1938.0], [2067.0, 1487.0], [2067.25, 52851.0], [2067.5, 108115.0], [2068.0, 1496.0]]}}}
{"jsonrpc": "2.0", "method": "subscription", "params": {"channel": "book.ETH-14MAR25.none.20.100ms", "data": {"timestamp": 1741588044435, "change_id": 61622834826, "instrument_name": "ETH-14MAR25", "bids": [[2062.25, 5613.0], [2062.0, 11884.0], [2061.75, 27042.0], [2061.5, 2696.0], [2061.25, 26399.0], [2061.0, 4462.0], [2060.75, 9857.0], [2060.5, 2438.0], [2060.25, 1886.0], [2060.0, 1938.0], [2059.75, 1938.0], [2059.5, 9435.0], [2059.25, 28125.0], [2059.0, 6634.0], [2058.75, 8655.0], [2058.5, 34920.0], [2058.25, 52879.0], [2058.0, 16902.0], [2057.75, 51448.0], [2057.5, 5.0]], "asks": [[2062.75, 1126.0], [2063.0, 21197.0], [2063.25, 30057.0], [2063.5, 10436.0], [2063.75, 1883.0], [2064.0, 2264.0], [2064.5, 1468.0], [2064.75, 1468.0], [2065.0, 1497.0], [2065.25, 1883.0], [2065.5, 6686.0], [2065.75, 1502.0], [2066.0, 1523.0], [2066.25, 1471.0], [2066.5, 27535.0], [2066.75, 1938.0], [2067.0, 1487.0], [2067.25, 52851.0], [2067.5, 108115.0], [2068.0, 1496.0]]}}}
{"jsonrpc": "2.0", "method": "subscription", "params": {"channel": "book.ETH-21MAR25.none.20.100ms", "data": {"timestamp": 1741588044434, "change_id": 61622834824, "instrument_name": "ETH-21MAR25", "bids": [[2063.75, 5400.0], [2063.5, 2623.0], [2063.25, 7623.0], [2063.0, 16124.0], [2062.75, 4157.0], [2062.5, 4707.0], [2062.25, 4007.0], [2062.0, 1584.0], [2061.75, 4828.0], [2061.5, 10593.0], [2061.25, 4237.0], [2061.0, 6119.0], [2060.75, 16812.0], [2060.5, 8429.0], [2060.25, 24358.0], [2060.0, 2060.0], [2059.75, 2645.0], [2059.5, 47569.0], [2059.25, 6865.0], [2059.0, 137008.0]], "asks": [[2064.0, 1435.0], [2064.25, 20045.0], [2064.5, 1591.0], [2064.75, 1229.0], [2065.0, 4504.0], [2065.25, 15527.0], [2065.5, 1584.0], [2065.75, 10589.0], [2066.0, 31584.0], [2066.25, 1607.0], [2066.5, 1595.0], [2066.75, 1595.0], [2067.0, 1614.0], [2067.25, 7884.0], [2067.5, 22469.0], [2067.75, 1640.0], [2068.0, 15027.0], [2068.25, 59583.0], [2068.5, 45844.0], [2068.75, 500.0]]}}}
{"jsonrpc": "2.0", "method": "subscription", "params": {"channel": "book.ETH-14MAR25.none.20.100ms", "data": {"timestamp": 1741588044862, "change_id": 61622835462, "instrument_name": "ETH-14MAR25", "bids": [[2062.5, 4086.0], [2062.25, 10629.0], [2062.0, 19023.0], [2061.75, 13524.0], [2061.5, 10491.0], [2061.25, 26399.0], [2061.0, 4462.0], [2060.75, 9857.0], [2060.5, 2438.0], [2060.25, 1886.0], [2060.0, 1938.0], [2059.75, 1938.0], [2059.5, 9435.0], [2059.25, 28125.0], [2059.0, 7049.0], [2058.75, 8655.0], [2058.5, 34920.0], [2058.25, 52879.0], [2058.0, 16902.0], [2057.75, 51448.0]], "asks": [[2063.0, 2626.0], [2063.25, 11817.0], [2063.5, 40530.0], [2063.75, 9861.0], [2064.0, 2264.0], [2064.25, 415.0], [2064.5, 1468.0], [2064.75, 1468.0], [2065.0, 1497.0], [2065.25, 1883.0], [2065.5, 6686.0], [2065.75, 1502.0], [2066.0, 1523.0], [2066.25, 9607.0], [2066.5, 27535.0], [2066.75, 1938.0], [2067.0, 1487.0], [2067.25, 52851.0], [2067.5, 108115.0], [2068.0, 1496.0]]}}}
{"jsonrpc": "2.0", "method": "subscription", "params": {"channel": "book.ETH-21MAR25.none.20.100ms", "data": {"timestamp": 1741588044860, "change_id": 61622835459, "instrument_name": "ETH-21MAR25", "bids": [[2063.75, 7012.0], [2063.5, 2623.0], [2063.25, 9178.0], [2063.0, 14569.0], [2062.75, 4157.0], [2062.5, 4707.0], [2062.25, 4007.0], [2062.0, 1584.0], [2061.75, 4828.0], [2061.5, 10593.0], [2061.25, 4237.0], [2061.0, 6119.0], [2060.75, 16812.0], [2060.5, 8429.0], [2060.25, 24358.0], [2060.0, 2060.0], [2059.75, 2645.0], [2059.5, 47569.0], [2059.25, 6865.0], [2059.0, 137008.0]], "asks": [[2064.25, 1435.0], [2064.5, 5515.0], [2064.75, 19560.0], [2065.0, 4504.0], [2065.25, 15527.0], [2065.5, 1584.0], [2065.75, 10589.0], [2066.0, 31584.0], [2066.25, 1607.0], [2066.5, 1595.0], [2066.75, 1595.0], [2067.0, 1614.0], [2067.25, 7884.0], [2067.5, 22469.0], [2067.75, 1640.0], [2068.0, 15027.0], [2068.25, 59583.0], [2068.5, 45844.0], [2068.75, 500.0], [2069.25, 1252.0]]}}}
{"jsonrpc": "2.0", "method": "subscription", "params": {"channel": "book.ETH-21MAR25.none.20.100ms", "data": {"timestamp": 1741588045173, "change_id": 61622835824, "instrument_name": "ETH-21MAR25", "bids": [[2063.75, 5762.0], [2063.5, 2623.0], [2063.25, 9178.0], [2063.0, 14569.0], [2062.75, 4157.0], [2062.5, 4707.0], [2062.25, 4007.0], [2062.0, 1584.0], [2061.75, 4828.0], [2061.5, 10593.0], [2061.25, 4599.0], [2061.0, 6119.0], [2060.75, 16812.0], [2060.5, 8429.0], [2060.25, 24358.0], [2060.0, 2060.0], [2059.75, 2645.0], [2059.5, 47569.0], [2059.25, 6865.0], [2059.0, 137008.0]], "asks": [[2064.25, 4435.0], [2064.5, 12943.0], [2064.75, 9560.0], [2065.0, 4504.0], [2065.25, 15527.0], [2065.5, 1584.0], [2065.75, 10589.0], [2066.0, 31584.0], [2066.25, 1607.0], [2066.5, 1595.0], [2066.75, 1595.0], [2067.0, 1614.0], [2067.25, 7884.0], [2067.5, 22469.0], [2067.75, 1640.0], [2068.0, 15027.0], [2068.25, 59583.0], [2068.5, 45844.0], [2068.75, 500.0], [2069.25, 1252.0]]}}}
{"jsonrpc": "2.0", "method": "subscription", "params": {"channel": "book.ETH-14MAR25.none.20.100ms", "data": {"timestamp": 1741588045188, "change_id": 61622835880, "instrument_name": "ETH-14MAR25", "bids": [[2062.5, 2872.0], [2062.25, 10629.0], [2062.0, 26125.0], [2061.75, 3524.0], [2061.5, 10491.0], [2061.25, 26399.0], [2061.0, 4462.0], [2060.75, 9857.0], [2060.5, 2438.0], [2060.25, 1886.0], [2060.0, 1938.0], [2059.75, 1938.0], [2059.5, 9435.0], [2059.25, 28125.0], [2059.0, 7049.0], [2058.75, 8655.0], [2058.5, 34920.0], [2058.25, 52879.0], [2058.0, 16902.0], [2057.75, 51448.0]], "asks": [[2063.0, 4114.0], [2063.25, 11937.0], [2063.5, 40410.0], [2063.75, 9861.0], [2064.0, 2264.0], [2064.25, 415.0], [2064.5, 1468.0], [2064.75, 1468.0], [2065.0, 1497.0], [2065.25, 1883.0], [2065.5, 6686.0], [2065.75, 1502.0], [2066.0, 1523.0], [2066.25, 9607.0], [2066.5, 27535.0], [2066.75, 1938.0], [2067.0, 1487.0], [2067.25, 52851.0], [2067.5, 108115.0], [2068.0, 1496.0]]}}}
{"jsonrpc": "2.0", "method": "subscription", "params": {"channel": "book.ETH-21MAR25.none.20.100ms", "data": {"timestamp": 1741588045389, "change_id": 61622836211, "instrument_name": "ETH-21MAR25", "bids": [[2063.75, 7012.0], [2063.5, 2623.0], [2063.25, 9178.0], [2063.0, 14569.0], [2062.75, 4157.0], [2062.5, 4707.0], [2062.25, 4007.0], [2062.0, 1584.0], [2061.75, 4828.0], [2061.5, 10593.0], [2061.25, 4599.0], [2061.0, 6119.0], [2060.75, 16812.0], [2060.5, 8429.0], [2060.25, 24358.0], [2060.0, 2060.0], [2059.75, 2645.0], [2059.5, 47569.0], [2059.25, 6865.0], [2059.0, 137008.0]], "asks": [[2064.25, 4435.0], [2064.5, 14223.0], [2064.75, 9560.0], [2065.0, 4504.0], [2065.25, 15527.0], [2065.5, 1584.0], [2065.75, 10589.0], [2066.0, 31584.0], [2066.25, 1607.0], [2066.5, 1595.0], [2066.75, 1595.0], [2067.0, 1614.0], [2067.25, 7884.0], [2067.5, 22469.0], [2067.75, 1640.0], [2068.0, 15027.0], [2068.25, 59583.0], [2068.5, 45844.0], [2068.75, 500.0], [2069.25, 1252.0]]}}}
{"jsonrpc": "2.0", "method": "subscription", "params": {"channel": "book.ETH-14MAR25.none.20.100ms", "data": {"timestamp": 1741588045488, "change_id": 61622836257, "instrument_name": "ETH-14MAR25", "bids": [[2062.5, 4086.0], [2062.25, 11567.0], [2062.0, 27251.0], [2061.75, 3524.0], [2061.5, 10491.0], [2061.25, 26399.0], [2061.0, 4462.0], [2060.75, 9857.0], [2060.5, 2438.0], [2060.25, 1886.0], [2060.0, 1938.0], [2059.75, 1938.0], [2059.5, 9435.0], [2059.25, 28125.0], [2059.0, 7049.0], [2058.75, 8655.0], [2058.5, 34920.0], [2058.25, 52879.0], [2058.0, 16902.0], [2057.75, 51448.0]], "asks": [[2063.0, 1126.0], [2063.25, 11937.0], [2063.5, 40410.0], [2063.75, 9861.0], [2064.0, 2264.0], [2064.25, 415.0], [2064.5, 1468.0], [2064.75, 1468.0], [2065.0, 1497.0], [2065.25, 1883.0], [2065.5, 6686.0], [2065.75, 1502.0], [2066.0, 1523.0], [2066.25, 9607.0], [2066.5, 27535.0], [2066.75, 1938.0], [2067.0, 1487.0], [2067.25, 52851.0], [2067.5, 108115.0], [2068.0, 1496.0]]}}}
{"jsonrpc": "2.0", "method": "subscription", "params": {"channel": "book.ETH-21MAR25.none.20.100ms", "data": {"timestamp": 1741588045794, "change_id": 61622836591, "instrument_name": "ETH-21MAR25", "bids": [[2063.75, 5762.0], [2063.5, 2623.0], [2063.25, 9178.0], [2063.0, 14569.0], [2062.75, 4157.0], [2062.5, 4707.0], [2062.25, 4007.0], [2062.0, 1584.0], [2061.75, 4828.0], [2061.5, 10593.0], [2061.25, 4599.0], [2061.0, 6119.0], [2060.75, 16812.0], [2060.5, 8429.0], [2060.25, 24358.0], [2060.0, 2060.0], [2059.75, 2645.0], [2059.5, 47569.0], [2059.25, 6865.0], [2059.0, 137008.0]], "asks": [[2064.25, 7715.0], [2064.5, 18379.0], [2064.75, 1229.0], [2065.0, 4504.0], [2065.25, 15527.0], [2065.5, 1584.0], [2065.75, 10589.0], [2066.0, 31584.0], [2066.25, 1607.0], [2066.5, 1595.0], [2066.75, 1595.0], [2067.0, 1614.0], [2067.25, 7884.0], [2067.5, 22469.0], [2067.75, 1640.0], [2068.0, 15027.0], [2068.25, 59583.0], [2068.5, 45844.0], [2068.75, 500.0], [2069.25, 1252.0]]}}}
{"jsonrpc": "2.0", "method": "subscription", "params": {"channel": "book.ETH-14MAR25.none.20.100ms", "data": {"timestamp": 1741588045853, "change_id": 61622836766, "instrument_name": "ETH-14MAR25", "bids": [[2062.5, 2586.0], [2062.25, 11567.0], [2062.0, 27251.0], [2061.75, 3524.0], [2061.5, 10491.0], [2061.25, 26399.0], [2061.0, 4462.0], [2060.75, 9857.0], [2060.5, 2438.0], [2060.25, 1886.0], [2060.0, 1938.0], [2059.75, 1938.0], [2059.5, 9435.0], [2059.25, 28125.0], [2059.0, 7049.0], [2058.75, 8655.0], [2058.5, 34920.0], [2058.25, 52879.0], [2058.0, 16902.0], [2057.75, 51448.0]], "asks": [[2063.0, 4529.0], [2063.25, 11937.0], [2063.5, 46203.0], [2063.75, 1883.0], [2064.0, 2264.0], [2064.25, 415.0], [2064.5, 1883.0], [2064.75, 1468.0], [2065.0, 1497.0], [2065.25, 1883.0], [2065.5, 6686.0], [2065.75, 1917.0], [2066.0, 1523.0], [2066.25, 9607.0], [2066.5, 27535.0], [2066.75, 1938.0], [2067.0, 1487.0], [2067.25, 52851.0], [2067.5, 108115.0], [2068.0, 1496.0]]}}}
{"jsonrpc": "2.0", "method": "subscription", "params": {"channel": "book.ETH-14MAR25.none.20.100ms", "data": {"timestamp": 1741588046130, "change_id": 61622837105, "instrument_name": "ETH-14MAR25", "bids": [[2062.5, 2140.0], [2062.25, 10079.0], [2062.0, 27251.0], [2061.75, 3524.0], [2061.5, 10491.0], [2061.25, 26399.0], [2061.0, 4462.0], [2060.75, 9857.0], [2060.5, 2438.0], [2060.25, 1886.0], [2060.0, 1938.0], [2059.75, 1938.0], [2059.5, 9435.0], [2059.25, 28125.0], [2059.0, 7049.0], [2058.75, 14299.0], [2058.5, 34920.0], [2058.25, 53294.0], [2058.0, 16902.0], [2057.75, 51448.0]], "asks": [[2063.0, 7548.0], [2063.25, 21937.0], [2063.5, 36203.0], [2063.75, 1883.0], [2064.0, 2264.0], [2064.25, 415.0], [2064.5, 1468.0], [2065.0, 1497.0], [2065.25, 1883.0], [2065.5, 6686.0], [2065.75, 1917.0], [2066.0, 1523.0], [2066.25, 9607.0], [2066.5, 27535.0], [2066.75, 1938.0], [2067.0, 1487.0], [2067.25, 52851.0], [2067.5, 108115.0], [2068.0, 1496.0], [2068.25, 1517.0]]}}}
{"jsonrpc": "2.0", "method": "subscription", "params": {"channel": "book.ETH-21MAR25.none.20.100ms", "data": {"timestamp": 1741588045963, "change_id": 61622836919, "instrument_name": "ETH-21MAR25", "bids": [[2063.75, 5762.0], [2063.5, 2623.0], [2063.25, 9178.0], [2063.0, 14569.0], [2062.75, 4157.0], [2062.5, 4707.0], [2062.25, 4007.0], [2062.0, 1584.0], [2061.75, 7826.0], [2061.5, 9729.0], [2061.25, 16818.0], [2061.0, 1591.0], [2060.75, 1595.0], [2060.5, 8429.0], [2060.25, 24358.0], [2060.0, 2060.0], [2059.75, 2645.0], [2059.5, 47569.0], [2059.25, 6865.0], [2059.0, 137008.0]], "asks": [[2064.25, 7715.0], [2064.5, 18379.0], [2064.75, 1229.0], [2065.0, 4504.0], [2065.25, 15527.0], [2065.5, 1584.0], [2065.75, 10589.0], [2066.0, 31584.0], [2066.25, 1607.0], [2066.5, 1595.0], [2066.75, 1595.0], [2067.0, 1614.0], [2067.25, 7884.0], [2067.5, 22469.0], [2067.75, 1640.0], [2068.0, 15027.0], [2068.25, 59583.0], [2068.5, 45844.0], [2068.75, 500.0], [2069.25, 1252.0]]}}}
{"jsonrpc": "2.0", "method": "subscription", "params": {"channel": "book.ETH-14MAR25.none.20.100ms", "data": {"timestamp": 1741588046199, "change_id": 61622837236, "instrument_name": "ETH-14MAR25", "bids": [[2062.25, 10079.0], [2062.0, 27251.0], [2061.75, 3524.0], [2061.5, 10491.0], [2061.25, 26399.0], [2061.0, 4462.0], [2060.75, 9857.0], [2060.5, 2438.0], [2060.25, 1886.0], [2060.0, 1938.0], [2059.75, 1938.0], [2059.5, 9435.0], [2059.25, 28125.0], [2059.0, 7049.0], [2058.75, 14299.0], [2058.5, 34920.0], [2058.25, 53294.0], [2058.0, 16902.0], [2057.75, 51448.0], [2057.5, 5.0]], "asks": [[2063.0, 7548.0], [2063.25, 21937.0], [2063.5, 36203.0], [2063.75, 1883.0], [2064.0, 2264.0], [2064.25, 415.0], [2064.5, 1468.0], [2065.0, 1497.0], [2065.25, 1883.0], [2065.5, 6686.0], [2065.75, 1917.0], [2066.0, 1523.0], [2066.25, 9607.0], [2066.5, 27535.0], [2066.75, 1938.0], [2067.0, 1487.0], [2067.25, 52851.0], [2067.5, 108115.0], [2068.0, 1496.0], [2068.25, 1517.0]]}}}
{"jsonrpc": "2.0", "method": "subscription", "params": {"channel": "book.ETH-14MAR25.none.20.100ms", "data": {"timestamp": 1741588046749, "change_id": 61622837780, "instrument_name": "ETH-14MAR25", "bids": [[2062.25, 10079.0], [2062.0, 27251.0], [2061.75, 3524.0], [2061.5, 10491.0], [2061.25, 26399.0], [2061.0, 4462.0], [2060.75, 9857.0], [2060.5, 2438.0], [2060.25, 1886.0], [2060.0, 1938.0], [2059.75, 1938.0], [2059.5, 9435.0], [2059.25, 28125.0], [2059.0, 7049.0], [2058.75, 14299.0], [2058.5, 34920.0], [2058.25, 53294.0], [2058.0, 16902.0], [2057.75, 51448.0], [2057.5, 5.0]], "asks": [[2062.75, 3507.0], [2063.0, 6542.0], [2063.25, 21817.0], [2063.5, 36203.0], [2063.75, 2095.0], [2064.0, 2264.0], [2064.25, 415.0], [2064.5, 1468.0], [2065.0, 1497.0], [2065.25, 3297.0], [2065.5, 6686.0], [2065.75, 1917.0], [2066.0, 1523.0], [2066.25, 9607.0], [2066.5, 27535.0], [2066.75, 1938.0], [2067.0, 1487.0], [2067.25, 52851.0], [2067.5, 108115.0], [2068.0, 1496.0]]}}}
{"jsonrpc": "2.0", "method": "subscription", "params": {"channel": "book.ETH-21MAR25.none.20.100ms", "data": {"timestamp": 1741588046711, "change_id": 61622837765, "instrument_name": "ETH-21MAR25", "bids": [[2063.75, 3000.0], [2063.5, 1394.0], [2063.25, 7743.0], [2063.0, 16004.0], [2062.75, 4157.0], [2062.5, 4707.0], [2062.25, 4007.0], [2062.0, 1584.0], [2061.75, 7826.0], [2061.5, 14259.0], [2061.25, 16818.0], [2061.0, 1591.0], [2060.75, 1595.0], [2060.5, 8429.0], [2060.25, 24358.0], [2060.0, 2060.0], [2059.75, 2645.0], [2059.5, 47569.0], [2059.25, 6865.0], [2059.0, 137008.0]], "asks": [[2064.0, 1435.0], [2064.25, 7680.0], [2064.5, 18259.0], [2064.75, 1229.0], [2065.0, 4504.0], [2065.25, 15527.0], [2065.5, 1584.0], [2065.75, 10589.0], [2066.0, 31584.0], [2066.25, 1607.0], [2066.5, 1595.0], [2066.75, 1595.0], [2067.0, 1614.0], [2067.25, 7884.0], [2067.5, 22469.0], [2067.75, 1640.0], [2068.0, 15027.0], [2068.25, 59583.0], [2068.5, 45844.0], [2068.75, 500.0]]}}}
{"jsonrpc": "2.0", "method": "subscription", "params": {"channel": "book.ETH-14MAR25.none.20.100ms", "data": {"timestamp": 1741588047155, "change_id": 61622838214, "instrument_name": "ETH-14MAR25", "bids": [[2062.5, 1301.0], [2062.25, 10079.0], [2062.0, 27251.0], [2061.75, 3524.0], [2061.5, 10491.0], [2061.25, 26399.0], [2061.0, 4462.0], [2060.75, 9857.0], [2060.5, 2438.0], [2060.25, 1886.0], [2060.0, 1938.0], [2059.75, 1938.0], [2059.5, 9435.0], [2059.25, 28125.0], [2059.0, 7049.0], [2058.75, 14299.0], [2058.5, 34920.0], [2058.25, 53294.0], [2058.0, 16902.0], [2057.75, 51448.0]], "asks": [[2062.75, 3041.0], [2063.0, 6542.0], [2063.25, 21817.0], [2063.5, 36203.0], [2063.75, 2095.0], [2064.0, 2264.0], [2064.25, 415.0], [2064.5, 1468.0], [2065.0, 1497.0], [2065.25, 3297.0], [2065.5, 6686.0], [2065.75, 1917.0], [2066.0, 1523.0], [2066.25, 9607.0], [2066.5, 27535.0], [2066.75, 1938.0], [2067.0, 1487.0], [2067.25, 52851.0], [2067.5, 108115.0], [2068.0, 1496.0]]}}}
{"jsonrpc": "2.0", "method": "subscription", "params": {"channel": "book.ETH-21MAR25.none.20.100ms", "data": {"timestamp": 1741588047491, "change_id": 61622838775, "instrument_name": "ETH-21MAR25", "bids": [[2063.75, 3000.0], [2063.25, 3495.0], [2063.0, 4013.0], [2062.75, 2357.0], [2062.5, 4827.0], [2062.25, 4007.0], [2062.0, 1584.0], [2061.75, 7826.0], [2061.5, 14259.0], [2061.25, 16818.0], [2061.0, 1591.0], [2060.75, 1595.0], [2060.5, 8429.0], [2060.25, 24358.0], [2060.0, 2060.0], [2059.75, 2645.0], [2059.5, 47569.0], [2059.25, 6865.0], [2059.0, 137008.0], [2058.25, 500.0]], "asks": [[2064.0, 3965.0], [2064.25, 15650.0], [2064.5, 8259.0], [2064.75, 1229.0], [2065.0, 4504.0], [2065.25, 15527.0], [2065.5, 1584.0], [2065.75, 10589.0], [2066.0, 31584.0], [2066.25, 1607.0], [2066.5, 1595.0], [2066.75, 1595.0], [2067.0, 1614.0], [2067.25, 7884.0], [2067.5, 22469.0], [2067.75, 1640.0], [2068.0, 15027.0], [2068.25, 59583.0], [2068.5, 45844.0], [2068.75, 500.0]]}}}
{"jsonrpc": "2.0", "method": "subscription", "params": {"channel": "book.ETH-14MAR25.none.20.100ms", "data": {"timestamp": 1741588047501, "change_id": 61622838817, "instrument_name": "ETH-14MAR25", "bids": [[2062.0, 4982.0], [2061.75, 5024.0], [2061.5, 3111.0], [2061.25, 19349.0], [2061.0, 28977.0], [2060.75, 9857.0], [2060.5, 2438.0], [2060.25, 1886.0], [2060.0, 1938.0], [2059.75, 1938.0], [2059.5, 9435.0], [2059.25, 28125.0], [2059.0, 8275.0], [2058.75, 14299.0], [2058.5, 34920.0], [2058.25, 53294.0], [2058.0, 16902.0], [2057.75, 51448.0], [2057.5, 5.0], [2057.25, 1997.0]], "asks": [[2062.5, 4120.0], [2062.75, 6419.0], [2063.0, 15042.0], [2063.25, 11817.0], [2063.5, 36203.0], [2063.75, 2095.0], [2064.0, 2264.0], [2064.25, 415.0], [2064.5, 1468.0], [2064.75, 415.0], [2065.0, 1912.0], [2065.25, 3297.0], [2065.5, 6686.0], [2065.75, 1917.0], [2066.0, 1938.0], [2066.25, 9607.0], [2066.5, 27535.0], [2066.75, 1938.0], [2067.0, 1487.0], [2067.25, 52851.0]]}}}
{"jsonrpc": "2.0", "method": "subscription", "params": {"channel": "book.ETH-21MAR25.none.20.100ms", "data": {"timestamp": 1741588047774, "change_id": 61622839305, "instrument_name": "ETH-21MAR25", "bids": [[2063.75, 3000.0], [2063.25, 3495.0], [2063.0, 4414.0], [2062.75, 6690.0], [2062.5, 14827.0], [2062.25, 4007.0], [2062.0, 1584.0], [2061.75, 7826.0], [2061.5, 14259.0], [2061.25, 16818.0], [2061.0, 1591.0], [2060.75, 1595.0], [2060.5, 8429.0], [2060.25, 24358.0], [2060.0, 2060.0], [2059.75, 2645.0], [2059.5, 47569.0], [2059.25, 6865.0], [2059.0, 137008.0], [2058.25, 500.0]], "asks": [[2064.0, 3965.0], [2064.25, 15650.0], [2064.5, 8259.0], [2064.75, 1229.0], [2065.0, 4504.0], [2065.25, 15527.0], [2065.5, 1584.0], [2065.75, 10589.0], [2066.0, 31584.0], [2066.25, 1607.0], [2066.5, 1595.0], [2066.75, 1595.0], [2067.0, 1614.0], [2067.25, 7884.0], [2067.5, 22469.0], [2067.75, 1640.0], [2068.0, 15027.0], [2068.25, 59583.0], [2068.5, 45844.0], [2068.75, 500.0]]}}}
{"jsonrpc": "2.0", "method": "subscription", "params": {"channel": "book.ETH-14MAR25.none.20.100ms", "data": {"timestamp": 1741588047770, "change_id": 61622839300, "instrument_name": "ETH-14MAR25", "bids": [[2062.0, 1300.0], [2061.75, 5341.0], [2061.5, 25208.0], [2061.25, 1469.0], [2061.0, 26038.0], [2060.75, 9442.0], [2060.5, 2023.0], [2060.25, 1471.0], [2060.0, 1523.0], [2059.75, 1523.0], [2059.5, 1523.0], [2059.25, 26373.0], [2059.0, 6219.0], [2058.75, 8582.0], [2058.5, 19056.0], [2058.25, 52879.0], [2058.0, 1468.0], [2057.75, 51448.0], [2057.5, 5.0], [2057.25, 1997.0]], "asks": [[2062.5, 4114.0], [2062.75, 2988.0], [2063.0, 11608.0], [2063.25, 1498.0], [2063.5, 35788.0], [2063.75, 1468.0], [2064.0, 2264.0], [2064.5, 1468.0], [2065.0, 1497.0], [2065.25, 1468.0], [2065.5, 6271.0], [2065.75, 1502.0], [2066.0, 1523.0], [2066.25, 1471.0], [2066.5, 27120.0], [2066.75, 1523.0], [2067.0, 1487.0], [2067.25, 52851.0], [2067.5, 108115.0], [2068.0, 1496.0]]}}}
{"jsonrpc": "2.0", "method": "subscription", "params": {"channel": "book.ETH-21MAR25.none.20.100ms", "data": {"timestamp": 1741588048037, "change_id": 61622839550, "instrument_name": "ETH-21MAR25", "bids": [[2063.75, 3000.0], [2063.25, 3495.0], [2063.0, 4414.0], [2062.75, 6690.0], [2062.5, 14827.0], [2062.25, 4007.0], [2062.0, 1584.0], [2061.75, 7826.0], [2061.5, 14259.0], [2061.25, 16818.0], [2061.0, 1591.0], [2060.75, 1595.0], [2060.5, 8429.0], [2060.25, 24358.0], [2060.0, 2060.0], [2059.75, 2645.0], [2059.5, 47569.0], [2059.25, 6865.0], [2059.0, 137008.0], [2058.25, 500.0]], "asks": [[2064.0, 14085.0], [2064.25, 5530.0], [2064.5, 8259.0], [2064.75, 1229.0], [2065.0, 4504.0], [2065.25, 15527.0], [2065.5, 1584.0], [2065.75, 10589.0], [2066.0, 31584.0], [2066.25, 1607.0], [2066.5, 1595.0], [2066.75, 1595.0], [2067.0, 1614.0], [2067.25, 7884.0], [2067.5, 22469.0], [2067.75, 1640.0], [2068.0, 15027.0], [2068.25, 59583.0], [2068.5, 45844.0], [2068.75, 500.0]]}}}
{"jsonrpc": "2.0", "method": "subscription", "params": {"channel": "book.ETH-14MAR25.none.20.100ms", "data": {"timestamp": 1741588048164, "change_id": 61622839811, "instrument_name": "ETH-14MAR25", "bids": [[2062.0, 2487.0], [2061.75, 5341.0], [2061.5, 25208.0], [2061.25, 1469.0], [2061.0, 26038.0], [2060.75, 9442.0], [2060.5, 2023.0], [2060.25, 1471.0], [2060.0, 1523.0], [2059.75, 1523.0], [2059.5, 1523.0], [2059.25, 26373.0], [2059.0, 6219.0], [2058.75, 8582.0], [2058.5, 19056.0], [2058.25, 52879.0], [2058.0, 1468.0], [2057.75, 51448.0], [2057.5, 5.0], [2057.25, 1997.0]], "asks": [[2062.5, 4529.0], [2062.75, 3108.0], [2063.0, 11488.0], [2063.25, 1498.0], [2063.5, 35788.0], [2063.75, 1468.0], [2064.0, 2264.0], [2064.5, 1468.0], [2065.0, 1497.0], [2065.25, 1468.0], [2065.5, 6271.0], [2065.75, 1502.0], [2066.0, 1523.0], [2066.25, 1471.0], [2066.5, 27120.0], [2066.75, 1523.0], [2067.0, 1487.0], [2067.25, 52851.0], [2067.5, 108115.0], [2068.0, 1496.0]]}}}
{"jsonrpc": "2.0", "method": "subscription", "params": {"channel": "book.ETH-21MAR25.none.20.100ms", "data": {"timestamp": 1741588048321, "change_id": 61622840066, "instrument_name": "ETH-21MAR25", "bids": [[2063.75, 3000.0], [2063.25, 3495.0], [2063.0, 5120.0], [2062.75, 9210.0], [2062.5, 14707.0], [2062.25, 4007.0], [2062.0, 1584.0], [2061.75, 7826.0], [2061.5, 14259.0], [2061.25, 16818.0], [2061.0, 1591.0], [2060.75, 1595.0], [2060.5, 8429.0], [2060.25, 24358.0], [2060.0, 2060.0], [2059.75, 2645.0], [2059.5, 47569.0], [2059.25, 6865.0], [2059.0, 137008.0], [2058.25, 500.0]], "asks": [[2064.0, 14085.0], [2064.25, 5530.0], [2064.5, 8259.0], [2064.75, 1229.0], [2065.0, 4504.0], [2065.25, 15527.0], [2065.5, 1584.0], [2065.75, 10589.0], [2066.0, 31584.0], [2066.25, 1607.0], [2066.5, 1595.0], [2066.75, 1595.0], [2067.0, 1614.0], [2067.25, 7884.0], [2067.5, 22469.0], [2067.75, 1640.0], [2068.0, 15027.0], [2068.25, 59583.0], [2068.5, 45844.0], [2068.75, 500.0]]}}}
{"jsonrpc": "2.0", "method": "subscription", "params": {"channel": "book.ETH-14MAR25.none.20.100ms", "data": {"timestamp": 1741588048173, "change_id": 61622839860, "instrument_name": "ETH-14MAR25", "bids": [[2062.0, 2902.0], [2061.75, 12903.0], [2061.5, 25623.0], [2061.25, 9280.0], [2061.0, 28871.0], [2060.75, 9857.0], [2060.5, 2438.0], [2060.25, 1886.0], [2060.0, 1938.0], [2059.75, 1938.0], [2059.5, 9435.0], [2059.25, 28239.0], [2059.0, 8794.0], [2058.75, 14299.0], [2058.5, 34920.0], [2058.25, 53294.0], [2058.0, 16902.0], [2057.75, 51448.0], [2057.5, 5.0], [2057.25, 1997.0]], "asks": [[2062.5, 5046.0], [2062.75, 6554.0], [2063.0, 11903.0], [2063.25, 12234.0], [2063.5, 36203.0], [2063.75, 2147.0], [2064.0, 2264.0], [2064.25, 415.0], [2064.5, 1468.0], [2064.75, 415.0], [2065.0, 1912.0], [2065.25, 3349.0], [2065.5, 6686.0], [2065.75, 1917.0], [2066.0, 1938.0], [2066.25, 9607.0], [2066.5, 27535.0], [2066.75, 1523.0], [2067.0, 1487.0], [2067.25, 52851.0]]}}}
{"jsonrpc": "2.0", "method": "subscription", "params": {"channel": "book.ETH-14MAR25.none.20.100ms", "data": {"timestamp": 1741588048803, "change_id": 61622840387, "instrument_name": "ETH-14MAR25", "bids": [[2062.0, 2902.0], [2061.75, 12903.0], [2061.5, 25623.0], [2061.25, 9280.0], [2061.0, 28871.0], [2060.75, 9857.0], [2060.5, 1912.0], [2060.25, 2412.0], [2060.0, 1938.0], [2059.75, 1938.0], [2059.5, 9435.0], [2059.25, 28239.0], [2059.0, 8794.0], [2058.75, 14299.0], [2058.5, 34920.0], [2058.25, 53294.0], [2058.0, 16902.0], [2057.75, 51448.0], [2057.5, 5.0], [2057.25, 1997.0]], "asks": [[2062.5, 7930.0], [2062.75, 13523.0], [2063.0, 1903.0], [2063.25, 12234.0], [2063.5, 36203.0], [2063.75, 2147.0], [2064.0, 2264.0], [2064.25, 415.0], [2064.5, 1468.0], [2064.75, 415.0], [2065.0, 1912.0], [2065.25, 3349.0], [2065.5, 6686.0], [2065.75, 1917.0], [2066.0, 1938.0], [2066.25, 9607.0], [2066.5, 27120.0], [2067.0, 1487.0], [2067.25, 52851.0], [2067.5, 108115.0]]}}}
{"jsonrpc": "2.0", "method": "subscription", "params": {"channel": "book.ETH-21MAR25.none.20.100ms", "data": {"timestamp": 1741588048965, "change_id": 61622840596, "instrument_name": "ETH-21MAR25", "bids": [[2063.75, 3000.0], [2063.25, 3495.0], [2063.0, 5120.0], [2062.75, 9210.0], [2062.5, 14707.0], [2062.25, 4007.0], [2062.0, 1584.0], [2061.75, 4828.0], [2061.5, 9729.0], [2061.25, 4599.0], [2061.0, 1591.0], [2060.75, 16812.0], [2060.5, 8429.0], [2060.25, 24358.0], [2060.0, 2060.0], [2059.75, 2645.0], [2059.5, 47569.0], [2059.25, 6865.0], [2059.0, 137008.0], [2058.25, 500.0]], "asks": [[2064.0, 14085.0], [2064.25, 5530.0], [2064.5, 8259.0], [2064.75, 1229.0], [2065.0, 4504.0], [2065.25, 15527.0], [2065.5, 1584.0], [2065.75, 10589.0], [2066.0, 31584.0], [2066.25, 1607.0], [2066.5, 1595.0], [2066.75, 1595.0], [2067.0, 1614.0], [2067.25, 7884.0], [2067.5, 22469.0], [2067.75, 1640.0], [2068.0, 15027.0], [2068.25, 59583.0], [2068.5, 45844.0], [2068.75, 500.0]]}}}
{"jsonrpc": "2.0", "method": "subscription", "params": {"channel": "book.ETH-14MAR25.none.20.100ms", "data": {"timestamp": 1741588049087, "change_id": 61622840711, "instrument_name": "ETH-14MAR25", "bids": [[2062.0, 2902.0], [2061.75, 9852.0], [2061.5, 15623.0], [2061.25, 9280.0], [2061.0, 38871.0], [2060.75, 9857.0], [2060.5, 1912.0], [2060.25, 2412.0], [2060.0, 1938.0], [2059.75, 1938.0], [2059.5, 9435.0], [2059.25, 28239.0], [2059.0, 8794.0], [2058.75, 14299.0], [2058.5, 34920.0], [2058.25, 53294.0], [2058.0, 16902.0], [2057.75, 51448.0], [2057.5, 5.0], [2057.25, 1997.0]], "asks": [[2062.5, 7930.0], [2062.75, 13523.0], [2063.0, 1903.0], [2063.25, 12234.0], [2063.5, 36203.0], [2063.75, 2147.0], [2064.0, 2264.0], [2064.25, 415.0], [2064.5, 1468.0], [2064.75, 415.0], [2065.0, 1912.0], [2065.25, 3349.0], [2065.5, 6686.0], [2065.75, 1917.0], [2066.0, 1938.0], [2066.25, 9607.0], [2066.5, 27120.0], [2067.0, 1487.0], [2067.25, 52851.0], [2067.5, 108115.0]]}}}
{"jsonrpc": "2.0", "method": "subscription", "params": {"channel": "book.ETH-14MAR25.none.20.100ms", "data": {"timestamp": 1741588049686, "change_id": 61622841326, "instrument_name": "ETH-14MAR25", "bids": [[2062.0, 2902.0], [2061.75, 12340.0], [2061.5, 25623.0], [2061.25, 9280.0], [2061.0, 28871.0], [2060.75, 9857.0], [2060.5, 1912.0], [2060.25, 2412.0], [2060.0, 1938.0], [2059.75, 1938.0], [2059.5, 9435.0], [2059.25, 28239.0], [2059.0, 7049.0], [2058.75, 8655.0], [2058.5, 34920.0], [2058.25, 53294.0], [2058.0, 16902.0], [2057.75, 51448.0], [2057.5, 5.0], [2057.25, 1997.0]], "asks": [[2062.5, 7930.0], [2062.75, 13523.0], [2063.0, 1903.0], [2063.25, 12234.0], [2063.5, 36203.0], [2063.75, 2147.0], [2064.0, 2264.0], [2064.25, 415.0], [2064.5, 1468.0], [2064.75, 415.0], [2065.0, 1912.0], [2065.25, 3349.0], [2065.5, 6686.0], [2065.75, 1917.0], [2066.0, 1938.0], [2066.25, 9607.0], [2066.5, 27120.0], [2067.0, 1487.0], [2067.25, 52851.0], [2067.5, 108115.0]]}}}
{"jsonrpc": "2.0", "method": "subscription", "params": {"channel": "book.ETH-14MAR25.none.20.100ms", "data": {"timestamp": 1741588050145, "change_id": 61622841975, "instrument_name": "ETH-14MAR25", "bids": [[2061.75, 9699.0], [2061.5, 26749.0], [2061.25, 9280.0], [2061.0, 28905.0], [2060.75, 10145.0], [2060.5, 1912.0], [2060.25, 2412.0], [2060.0, 1938.0], [2059.75, 1523.0], [2059.5, 9383.0], [2059.25, 28239.0], [2059.0, 7049.0], [2058.75, 8655.0], [2058.5, 34920.0], [2058.25, 53294.0], [2058.0, 16902.0], [2057.75, 51448.0], [2057.5, 5.0], [2057.25, 1997.0], [2057.0, 7142.0]], "asks": [[2062.5, 7930.0], [2062.75, 12393.0], [2063.0, 3203.0], [2063.25, 12234.0], [2063.5, 36203.0], [2063.75, 2147.0], [2064.0, 2264.0], [2064.25, 415.0], [2064.5, 1468.0], [2064.75, 415.0], [2065.0, 1912.0], [2065.25, 3349.0], [2065.5, 6686.0], [2065.75, 1917.0], [2066.0, 1938.0], [2066.25, 9607.0], [2066.5, 27120.0], [2067.0, 1487.0], [2067.25, 52851.0], [2067.5, 108115.0]]}}}
{"jsonrpc": "2.0", "method": "subscription", "params": {"channel": "book.ETH-21MAR25.none.20.100ms", "data": {"timestamp": 1741588050136, "change_id": 61622841930, "instrument_name": "ETH-21MAR25", "bids": [[2063.75, 3000.0], [2063.25, 3075.0], [2063.0, 3869.0], [2062.75, 9210.0], [2062.5, 14707.0], [2062.25, 4007.0], [2062.0, 1584.0], [2061.75, 1634.0], [2061.5, 9618.0], [2061.25, 4599.0], [2061.0, 6119.0], [2060.75, 16812.0], [2060.5, 8429.0], [2060.25, 24358.0], [2060.0, 2060.0], [2059.75, 2645.0], [2059.5, 47569.0], [2059.25, 6865.0], [2059.0, 137008.0], [2058.25, 500.0]], "asks": [[2064.0, 14085.0], [2064.25, 5530.0], [2064.5, 8259.0], [2064.75, 1229.0], [2065.0, 4504.0], [2065.25, 15527.0], [2065.5, 1584.0], [2065.75, 10589.0], [2066.0, 31584.0], [2066.25, 1607.0], [2066.5, 1595.0], [2066.75, 1595.0], [2067.0, 1614.0], [2067.25, 7884.0], [2067.5, 22469.0], [2067.75, 1640.0], [2068.0, 15027.0], [2068.25, 59583.0], [2068.5, 45844.0], [2068.75, 500.0]]}}}
{"jsonrpc": "2.0", "method": "subscription", "params": {"channel": "book.ETH-14MAR25.none.20.100ms", "data": {"timestamp": 1741588050313, "change_id": 61622842314, "instrument_name": "ETH-14MAR25", "bids": [[2062.0, 2058.0], [2061.75, 9699.0], [2061.5, 26749.0], [2061.25, 9280.0], [2061.0, 26453.0], [2060.75, 1938.0], [2060.5, 4400.0], [2060.25, 10266.0], [2060.0, 1938.0], [2059.75, 1938.0], [2059.5, 9383.0], [2059.25, 28239.0], [2059.0, 7049.0], [2058.75, 8655.0], [2058.5, 34920.0], [2058.25, 53294.0], [2058.0, 16902.0], [2057.75, 51448.0], [2057.5, 5.0], [2057.25, 1997.0]], "asks": [[2062.5, 7930.0], [2062.75, 12393.0], [2063.0, 3203.0], [2063.25, 12234.0], [2063.5, 36203.0], [2063.75, 2147.0], [2064.0, 2264.0], [2064.25, 415.0], [2064.5, 1468.0], [2064.75, 415.0], [2065.0, 1912.0], [2065.25, 3349.0], [2065.5, 6686.0], [2065.75, 1917.0], [2066.0, 1938.0], [2066.25, 9607.0], [2066.5, 27120.0], [2067.0, 1487.0], [2067.25, 52851.0], [2067.5, 108115.0]]}}}
{"jsonrpc": "2.0", "method": "subscription", "params": {"channel": "book.ETH-21MAR25.none.20.100ms", "data": {"timestamp": 1741588050475, "change_id": 61622842451, "instrument_name": "ETH-21MAR25", "bids": [[2063.75, 3000.0], [2063.25, 3075.0], [2063.0, 5149.0], [2062.75, 9210.0], [2062.5, 14707.0], [2062.25, 4007.0], [2062.0, 1584.0], [2061.75, 1634.0], [2061.5, 1599.0], [2061.25, 12806.0], [2061.0, 6119.0], [2060.75, 16812.0], [2060.5, 8429.0], [2060.25, 24358.0], [2060.0, 2060.0], [2059.75, 2645.0], [2059.5, 47569.0], [2059.25, 6865.0], [2059.0, 137008.0], [2058.25, 500.0]], "asks": [[2064.0, 14085.0], [2064.25, 5530.0], [2064.5, 8259.0], [2064.75, 1229.0], [2065.0, 4504.0], [2065.25, 15527.0], [2065.5, 1584.0], [2065.75, 10589.0], [2066.0, 31584.0], [2066.25, 1607.0], [2066.5, 1595.0], [2066.75, 1595.0], [2067.0, 1614.0], [2067.25, 7884.0], [2067.5, 22469.0], [2067.75, 1640.0], [2068.0, 15027.0], [2068.25, 59583.0], [2068.5, 45844.0], [2068.75, 500.0]]}}}
{"jsonrpc": "2.0", "method": "subscription", "params": {"channel": "book.ETH-14MAR25.none.20.100ms", "data": {"timestamp": 1741588050782, "change_id": 61622842699, "instrument_name": "ETH-14MAR25", "bids": [[2062.0, 1300.0], [2061.75, 11187.0], [2061.5, 26749.0], [2061.25, 9280.0], [2061.0, 26453.0], [2060.75, 1938.0], [2060.5, 4400.0], [2060.25, 10266.0], [2060.0, 1938.0], [2059.75, 1938.0], [2059.5, 9383.0], [2059.25, 28239.0], [2059.0, 7049.0], [2058.75, 8655.0], [2058.5, 34920.0], [2058.25, 53294.0], [2058.0, 16902.0], [2057.75, 51448.0], [2057.5, 5.0], [2057.25, 1997.0]], "asks": [[2062.25, 1.0], [2062.5, 7930.0], [2062.75, 12393.0], [2063.0, 3203.0], [2063.25, 12234.0], [2063.5, 36203.0], [2063.75, 2147.0], [2064.0, 2264.0], [2064.25, 415.0], [2064.5, 1468.0], [2064.75, 415.0], [2065.0, 1912.0], [2065.25, 3349.0], [2065.5, 6686.0], [2065.75, 1917.0], [2066.0, 1938.0], [2066.25, 9607.0], [2066.5, 27120.0], [2067.0, 1487.0], [2067.25, 52851.0]]}}}
{"jsonrpc": "2.0", "method": "subscription", "params": {"channel": "book.ETH-21MAR25.none.20.100ms", "data": {"timestamp": 1741588050477, "change_id": 61622842453, "instrument_name": "ETH-21MAR25", "bids": [[2063.75, 3000.0], [2063.25, 3420.0], [2063.0, 5149.0], [2062.75, 9210.0], [2062.5, 14707.0], [2062.25, 4007.0], [2062.0, 1584.0], [2061.75, 1634.0], [2061.5, 1599.0], [2061.25, 12806.0], [2061.0, 6119.0], [2060.75, 16812.0], [2060.5, 8429.0], [2060.25, 24358.0], [2060.0, 2060.0], [2059.75, 2645.0], [2059.5, 47569.0], [2059.25, 6865.0], [2059.0, 137008.0], [2058.25, 500.0]], "asks": [[2064.0, 14085.0], [2064.25, 5530.0], [2064.5, 8259.0], [2064.75, 1229.0], [2065.0, 4504.0], [2065.25, 15527.0], [2065.5, 1584.0], [2065.75, 10589.0], [2066.0, 31584.0], [2066.25, 1607.0], [2066.5, 1595.0], [2066.75, 1595.0], [2067.0, 1614.0], [2067.25, 7884.0], [2067.5, 22469.0], [2067.75, 1640.0], [2068.0, 15027.0], [2068.25, 59583.0], [2068.5, 45844.0], [2068.75, 500.0]]}}}
{"jsonrpc": "2.0", "method": "subscription", "params": {"channel": "book.ETH-14MAR25.none.20.100ms", "data": {"timestamp": 1741588051076, "change_id": 61622842950, "instrument_name": "ETH-14MAR25", "bids": [[2062.0, 2556.0], [2061.75, 11187.0], [2061.5, 26749.0], [2061.25, 9280.0], [2061.0, 26453.0], [2060.75, 1938.0], [2060.5, 4400.0], [2060.25, 10266.0], [2060.0, 1938.0], [2059.75, 1938.0], [2059.5, 9383.0], [2059.25, 28239.0], [2059.0, 7049.0], [2058.75, 8655.0], [2058.5, 34920.0], [2058.25, 53294.0], [2058.0, 16902.0], [2057.75, 51448.0], [2057.5, 5.0], [2057.25, 1997.0]], "asks": [[2062.5, 7930.0], [2062.75, 12393.0], [2063.0, 3203.0], [2063.25, 12234.0], [2063.5, 36203.0], [2063.75, 2147.0], [2064.0, 2264.0], [2064.25, 415.0], [2064.5, 1468.0], [2064.75, 415.0], [2065.0, 1912.0], [2065.25, 3349.0], [2065.5, 6686.0], [2065.75, 1917.0], [2066.0, 1938.0], [2066.25, 9607.0], [2066.5, 27120.0], [2067.0, 1487.0], [2067.25, 52851.0], [2067.5, 108115.0]]}}}
{"jsonrpc": "2.0", "method": "subscription", "params": {"channel": "book.ETH-21MAR25.none.20.100ms", "data": {"timestamp": 1741588051287, "change_id": 61622843293, "instrument_name": "ETH-21MAR25", "bids": [[2063.75, 3000.0], [2063.25, 3420.0], [2063.0, 5149.0], [2062.75, 9210.0], [2062.5, 14707.0], [2062.25, 4007.0], [2062.0, 1584.0], [2061.75, 1634.0], [2061.5, 4925.0], [2061.25, 12806.0], [2061.0, 6119.0], [2060.75, 16812.0], [2060.5, 8429.0], [2060.25, 24358.0], [2060.0, 2060.0], [2059.75, 2645.0], [2059.5, 47569.0], [2059.25, 6865.0], [2059.0, 137008.0], [2058.25, 500.0]], "asks": [[2064.0, 14085.0], [2064.25, 5530.0], [2064.5, 8940.0], [2064.75, 3629.0], [2065.0, 4504.0], [2065.25, 15527.0], [2065.5, 1584.0], [2065.75, 10589.0], [2066.0, 31584.0], [2066.25, 1607.0], [2066.5, 1595.0], [2066.75, 1595.0], [2067.0, 1614.0], [2067.25, 7884.0], [2067.5, 22469.0], [2067.75, 1640.0], [2068.0, 15027.0], [2068.25, 59583.0], [2068.5, 45844.0], [2068.75, 500.0]]}}}
{"jsonrpc": "2.0", "method": "subscription", "params": {"channel": "book.ETH-14MAR25.none.20.100ms", "data": {"timestamp": 1741588051384, "change_id": 61622843433, "instrument_name": "ETH-14MAR25", "bids": [[2062.0, 2556.0], [2061.75, 11187.0], [2061.5, 26749.0], [2061.25, 9280.0], [2061.0, 26453.0], [2060.75, 1938.0], [2060.5, 4400.0], [2060.25, 10266.0], [2060.0, 1938.0], [2059.75, 1938.0], [2059.5, 9383.0], [2059.25, 28239.0], [2059.0, 7049.0], [2058.75, 8655.0], [2058.5, 34920.0], [2058.25, 53294.0], [2058.0, 16902.0], [2057.75, 51448.0], [2057.5, 5.0], [2057.25, 1997.0]], "asks": [[2062.5, 7930.0], [2062.75, 12393.0], [2063.0, 3203.0], [2063.25, 12234.0], [2063.5, 36203.0], [2063.75, 2147.0], [2064.0, 2264.0], [2064.25, 415.0], [2064.5, 1468.0], [2064.75, 415.0], [2065.0, 1912.0], [2065.25, 3349.0], [2065.5, 6686.0], [2065.75, 1917.0], [2066.0, 1938.0], [2066.25, 9607.0], [2066.5, 27120.0], [2067.0, 1487.0], [2067.25, 52851.0], [2067.5, 108115.0]]}}}
{"jsonrpc": "2.0", "method": "subscription", "params": {"channel": "book.ETH-14MAR25.none.20.100ms", "data": {"timestamp": 1741588052126, "change_id": 61622843904, "instrument_name": "ETH-14MAR25", "bids": [[2062.0, 2141.0], [2061.75, 11187.0], [2061.5, 26749.0], [2061.25, 9280.0], [2061.0, 26453.0], [2060.75, 1938.0], [2060.5, 4400.0], [2060.25, 10266.0], [2060.0, 1938.0], [2059.75, 1938.0], [2059.5, 9383.0], [2059.25, 28239.0], [2059.0, 7049.0], [2058.75, 8655.0], [2058.5, 34920.0], [2058.25, 53294.0], [2058.0, 16902.0], [2057.75, 51448.0], [2057.5, 5.0], [2057.25, 1997.0]], "asks": [[2062.5, 7930.0], [2062.75, 12393.0], [2063.0, 3203.0], [2063.25, 12234.0], [2063.5, 36203.0], [2063.75, 2147.0], [2064.0, 2264.0], [2064.25, 415.0], [2064.5, 1468.0], [2064.75, 415.0], [2065.0, 1912.0], [2065.25, 3349.0], [2065.5, 6686.0], [2065.75, 1917.0], [2066.0, 1938.0], [2066.25, 9607.0], [2066.5, 27120.0], [2067.0, 1487.0], [2067.25, 52851.0], [2067.5, 108115.0]]}}}
{"jsonrpc": "2.0", "method": "subscription", "params": {"channel": "book.ETH-14MAR25.none.20.100ms", "data": {"timestamp": 1741588052373, "change_id": 61622844311, "instrument_name": "ETH-14MAR25", "bids": [[2062.0, 1300.0], [2061.75, 11187.0], [2061.5, 26749.0], [2061.25, 9280.0], [2061.0, 26453.0], [2060.75, 1938.0], [2060.5, 4400.0], [2060.25, 10266.0], [2060.0, 1938.0], [2059.75, 1938.0], [2059.5, 9383.0], [2059.25, 28239.0], [2059.0, 7049.0], [2058.75, 8655.0], [2058.5, 34920.0], [2058.25, 53294.0], [2058.0, 16902.0], [2057.75, 51448.0], [2057.5, 5.0], [2057.25, 1997.0]], "asks": [[2062.25, 1.0], [2062.5, 7930.0], [2062.75, 12393.0], [2063.0, 3203.0], [2063.25, 12234.0], [2063.5, 36203.0], [2063.75, 2147.0], [2064.0, 2264.0], [2064.25, 415.0], [2064.5, 1468.0], [2064.75, 415.0], [2065.0, 1912.0], [2065.25, 3349.0], [2065.5, 6686.0], [2065.75, 1917.0], [2066.0, 1938.0], [2066.25, 9607.0], [2066.5, 27120.0], [2067.0, 1487.0], [2067.25, 52851.0]]}}}
{"jsonrpc": "2.0", "method": "subscription", "params": {"channel": "book.ETH-14MAR25.none.20.100ms", "data": {"timestamp": 1741588052715, "change_id": 61622844495, "instrument_name": "ETH-14MAR25", "bids": [[2062.0, 2556.0], [2061.75, 11187.0], [2061.5, 26749.0], [2061.25, 9280.0], [2061.0, 26453.0], [2060.75, 1938.0], [2060.5, 4400.0], [2060.25, 10266.0], [2060.0, 1938.0], [2059.75, 1938.0], [2059.5, 9383.0], [2059.25, 28239.0], [2059.0, 7049.0], [2058.75, 8655.0], [2058.5, 34920.0], [2058.25, 53294.0], [2058.0, 16902.0], [2057.75, 51448.0], [2057.5, 5.0], [2057.25, 1997.0]], "asks": [[2062.5, 7930.0], [2062.75, 12393.0], [2063.0, 3203.0], [2063.25, 12234.0], [2063.5, 36203.0], [2063.75, 2147.0], [2064.0, 2264.0], [2064.25, 415.0], [2064.5, 1468.0], [2064.75, 415.0], [2065.0, 1912.0], [2065.25, 3349.0], [2065.5, 6686.0], [2065.75, 1917.0], [2066.0, 1938.0], [2066.25, 9607.0], [2066.5, 27120.0], [2067.0, 1487.0], [2067.25, 52851.0], [2067.5, 108115.0]]}}}
{"jsonrpc": "2.0", "method": "subscription", "params": {"channel": "book.ETH-14MAR25.none.20.100ms", "data": {"timestamp": 1741588053083, "change_id": 61622844801, "instrument_name": "ETH-14MAR25", "bids": [[2062.0, 1300.0], [2061.75, 11187.0], [2061.5, 26749.0], [2061.25, 9280.0], [2061.0, 26453.0], [2060.75, 1938.0], [2060.5, 4400.0], [2060.25, 10266.0], [2060.0, 1938.0], [2059.75, 1938.0], [2059.5, 9383.0], [2059.25, 28239.0], [2059.0, 7049.0], [2058.75, 8655.0], [2058.5, 34920.0], [2058.25, 53294.0], [2058.0, 16902.0], [2057.75, 51448.0], [2057.5, 5.0], [2057.25, 1997.0]], "asks": [[2062.25, 1.0], [2062.5, 7930.0], [2062.75, 12393.0], [2063.0, 3203.0], [2063.25, 12234.0], [2063.5, 36203.0], [2063.75, 2147.0], [2064.0, 2264.0], [2064.25, 415.0], [2064.5, 1468.0], [2064.75, 415.0], [2065.0, 1912.0], [2065.25, 3349.0], [2065.5, 6686.0], [2065.75, 1917.0], [2066.0, 1938.0], [2066.25, 9607.0], [2066.5, 27120.0], [2067.0, 1487.0], [2067.25, 52851.0]]}}}
{"jsonrpc": "2.0", "method": "subscription", "params": {"channel": "book.ETH-21MAR25.none.20.100ms", "data": {"timestamp": 1741588053059, "change_id": 61622844706, "instrument_name": "ETH-21MAR25", "bids": [[2063.75, 3000.0], [2063.25, 3420.0], [2063.0, 5149.0], [2062.75, 9210.0], [2062.5, 14707.0], [2062.25, 4007.0], [2062.0, 1584.0], [2061.75, 1634.0], [2061.5, 4925.0], [2061.25, 12806.0], [2061.0, 6119.0], [2060.75, 16812.0], [2060.5, 8429.0], [2060.25, 24358.0], [2060.0, 2060.0], [2059.75, 2645.0], [2059.5, 47569.0], [2059.25, 6865.0], [2059.0, 137008.0], [2058.25, 500.0]], "asks": [[2064.0, 14085.0], [2064.25, 5530.0], [2064.5, 8259.0], [2064.75, 1229.0], [2065.0, 4504.0], [2065.25, 15527.0], [2065.5, 1584.0], [2065.75, 10589.0], [2066.0, 31584.0], [2066.25, 1607.0], [2066.5, 1595.0], [2066.75, 1595.0], [2067.0, 1614.0], [2067.25, 7884.0], [2067.5, 22469.0], [2067.75, 1640.0], [2068.0, 15027.0], [2068.25, 59583.0], [2068.5, 45844.0], [2068.75, 500.0]]}}}
{"jsonrpc": "2.0", "method": "subscription", "params": {"channel": "book.ETH-21MAR25.none.20.100ms", "data": {"timestamp": 1741588053355, "change_id": 61622845342, "instrument_name": "ETH-21MAR25", "bids": [[2063.75, 4800.0], [2063.5, 1014.0], [2063.25, 5087.0], [2063.0, 9065.0], [2062.75, 14877.0], [2062.5, 4707.0], [2062.25, 4007.0], [2062.0, 1584.0], [2061.75, 1634.0], [2061.5, 4925.0], [2061.25, 12806.0], [2061.0, 6119.0], [2060.75, 16812.0], [2060.5, 8429.0], [2060.25, 24358.0], [2060.0, 2060.0], [2059.75, 2645.0], [2059.5, 47569.0], [2059.25, 6865.0], [2059.0, 137008.0]], "asks": [[2064.0, 12805.0], [2064.25, 5530.0], [2064.5, 8259.0], [2064.75, 1949.0], [2065.0, 6904.0], [2065.25, 15527.0], [2065.5, 1584.0], [2065.75, 10589.0], [2066.0, 31584.0], [2066.25, 1607.0], [2066.5, 1595.0], [2066.75, 1595.0], [2067.0, 1614.0], [2067.25, 7884.0], [2067.5, 22469.0], [2067.75, 1640.0], [2068.0, 15027.0], [2068.25, 59583.0], [2068.5, 45844.0], [2068.75, 500.0]]}}}
