{"jsonrpc": "2.0", "method": "subscription", "params": {"channel": "book.ETH-22AUG25.none.20.100ms", "data": {"timestamp": 1755185531318, "change_id": 81420412307, "instrument_name": "ETH-22AUG25", "bids": [[4634.0, 563.0], [4633.75, 2397.0], [4633.5, 1324.0], [4633.25, 300.0], [4633.0, 10407.0], [4632.75, 33606.0], [4632.5, 7902.0], [4632.25, 1340.0], [4632.0, 402.0], [4631.75, 1340.0], [4631.0, 393.0], [4630.75, 1310.0], [4630.5, 393.0], [4630.25, 6868.0], [4630.0, 18927.0], [4629.75, 1330.0], [4629.5, 390.0], [4629.25, 4401.0], [4629.0, 11936.0], [4628.75, 5330.0]], "asks": [[4636.25, 1324.0], [4637.0, 397.0], [4637.25, 9046.0], [4637.5, 30016.0], [4637.75, 7899.0], [4638.0, 1330.0], [4638.25, 399.0], [4638.5, 1330.0], [4638.75, 399.0], [4639.0, 1330.0], [4639.25, 399.0], [4639.5, 5307.0], [4639.75, 13858.0], [4640.0, 2000.0], [4640.25, 393.0], [4640.5, 1310.0], [4640.75, 390.0], [4641.0, 4367.0], [4641.25, 10622.0], [4641.5, 1330.0]]}}}
{"jsonrpc": "2.0", "method": "subscription", "params": {"channel": "book.ETH-15AUG25.none.20.100ms", "data": {"timestamp": 1755185531745, "change_id": 81420414303, "instrument_name": "ETH-15AUG25", "bids": [[4625.0, 5000.0], [4624.75, 30074.0], [4624.5, 7500.0], [4624.25, 53180.0], [4623.75, 10109.0], [4623.5, 6000.0], [4622.75, 1231.0], [4622.5, 2000.0], [4622.0, 1188.0], [4621.5, 1188.0], [4619.5, 1231.0], [4619.25, 4000.0], [4618.0, 1185.0], [4617.5, 1219.0], [4617.0, 1188.0], [4616.0, 16532.0], [4613.0, 20.0], [4612.5, 1220.0], [4612.0, 1231.0], [4610.25, 1188.0]], "asks": [[4627.5, 4700.0], [4627.75, 8365.0], [4628.0, 8365.0], [4628.25, 8365.0], [4628.5, 8365.0], [4628.75, 6665.0], [4630.25, 1700.0], [4630.5, 105.0], [4630.75, 2000.0], [4631.0, 1188.0], [4631.5, 1188.0], [4632.0, 1188.0], [4632.5, 1188.0], [4633.5, 25442.0], [4633.75, 1219.0], [4634.25, 1201.0], [4634.75, 5219.0], [4635.25, 1188.0], [4635.5, 49750.0], [4636.0, 1185.0]]}}}
{"jsonrpc": "2.0", "method": "subscription", "params": {"channel": "book.ETH-22AUG25.none.20.100ms", "data": {"timestamp": 1755185531772, "change_id": 81420414220, "instrument_name": "ETH-22AUG25", "bids": [[4634.0, 2324.0], [4633.5, 31016.0], [4633.25, 1324.0], [4633.0, 1000.0], [4632.75, 1340.0], [4632.5, 7500.0], [4632.25, 1340.0], [4631.75, 1340.0], [4631.5, 2004.0], [4631.25, 10616.0], [4630.75, 1310.0], [4630.25, 1310.0], [4630.0, 18528.0], [4629.75, 1330.0], [4629.25, 1300.0], [4628.75, 5330.0], [4627.0, 1351.0], [4626.5, 1340.0], [4626.0, 1300.0], [4625.5, 1300.0]], "asks": [[4637.0, 1324.0], [4639.5, 1330.0], [4639.75, 5.0], [4640.0, 2000.0], [4640.5, 1310.0], [4641.0, 1300.0], [4641.5, 1330.0], [4642.0, 1300.0], [4642.25, 18337.0], [4642.5, 1330.0], [4643.0, 1300.0], [4643.5, 5310.0], [4644.0, 1308.0], [4644.5, 11745.0], [4644.75, 6377.0], [4645.0, 1330.0], [4645.5, 1308.0], [4646.0, 1300.0], [4646.5, 1330.0], [4647.0, 1330.0]]}}}
{"jsonrpc": "2.0", "method": "subscription", "params": {"channel": "book.ETH-15AUG25.none.20.100ms", "data": {"timestamp": 1755185532048, "change_id": 81420414959, "instrument_name": "ETH-15AUG25", "bids": [[4626.5, 1000.0], [4625.25, 7500.0], [4624.75, 30074.0], [4623.75, 10109.0], [4623.5, 8000.0], [4622.75, 1231.0], [4622.0, 1188.0], [4621.5, 1188.0], [4619.5, 1231.0], [4619.25, 4000.0], [4618.0, 1185.0], [4617.5, 1219.0], [4617.0, 1188.0], [4616.0, 16532.0], [4613.0, 20.0], [4612.5, 1220.0], [4612.0, 1231.0], [4610.25, 1188.0], [4609.75, 1219.0], [4607.25, 7511.0]], "asks": [[4627.5, 9156.0], [4627.75, 8365.0], [4628.0, 8365.0], [4628.25, 8365.0], [4628.5, 10365.0], [4629.25, 30074.0], [4630.25, 1700.0], [4630.5, 7605.0], [4631.0, 3188.0], [4631.5, 1188.0], [4632.0, 1188.0], [4632.5, 1188.0], [4633.5, 25442.0], [4633.75, 11805.0], [4634.25, 1201.0], [4634.75, 5219.0], [4635.25, 1188.0], [4635.5, 49750.0], [4636.0, 1185.0], [4636.5, 1197.0]]}}}
{"jsonrpc": "2.0", "method": "subscription", "params": {"channel": "book.ETH-22AUG25.none.20.100ms", "data": {"timestamp": 1755185532120, "change_id": 81420415126, "instrument_name": "ETH-22AUG25", "bids": [[4634.5, 300.0], [4634.25, 1000.0], [4634.0, 300.0], [4633.75, 10305.0], [4633.5, 33663.0], [4633.25, 8824.0], [4633.0, 1402.0], [4632.75, 1340.0], [4632.25, 1340.0], [4631.75, 1340.0], [4631.5, 2003.0], [4631.25, 10616.0], [4630.75, 1310.0], [4630.25, 1310.0], [4630.0, 18528.0], [4629.75, 1330.0], [4629.25, 1300.0], [4628.75, 5330.0], [4627.0, 1351.0], [4626.5, 1340.0]], "asks": [[4637.0, 1324.0], [4637.75, 397.0], [4638.0, 10329.0], [4638.25, 30016.0], [4638.5, 8824.0], [4639.5, 1330.0], [4639.75, 5.0], [4640.0, 2000.0], [4640.5, 1310.0], [4640.75, 10381.0], [4641.0, 1300.0], [4641.5, 1330.0], [4642.0, 1300.0], [4642.25, 18337.0], [4642.5, 1330.0], [4643.0, 1300.0], [4643.5, 5310.0], [4644.0, 1308.0], [4644.5, 1300.0], [4644.75, 6377.0]]}}}
{"jsonrpc": "2.0", "method": "subscription", "params": {"channel": "book.ETH-15AUG25.none.20.100ms", "data": {"timestamp": 1755185532292, "change_id": 81420416074, "instrument_name": "ETH-15AUG25", "bids": [[4626.25, 300.0], [4626.0, 1000.0], [4625.0, 9022.0], [4624.75, 39075.0], [4624.5, 60682.0], [4623.75, 600.0], [4623.5, 2000.0], [4623.0, 2123.0], [4622.75, 7231.0], [4622.5, 3158.0], [4622.25, 10883.0], [4622.0, 1188.0], [4621.75, 356.0], [4621.5, 1188.0], [4619.75, 369.0], [4619.5, 2431.0], [4619.25, 4000.0], [4618.0, 1185.0], [4617.5, 1219.0], [4617.0, 1188.0]], "asks": [[4627.25, 8365.0], [4627.5, 13585.0], [4627.75, 10875.0], [4628.0, 8365.0], [4628.25, 8365.0], [4629.0, 9022.0], [4629.25, 30074.0], [4629.5, 7500.0], [4630.0, 879.0], [4630.25, 2931.0], [4630.5, 105.0], [4630.75, 956.0], [4631.0, 3188.0], [4631.25, 356.0], [4631.5, 1188.0], [4631.75, 356.0], [4632.0, 1188.0], [4632.25, 356.0], [4632.5, 1188.0], [4633.25, 7633.0]]}}}
{"jsonrpc": "2.0", "method": "subscription", "params": {"channel": "book.ETH-22AUG25.none.20.100ms", "data": {"timestamp": 1755185532291, "change_id": 81420416091, "instrument_name": "ETH-22AUG25", "bids": [[4634.0, 563.0], [4633.75, 11305.0], [4633.5, 31016.0], [4633.25, 1624.0], [4633.0, 1402.0], [4632.75, 3590.0], [4632.5, 7902.0], [4632.25, 1340.0], [4632.0, 402.0], [4631.75, 1340.0], [4631.5, 3185.0], [4631.25, 10616.0], [4631.0, 393.0], [4630.75, 1310.0], [4630.5, 393.0], [4630.25, 6868.0], [4630.0, 18927.0], [4629.75, 1330.0], [4629.5, 390.0], [4629.25, 1300.0]], "asks": [[4635.75, 2324.0], [4636.5, 1324.0], [4636.75, 397.0], [4637.0, 1324.0], [4637.25, 2250.0], [4637.5, 8824.0], [4637.75, 397.0], [4638.0, 10329.0], [4638.25, 30016.0], [4638.5, 1324.0], [4639.25, 399.0], [4639.5, 1330.0], [4639.75, 927.0], [4640.0, 3324.0], [4640.25, 393.0], [4640.5, 4424.0], [4640.75, 10771.0], [4641.0, 1300.0], [4641.25, 399.0], [4641.5, 1330.0]]}}}
{"jsonrpc": "2.0", "method": "subscription", "params": {"channel": "book.ETH-22AUG25.none.20.100ms", "data": {"timestamp": 1755185532784, "change_id": 81420417101, "instrument_name": "ETH-22AUG25", "bids": [[4633.75, 9305.0], [4633.5, 31016.0], [4633.25, 300.0], [4633.0, 1300.0], [4632.75, 3250.0], [4632.5, 7902.0], [4632.25, 1340.0], [4632.0, 402.0], [4631.75, 1340.0], [4631.0, 393.0], [4630.75, 1310.0], [4630.5, 393.0], [4630.25, 6868.0], [4630.0, 18927.0], [4629.75, 4448.0], [4629.5, 10784.0], [4629.25, 1300.0], [4629.0, 1599.0], [4628.75, 5330.0], [4626.75, 402.0]], "asks": [[4636.0, 1324.0], [4636.25, 397.0], [4636.5, 1324.0], [4636.75, 397.0], [4637.0, 1324.0], [4637.25, 2250.0], [4637.5, 8824.0], [4637.75, 397.0], [4638.0, 10329.0], [4638.25, 30016.0], [4638.5, 1324.0], [4639.25, 399.0], [4639.5, 1330.0], [4639.75, 927.0], [4640.0, 3324.0], [4640.25, 393.0], [4640.5, 4424.0], [4640.75, 14698.0], [4641.0, 14551.0], [4641.25, 399.0]]}}}
{"jsonrpc": "2.0", "method": "subscription", "params": {"channel": "book.ETH-15AUG25.none.20.100ms", "data": {"timestamp": 1755185532795, "change_id": 81420417143, "instrument_name": "ETH-15AUG25", "bids": [[4624.75, 2250.0], [4624.5, 7500.0], [4623.75, 600.0], [4623.5, 2000.0], [4623.25, 1200.0], [4623.0, 6369.0], [4622.5, 3158.0], [4622.25, 10883.0], [4622.0, 1188.0], [4621.75, 356.0], [4621.5, 1188.0], [4619.75, 369.0], [4619.5, 2431.0], [4619.25, 4369.0], [4619.0, 1231.0], [4618.75, 7342.0], [4618.5, 24472.0], [4617.5, 1219.0], [4617.0, 1188.0], [4616.0, 16532.0]], "asks": [[4627.25, 11792.0], [4627.5, 11794.0], [4627.75, 10875.0], [4628.0, 10875.0], [4628.25, 8365.0], [4629.0, 9022.0], [4629.5, 7500.0], [4629.75, 1231.0], [4630.0, 879.0], [4630.25, 3031.0], [4630.5, 5.0], [4630.75, 956.0], [4631.0, 3188.0], [4631.25, 356.0], [4631.5, 1188.0], [4631.75, 356.0], [4632.0, 1188.0], [4632.25, 4280.0], [4632.5, 14416.0], [4633.25, 7633.0]]}}}
{"jsonrpc": "2.0", "method": "subscription", "params": {"channel": "book.ETH-22AUG25.none.20.100ms", "data": {"timestamp": 1755185533092, "change_id": 81420418373, "instrument_name": "ETH-22AUG25", "bids": [[4634.0, 300.0], [4633.75, 1300.0], [4633.5, 1000.0], [4633.25, 210.0], [4633.0, 1300.0], [4632.75, 1300.0], [4632.5, 1402.0], [4632.25, 10345.0], [4632.0, 37918.0], [4631.75, 1340.0], [4631.0, 393.0], [4630.75, 1310.0], [4630.5, 393.0], [4630.25, 6868.0], [4630.0, 18927.0], [4629.75, 4448.0], [4629.5, 10784.0], [4629.25, 1300.0], [4629.0, 399.0], [4628.75, 1330.0]], "asks": [[4635.75, 1324.0], [4636.25, 397.0], [4636.5, 1324.0], [4636.75, 6598.0], [4637.0, 38840.0], [4637.5, 1324.0], [4637.75, 397.0], [4638.0, 1324.0], [4638.25, 397.0], [4638.5, 1324.0], [4639.25, 399.0], [4639.5, 1330.0], [4639.75, 6384.0], [4640.0, 21661.0], [4640.25, 393.0], [4640.5, 4424.0], [4640.75, 14698.0], [4641.0, 14551.0], [4641.25, 399.0], [4641.5, 1330.0]]}}}
{"jsonrpc": "2.0", "method": "subscription", "params": {"channel": "book.ETH-15AUG25.none.20.100ms", "data": {"timestamp": 1755185533093, "change_id": 81420418381, "instrument_name": "ETH-15AUG25", "bids": [[4626.5, 1000.0], [4626.0, 5525.0], [4625.75, 1000.0], [4624.0, 11013.0], [4623.75, 37574.0], [4622.25, 13083.0], [4622.0, 7188.0], [4621.5, 1188.0], [4619.5, 1231.0], [4619.25, 4369.0], [4619.0, 1231.0], [4617.75, 24472.0], [4617.5, 1219.0], [4617.0, 1188.0], [4616.0, 16532.0], [4613.0, 20.0], [4612.5, 1220.0], [4612.0, 1231.0], [4610.25, 1188.0], [4609.75, 1219.0]], "asks": [[4626.75, 8365.0], [4627.0, 8365.0], [4627.25, 12398.0], [4627.5, 11267.0], [4627.75, 11553.0], [4628.0, 31774.0], [4628.25, 1700.0], [4628.75, 2250.0], [4629.0, 7500.0], [4629.5, 369.0], [4629.75, 1231.0], [4630.0, 2000.0], [4630.25, 3031.0], [4630.5, 5.0], [4630.75, 13584.0], [4631.0, 1188.0], [4631.25, 3044.0], [4631.5, 11483.0], [4632.0, 1188.0], [4632.25, 356.0]]}}}
{"jsonrpc": "2.0", "method": "subscription", "params": {"channel": "book.ETH-15AUG25.none.20.100ms", "data": {"timestamp": 1755185533378, "change_id": 81420419025, "instrument_name": "ETH-15AUG25", "bids": [[4626.5, 1000.0], [4624.5, 2250.0], [4624.25, 7500.0], [4624.0, 21334.0], [4623.75, 83247.0], [4622.5, 4358.0], [4622.25, 18883.0], [4622.0, 1188.0], [4621.75, 356.0], [4621.5, 1188.0], [4619.75, 369.0], [4619.5, 2431.0], [4619.25, 4369.0], [4619.0, 1231.0], [4617.75, 24472.0], [4617.5, 1219.0], [4617.0, 1188.0], [4616.0, 16532.0], [4613.0, 20.0], [4612.5, 1220.0]], "asks": [[4626.75, 9476.0], [4627.0, 8365.0], [4627.25, 12331.0], [4627.5, 11267.0], [4627.75, 11553.0], [4628.0, 30074.0], [4629.5, 2573.0], [4629.75, 9331.0], [4630.0, 2399.0], [4630.25, 1331.0], [4630.5, 3973.0], [4630.75, 13584.0], [4631.0, 1188.0], [4631.25, 3044.0], [4631.5, 11483.0], [4631.75, 356.0], [4632.0, 1188.0], [4632.25, 356.0], [4632.5, 1188.0], [4633.25, 7633.0]]}}}
{"jsonrpc": "2.0", "method": "subscription", "params": {"channel": "book.ETH-22AUG25.none.20.100ms", "data": {"timestamp": 1755185533329, "change_id": 81420418928, "instrument_name": "ETH-22AUG25", "bids": [[4634.0, 563.0], [4633.75, 2000.0], [4633.25, 671.0], [4633.0, 2624.0], [4632.75, 3513.0], [4632.5, 8902.0], [4632.25, 10345.0], [4632.0, 30418.0], [4631.75, 1340.0], [4631.0, 393.0], [4630.75, 1911.0], [4630.5, 2396.0], [4630.25, 6868.0], [4630.0, 18927.0], [4629.75, 4448.0], [4629.5, 10784.0], [4629.25, 1300.0], [4629.0, 399.0], [4628.75, 1330.0], [4626.75, 402.0]], "asks": [[4635.5, 1000.0], [4635.75, 1324.0], [4636.25, 397.0], [4636.5, 1324.0], [4636.75, 6598.0], [4637.0, 38840.0], [4637.5, 1324.0], [4637.75, 397.0], [4638.0, 1324.0], [4638.25, 397.0], [4638.5, 1324.0], [4639.25, 399.0], [4639.5, 1330.0], [4639.75, 6384.0], [4640.0, 21661.0], [4640.25, 393.0], [4640.5, 4424.0], [4640.75, 14698.0], [4641.0, 14551.0], [4641.25, 399.0]]}}}
{"jsonrpc": "2.0", "method": "subscription", "params": {"channel": "book.ETH-15AUG25.none.20.100ms", "data": {"timestamp": 1755185533589, "change_id": 81420420015, "instrument_name": "ETH-15AUG25", "bids": [[4626.5, 1000.0], [4624.5, 2250.0], [4624.25, 7500.0], [4624.0, 11013.0], [4623.75, 30074.0], [4622.5, 4358.0], [4622.25, 18883.0], [4622.0, 1188.0], [4621.75, 356.0], [4621.5, 1188.0], [4619.75, 369.0], [4619.5, 2431.0], [4619.25, 4369.0], [4619.0, 1231.0], [4617.75, 24472.0], [4617.5, 1219.0], [4617.0, 1188.0], [4616.0, 16532.0], [4613.0, 20.0], [4612.5, 1220.0]], "asks": [[4626.75, 9476.0], [4627.0, 10943.0], [4627.25, 11331.0], [4627.5, 11267.0], [4627.75, 11553.0], [4628.0, 30074.0], [4629.0, 2250.0], [4629.25, 7500.0], [4629.5, 4290.0], [4629.75, 15054.0], [4630.0, 2399.0], [4630.25, 1331.0], [4630.5, 5.0], [4630.75, 356.0], [4631.0, 1188.0], [4631.25, 3044.0], [4631.5, 11483.0], [4631.75, 356.0], [4632.0, 1188.0], [4632.25, 356.0]]}}}
{"jsonrpc": "2.0", "method": "subscription", "params": {"channel": "book.ETH-22AUG25.none.20.100ms", "data": {"timestamp": 1755185533760, "change_id": 81420420008, "instrument_name": "ETH-22AUG25", "bids": [[4633.75, 1000.0], [4633.25, 210.0], [4633.0, 1300.0], [4632.75, 1300.0], [4632.5, 1402.0], [4632.25, 10345.0], [4632.0, 32618.0], [4631.75, 8840.0], [4631.0, 393.0], [4630.75, 1911.0], [4630.5, 2396.0], [4630.25, 6868.0], [4630.0, 18927.0], [4629.75, 4448.0], [4629.5, 10784.0], [4629.25, 1300.0], [4629.0, 399.0], [4628.75, 1330.0], [4626.75, 402.0], [4626.5, 2423.0]], "asks": [[4635.25, 2324.0], [4636.25, 397.0], [4636.5, 1324.0], [4636.75, 6598.0], [4637.0, 38840.0], [4637.25, 397.0], [4637.5, 1324.0], [4637.75, 397.0], [4638.0, 5298.0], [4638.25, 13643.0], [4638.5, 1324.0], [4638.75, 397.0], [4639.0, 1324.0], [4639.25, 399.0], [4639.5, 1330.0], [4639.75, 6384.0], [4640.0, 21661.0], [4640.25, 393.0], [4640.5, 4424.0], [4640.75, 10771.0]]}}}
{"jsonrpc": "2.0", "method": "subscription", "params": {"channel": "book.ETH-15AUG25.none.20.100ms", "data": {"timestamp": 1755185534110, "change_id": 81420421592, "instrument_name": "ETH-15AUG25", "bids": [[4623.75, 510.0], [4623.5, 1700.0], [4623.25, 11445.0], [4623.0, 32284.0], [4622.75, 2030.0], [4622.5, 2120.0], [4622.25, 6713.0], [4622.0, 16400.0], [4621.75, 356.0], [4621.5, 1188.0], [4619.75, 369.0], [4619.5, 2431.0], [4619.25, 4369.0], [4619.0, 1231.0], [4617.75, 366.0], [4617.5, 1219.0], [4617.25, 7654.0], [4617.0, 25660.0], [4616.25, 4960.0], [4616.0, 16532.0]], "asks": [[4626.0, 1700.0], [4626.25, 3424.0], [4626.5, 12371.0], [4626.75, 10558.0], [4627.0, 40751.0], [4627.25, 11331.0], [4627.5, 8365.0], [4627.75, 1800.0], [4628.5, 2250.0], [4628.75, 7500.0], [4629.5, 4290.0], [4629.75, 15054.0], [4630.0, 2399.0], [4630.25, 1231.0], [4630.5, 5.0], [4630.75, 356.0], [4631.0, 1188.0], [4631.25, 3044.0], [4631.5, 11483.0], [4631.75, 356.0]]}}}
{"jsonrpc": "2.0", "method": "subscription", "params": {"channel": "book.ETH-22AUG25.none.20.100ms", "data": {"timestamp": 1755185534119, "change_id": 81420421702, "instrument_name": "ETH-22AUG25", "bids": [[4633.25, 300.0], [4633.0, 1300.0], [4632.75, 1300.0], [4632.5, 1300.0], [4632.25, 10005.0], [4632.0, 30418.0], [4631.75, 1340.0], [4631.5, 397.0], [4631.25, 1624.0], [4631.0, 1393.0], [4630.75, 1310.0], [4630.5, 393.0], [4630.25, 6868.0], [4630.0, 16927.0], [4629.75, 4379.0], [4629.5, 10554.0], [4629.25, 1300.0], [4629.0, 399.0], [4628.75, 1930.0], [4628.5, 2397.0]], "asks": [[4634.5, 1324.0], [4634.75, 1000.0], [4635.75, 5806.0], [4636.0, 30016.0], [4636.25, 397.0], [4636.5, 1324.0], [4636.75, 2647.0], [4637.0, 8824.0], [4637.25, 397.0], [4637.5, 1324.0], [4637.75, 397.0], [4638.0, 5298.0], [4638.25, 14194.0], [4638.5, 3324.0], [4638.75, 397.0], [4639.0, 1324.0], [4639.25, 399.0], [4639.5, 1330.0], [4639.75, 6384.0], [4640.0, 19661.0]]}}}
{"jsonrpc": "2.0", "method": "subscription", "params": {"channel": "book.ETH-15AUG25.none.20.100ms", "data": {"timestamp": 1755185534358, "change_id": 81420423778, "instrument_name": "ETH-15AUG25", "bids": [[4623.5, 1700.0], [4623.0, 1700.0], [4622.75, 1700.0], [4622.5, 1700.0], [4622.0, 30074.0], [4621.0, 2000.0], [4620.75, 10300.0], [4620.5, 6000.0], [4620.0, 1231.0], [4619.5, 1231.0], [4619.0, 1231.0], [4617.5, 1219.0], [4617.0, 1188.0], [4616.75, 28472.0], [4616.0, 16532.0], [4613.0, 20.0], [4612.5, 1220.0], [4612.0, 1231.0], [4610.25, 1188.0], [4609.75, 1219.0]], "asks": [[4625.5, 2000.0], [4625.75, 9365.0], [4626.0, 8365.0], [4626.25, 9378.0], [4626.5, 8365.0], [4626.75, 8365.0], [4627.0, 31774.0], [4627.5, 1700.0], [4627.75, 100.0], [4628.5, 1231.0], [4628.75, 7500.0], [4629.0, 1231.0], [4629.75, 14454.0], [4630.0, 2000.0], [4630.25, 1231.0], [4630.5, 5.0], [4631.0, 1188.0], [4631.5, 11483.0], [4632.0, 1188.0], [4632.5, 1188.0]]}}}
{"jsonrpc": "2.0", "method": "subscription", "params": {"channel": "book.ETH-22AUG25.none.20.100ms", "data": {"timestamp": 1755185534428, "change_id": 81420423568, "instrument_name": "ETH-22AUG25", "bids": [[4632.75, 1000.0], [4632.5, 1000.0], [4631.25, 1324.0], [4631.0, 31016.0], [4630.75, 1310.0], [4630.25, 6149.0], [4630.0, 16528.0], [4629.75, 1330.0], [4629.5, 10164.0], [4629.25, 1300.0], [4628.75, 1330.0], [4628.5, 2000.0], [4628.25, 1324.0], [4627.25, 1324.0], [4626.5, 1340.0], [4626.25, 4000.0], [4626.0, 1300.0], [4625.5, 1300.0], [4624.5, 6155.0], [4624.0, 1351.0]], "asks": [[4634.25, 2324.0], [4636.0, 30016.0], [4636.25, 2647.0], [4636.5, 8824.0], [4637.0, 1324.0], [4637.5, 1324.0], [4638.0, 1324.0], [4638.25, 31583.0], [4638.5, 3324.0], [4639.0, 1324.0], [4639.5, 1330.0], [4639.75, 5.0], [4640.0, 1324.0], [4640.5, 1310.0], [4640.75, 10381.0], [4641.0, 1300.0], [4641.25, 4000.0], [4641.5, 1330.0], [4642.0, 1300.0], [4642.5, 1330.0]]}}}
{"jsonrpc": "2.0", "method": "subscription", "params": {"channel": "book.ETH-15AUG25.none.20.100ms", "data": {"timestamp": 1755185534737, "change_id": 81420425027, "instrument_name": "ETH-15AUG25", "bids": [[4623.0, 39274.0], [4622.75, 54862.0], [4622.5, 1700.0], [4621.0, 9231.0], [4620.75, 10300.0], [4620.0, 1231.0], [4619.5, 1231.0], [4619.0, 1231.0], [4617.5, 1219.0], [4617.0, 1188.0], [4616.75, 28472.0], [4616.0, 16532.0], [4612.5, 1220.0], [4612.0, 1231.0], [4611.75, 20.0], [4610.25, 1188.0], [4609.75, 1219.0], [4607.25, 7511.0], [4607.0, 40000.0], [4606.75, 1231.0]], "asks": [[4625.5, 2933.0], [4625.75, 8365.0], [4626.0, 8365.0], [4626.25, 8365.0], [4626.5, 8365.0], [4626.75, 8365.0], [4627.0, 31774.0], [4627.5, 1700.0], [4627.75, 100.0], [4628.5, 1231.0], [4628.75, 7500.0], [4629.0, 1231.0], [4629.75, 14454.0], [4630.0, 2000.0], [4630.25, 1231.0], [4630.5, 5.0], [4631.0, 1188.0], [4631.5, 11483.0], [4632.0, 1188.0], [4632.5, 1188.0]]}}}
{"jsonrpc": "2.0", "method": "subscription", "params": {"channel": "book.ETH-22AUG25.none.20.100ms", "data": {"timestamp": 1755185534776, "change_id": 81420425142, "instrument_name": "ETH-22AUG25", "bids": [[4633.0, 600.0], [4632.75, 2000.0], [4631.75, 300.0], [4631.5, 1397.0], [4631.25, 12879.0], [4631.0, 38909.0], [4630.75, 1310.0], [4630.25, 6149.0], [4630.0, 16927.0], [4629.75, 4379.0], [4629.5, 10164.0], [4628.75, 1930.0], [4628.5, 2000.0], [4628.25, 1324.0], [4627.25, 1324.0], [4626.5, 1340.0], [4626.25, 4000.0], [4626.0, 1300.0], [4625.5, 1300.0], [4624.0, 7506.0]], "asks": [[4634.75, 1000.0], [4635.25, 1324.0], [4635.75, 4370.0], [4636.0, 30016.0], [4636.25, 1324.0], [4636.5, 2250.0], [4636.75, 7897.0], [4637.0, 1324.0], [4637.25, 397.0], [4637.5, 1324.0], [4638.0, 5298.0], [4638.25, 14243.0], [4638.5, 3324.0], [4639.0, 1324.0], [4639.5, 1330.0], [4639.75, 18342.0], [4640.0, 1324.0], [4640.5, 1310.0], [4640.75, 10381.0], [4641.0, 1300.0]]}}}
{"jsonrpc": "2.0", "method": "subscription", "params": {"channel": "book.ETH-15AUG25.none.20.100ms", "data": {"timestamp": 1755185535018, "change_id": 81420425722, "instrument_name": "ETH-15AUG25", "bids": [[4625.0, 1000.0], [4624.25, 510.0], [4624.0, 2210.0], [4623.75, 4460.0], [4623.5, 9710.0], [4623.25, 7243.0], [4623.0, 45607.0], [4622.75, 53162.0], [4621.5, 6000.0], [4621.25, 969.0], [4621.0, 6321.0], [4620.75, 10300.0], [4620.25, 369.0], [4620.0, 1231.0], [4619.75, 369.0], [4619.5, 1231.0], [4619.25, 369.0], [4619.0, 1231.0], [4617.75, 366.0], [4617.5, 1219.0]], "asks": [[4625.5, 933.0], [4625.75, 1700.0], [4626.0, 8365.0], [4626.25, 8365.0], [4626.5, 12359.0], [4626.75, 10551.0], [4627.0, 38439.0], [4627.25, 510.0], [4627.5, 1700.0], [4627.75, 100.0], [4628.75, 7869.0], [4629.0, 1231.0], [4629.5, 4336.0], [4629.75, 15054.0], [4630.0, 2000.0], [4630.25, 1231.0], [4630.5, 5.0], [4631.0, 1188.0], [4631.5, 11483.0], [4632.5, 1188.0]]}}}
{"jsonrpc": "2.0", "method": "subscription", "params": {"channel": "book.ETH-22AUG25.none.20.100ms", "data": {"timestamp": 1755185535011, "change_id": 81420425714, "instrument_name": "ETH-22AUG25", "bids": [[4633.25, 563.0], [4633.0, 2300.0], [4632.75, 1000.0], [4632.5, 1000.0], [4632.25, 9352.0], [4632.0, 31340.0], [4631.75, 2513.0], [4631.5, 8897.0], [4631.25, 1624.0], [4631.0, 1393.0], [4630.75, 1310.0], [4630.5, 393.0], [4630.25, 6149.0], [4630.0, 16927.0], [4629.75, 4379.0], [4629.5, 10561.0], [4629.25, 1324.0], [4629.0, 399.0], [4628.75, 1930.0], [4628.5, 2397.0]], "asks": [[4634.75, 1000.0], [4635.25, 1324.0], [4635.75, 4370.0], [4636.0, 30016.0], [4636.25, 1324.0], [4636.5, 2250.0], [4636.75, 7897.0], [4637.0, 1324.0], [4637.25, 397.0], [4637.5, 1324.0], [4637.75, 397.0], [4638.0, 5298.0], [4638.25, 14243.0], [4638.5, 3324.0], [4638.75, 397.0], [4639.0, 1324.0], [4639.25, 399.0], [4639.5, 6833.0], [4639.75, 18739.0], [4640.0, 1324.0]]}}}
{"jsonrpc": "2.0", "method": "subscription", "params": {"channel": "book.ETH-15AUG25.none.20.100ms", "data": {"timestamp": 1755185535443, "change_id": 81420427011, "instrument_name": "ETH-15AUG25", "bids": [[4625.5, 2700.0], [4625.25, 2000.0], [4625.0, 1000.0], [4624.25, 510.0], [4624.0, 2210.0], [4623.75, 2210.0], [4623.5, 2210.0], [4623.25, 10539.0], [4623.0, 30074.0], [4622.25, 2250.0], [4622.0, 8000.0], [4621.75, 369.0], [4621.5, 1231.0], [4621.25, 369.0], [4621.0, 4321.0], [4620.75, 10300.0], [4620.25, 369.0], [4620.0, 1231.0], [4619.75, 369.0], [4619.5, 1231.0]], "asks": [[4625.75, 1700.0], [4626.0, 8365.0], [4626.25, 8365.0], [4626.5, 10365.0], [4626.75, 10551.0], [4627.0, 8365.0], [4627.25, 510.0], [4627.5, 1700.0], [4628.0, 30074.0], [4628.25, 100.0], [4629.5, 4336.0], [4629.75, 15054.0], [4630.0, 2369.0], [4630.25, 1231.0], [4630.5, 5.0], [4630.75, 356.0], [4631.0, 1188.0], [4631.25, 3445.0], [4631.5, 11483.0], [4632.25, 356.0]]}}}
{"jsonrpc": "2.0", "method": "subscription", "params": {"channel": "book.ETH-22AUG25.none.20.100ms", "data": {"timestamp": 1755185535443, "change_id": 81420427013, "instrument_name": "ETH-22AUG25", "bids": [[4633.25, 300.0], [4633.0, 1660.0], [4632.75, 2624.0], [4632.5, 1000.0], [4632.25, 9352.0], [4632.0, 31340.0], [4631.75, 300.0], [4631.5, 1397.0], [4631.25, 1624.0], [4631.0, 1945.0], [4630.75, 3313.0], [4630.5, 393.0], [4630.25, 6149.0], [4630.0, 16927.0], [4629.75, 4379.0], [4629.5, 10561.0], [4629.25, 1324.0], [4629.0, 399.0], [4628.75, 1930.0], [4628.5, 2397.0]], "asks": [[4635.75, 1324.0], [4636.0, 397.0], [4636.25, 1324.0], [4636.75, 8467.0], [4637.0, 31340.0], [4637.25, 397.0], [4637.5, 1324.0], [4637.75, 397.0], [4638.0, 5298.0], [4638.25, 14243.0], [4638.5, 3324.0], [4638.75, 397.0], [4639.0, 1324.0], [4639.25, 399.0], [4639.5, 6833.0], [4639.75, 18739.0], [4640.0, 1324.0], [4640.25, 393.0], [4640.5, 4424.0], [4640.75, 10771.0]]}}}
{"jsonrpc": "2.0", "method": "subscription", "params": {"channel": "book.ETH-22AUG25.none.20.100ms", "data": {"timestamp": 1755185535602, "change_id": 81420428371, "instrument_name": "ETH-22AUG25", "bids": [[4633.25, 1000.0], [4633.0, 1000.0], [4632.75, 2324.0], [4632.5, 1000.0], [4632.25, 1000.0], [4632.0, 38840.0], [4631.5, 1000.0], [4631.25, 1324.0], [4630.75, 1310.0], [4630.25, 1310.0], [4630.0, 16528.0], [4629.75, 1330.0], [4629.5, 10164.0], [4629.25, 1324.0], [4628.75, 1330.0], [4628.5, 2000.0], [4628.25, 1324.0], [4627.25, 1324.0], [4626.5, 1340.0], [4626.25, 4000.0]], "asks": [[4635.25, 1324.0], [4635.5, 1000.0], [4635.75, 1324.0], [4636.25, 1324.0], [4637.0, 31340.0], [4637.5, 1324.0], [4638.0, 1324.0], [4638.25, 13246.0], [4638.5, 1324.0], [4639.0, 1324.0], [4639.5, 1330.0], [4639.75, 18342.0], [4640.0, 3324.0], [4640.5, 1310.0], [4640.75, 10381.0], [4641.0, 1300.0], [4641.25, 4000.0], [4641.5, 1330.0], [4642.0, 1300.0], [4642.5, 1330.0]]}}}
{"jsonrpc": "2.0", "method": "subscription", "params": {"channel": "book.ETH-15AUG25.none.20.100ms", "data": {"timestamp": 1755185535771, "change_id": 81420428401, "instrument_name": "ETH-15AUG25", "bids": [[4625.5, 10557.0], [4625.25, 2000.0], [4624.5, 15432.0], [4624.25, 61190.0], [4624.0, 2210.0], [4623.75, 2210.0], [4623.5, 2210.0], [4623.25, 10539.0], [4623.0, 30074.0], [4622.5, 1800.0], [4622.25, 7200.0], [4622.0, 2000.0], [4621.75, 369.0], [4621.5, 1231.0], [4621.25, 369.0], [4621.0, 4321.0], [4620.75, 10300.0], [4620.25, 369.0], [4620.0, 1231.0], [4619.75, 369.0]], "asks": [[4625.75, 1700.0], [4626.0, 1700.0], [4626.25, 8365.0], [4626.5, 10365.0], [4626.75, 8365.0], [4627.0, 8365.0], [4627.25, 7175.0], [4627.5, 1700.0], [4627.75, 6371.0], [4628.0, 30074.0], [4628.25, 100.0], [4628.75, 2250.0], [4629.5, 4336.0], [4629.75, 15054.0], [4630.0, 2369.0], [4630.25, 1231.0], [4630.5, 5.0], [4630.75, 356.0], [4631.0, 1188.0], [4631.25, 3445.0]]}}}
{"jsonrpc": "2.0", "method": "subscription", "params": {"channel": "book.ETH-15AUG25.none.20.100ms", "data": {"timestamp": 1755185536097, "change_id": 81420429412, "instrument_name": "ETH-15AUG25", "bids": [[4625.5, 2000.0], [4624.0, 1700.0], [4623.75, 1700.0], [4623.5, 1700.0], [4623.25, 1700.0], [4623.0, 30074.0], [4622.5, 6000.0], [4622.0, 2000.0], [4621.5, 1231.0], [4621.0, 1231.0], [4620.75, 10300.0], [4620.0, 1231.0], [4619.5, 1231.0], [4619.0, 1231.0], [4617.5, 1219.0], [4617.0, 25660.0], [4616.75, 4000.0], [4616.0, 16532.0], [4612.5, 1220.0], [4612.0, 1231.0]], "asks": [[4625.75, 1700.0], [4626.0, 1700.0], [4626.25, 8365.0], [4626.5, 10365.0], [4626.75, 8365.0], [4627.0, 8365.0], [4627.25, 6665.0], [4627.5, 1700.0], [4628.25, 43294.0], [4629.5, 7500.0], [4629.75, 1231.0], [4630.0, 2000.0], [4630.25, 1231.0], [4630.5, 5.0], [4631.0, 1188.0], [4631.5, 1188.0], [4632.25, 100.0], [4632.5, 1188.0], [4633.5, 25442.0], [4633.75, 1219.0]]}}}
{"jsonrpc": "2.0", "method": "subscription", "params": {"channel": "book.ETH-22AUG25.none.20.100ms", "data": {"timestamp": 1755185536103, "change_id": 81420429437, "instrument_name": "ETH-22AUG25", "bids": [[4633.25, 300.0], [4633.0, 1300.0], [4632.75, 1300.0], [4632.5, 1300.0], [4632.25, 10402.0], [4632.0, 31340.0], [4631.75, 300.0], [4631.5, 1397.0], [4631.25, 1324.0], [4631.0, 994.0], [4630.75, 3313.0], [4630.5, 393.0], [4630.25, 6268.0], [4630.0, 16927.0], [4629.75, 4379.0], [4629.5, 10164.0], [4629.25, 1324.0], [4628.75, 1930.0], [4628.5, 2000.0], [4628.25, 1324.0]], "asks": [[4635.0, 1324.0], [4635.25, 1000.0], [4636.0, 397.0], [4636.25, 1324.0], [4636.5, 3973.0], [4636.75, 13640.0], [4637.0, 10329.0], [4637.25, 30016.0], [4637.5, 8824.0], [4638.0, 1324.0], [4638.25, 397.0], [4638.5, 1324.0], [4638.75, 397.0], [4639.0, 1324.0], [4639.25, 399.0], [4639.5, 6833.0], [4639.75, 19339.0], [4640.0, 3324.0], [4640.5, 1310.0], [4641.0, 2500.0]]}}}
{"jsonrpc": "2.0", "method": "subscription", "params": {"channel": "book.ETH-22AUG25.none.20.100ms", "data": {"timestamp": 1755185536428, "change_id": 81420430294, "instrument_name": "ETH-22AUG25", "bids": [[4633.25, 300.0], [4633.0, 1300.0], [4632.75, 1300.0], [4632.5, 1300.0], [4632.25, 10402.0], [4632.0, 33590.0], [4631.75, 7800.0], [4631.5, 1397.0], [4631.25, 1324.0], [4631.0, 393.0], [4630.75, 1310.0], [4630.5, 393.0], [4630.25, 6268.0], [4630.0, 16927.0], [4629.75, 4379.0], [4629.5, 10561.0], [4629.25, 1324.0], [4629.0, 399.0], [4628.75, 1930.0], [4628.5, 2397.0]], "asks": [[4635.0, 1324.0], [4635.25, 1000.0], [4636.0, 397.0], [4636.25, 1324.0], [4636.75, 13640.0], [4637.0, 17829.0], [4637.25, 30016.0], [4637.5, 1324.0], [4638.0, 1324.0], [4638.5, 1324.0], [4638.75, 397.0], [4639.0, 1324.0], [4639.25, 399.0], [4639.5, 9238.0], [4639.75, 28653.0], [4640.0, 3324.0], [4640.25, 393.0], [4640.5, 1310.0], [4640.75, 390.0], [4641.0, 2500.0]]}}}
{"jsonrpc": "2.0", "method": "subscription", "params": {"channel": "book.ETH-15AUG25.none.20.100ms", "data": {"timestamp": 1755185536425, "change_id": 81420430184, "instrument_name": "ETH-15AUG25", "bids": [[4625.5, 2000.0], [4624.0, 2250.0], [4623.75, 7500.0], [4623.5, 510.0], [4623.25, 10722.0], [4623.0, 30074.0], [4622.75, 1800.0], [4622.5, 6000.0], [4622.25, 600.0], [4622.0, 2000.0], [4621.75, 369.0], [4621.5, 1231.0], [4621.25, 369.0], [4621.0, 4321.0], [4620.75, 10300.0], [4620.25, 369.0], [4620.0, 1231.0], [4619.75, 369.0], [4619.5, 1231.0], [4619.0, 1231.0]], "asks": [[4625.75, 2665.0], [4626.0, 1700.0], [4626.25, 8365.0], [4626.5, 11854.0], [4626.75, 10283.0], [4627.0, 8365.0], [4627.25, 6665.0], [4628.0, 10926.0], [4628.25, 43294.0], [4628.5, 100.0], [4629.0, 7500.0], [4629.5, 369.0], [4629.75, 1831.0], [4630.0, 2369.0], [4630.25, 1231.0], [4630.5, 5.0], [4631.0, 1188.0], [4631.25, 10060.0], [4631.5, 1188.0], [4632.5, 1188.0]]}}}
{"jsonrpc": "2.0", "method": "subscription", "params": {"channel": "book.ETH-15AUG25.none.20.100ms", "data": {"timestamp": 1755185536587, "change_id": 81420431463, "instrument_name": "ETH-15AUG25", "bids": [[4625.5, 1000.0], [4623.5, 2696.0], [4623.25, 18222.0], [4623.0, 30074.0], [4622.25, 600.0], [4622.0, 2000.0], [4621.5, 7231.0], [4621.0, 1231.0], [4620.75, 10300.0], [4620.25, 369.0], [4620.0, 1231.0], [4619.75, 369.0], [4619.5, 1231.0], [4619.0, 1231.0], [4617.5, 1219.0], [4617.0, 1188.0], [4616.75, 4000.0], [4616.0, 16532.0], [4612.75, 20.0], [4612.5, 1220.0]], "asks": [[4625.75, 2665.0], [4626.0, 8365.0], [4626.25, 8365.0], [4626.5, 10365.0], [4626.75, 8365.0], [4627.0, 8365.0], [4627.25, 30074.0], [4628.25, 13220.0], [4628.5, 100.0], [4629.0, 7500.0], [4629.75, 1231.0], [4630.0, 2369.0], [4630.25, 1231.0], [4630.5, 5.0], [4631.0, 1188.0], [4631.25, 10060.0], [4631.5, 1188.0], [4632.5, 1188.0], [4633.5, 25808.0], [4633.75, 1219.0]]}}}
{"jsonrpc": "2.0", "method": "subscription", "params": {"channel": "book.ETH-22AUG25.none.20.100ms", "data": {"timestamp": 1755185536723, "change_id": 81420431395, "instrument_name": "ETH-22AUG25", "bids": [[4632.75, 2000.0], [4632.5, 1000.0], [4632.25, 1000.0], [4632.0, 31340.0], [4631.5, 1000.0], [4631.25, 8824.0], [4630.75, 1310.0], [4630.25, 1310.0], [4630.0, 16528.0], [4629.75, 1330.0], [4629.25, 1324.0], [4628.75, 1330.0], [4628.5, 2000.0], [4628.25, 1324.0], [4627.75, 10083.0], [4627.25, 1324.0], [4626.5, 1340.0], [4626.25, 4000.0], [4626.0, 1300.0], [4625.5, 7455.0]], "asks": [[4635.0, 1324.0], [4636.25, 31340.0], [4636.75, 13243.0], [4637.0, 8824.0], [4637.5, 1324.0], [4638.0, 19661.0], [4638.5, 1324.0], [4639.0, 1324.0], [4639.5, 38252.0], [4639.75, 10316.0], [4640.0, 3324.0], [4640.5, 1310.0], [4640.75, 37293.0], [4641.0, 1300.0], [4641.25, 4000.0], [4641.5, 1330.0], [4642.0, 1300.0], [4642.5, 1330.0], [4643.0, 1300.0], [4643.5, 1310.0]]}}}
{"jsonrpc": "2.0", "method": "subscription", "params": {"channel": "book.ETH-15AUG25.none.20.100ms", "data": {"timestamp": 1755185537097, "change_id": 81420432077, "instrument_name": "ETH-15AUG25", "bids": [[4625.5, 2700.0], [4625.25, 1000.0], [4624.0, 1700.0], [4623.75, 7500.0], [4623.25, 1700.0], [4623.0, 30074.0], [4622.0, 8000.0], [4621.5, 1231.0], [4621.0, 1231.0], [4620.75, 10300.0], [4620.0, 1231.0], [4619.5, 1231.0], [4619.0, 1231.0], [4617.5, 1219.0], [4617.0, 1188.0], [4616.75, 4000.0], [4616.0, 16532.0], [4612.75, 20.0], [4612.5, 1220.0], [4612.0, 1231.0]], "asks": [[4625.75, 2665.0], [4626.0, 8365.0], [4626.25, 8365.0], [4626.5, 10365.0], [4626.75, 8365.0], [4627.0, 8365.0], [4627.25, 1000.0], [4628.25, 43294.0], [4628.5, 100.0], [4629.75, 8731.0], [4630.0, 2000.0], [4630.25, 1231.0], [4630.5, 5.0], [4631.0, 1188.0], [4631.5, 1188.0], [4632.5, 1188.0], [4633.5, 36019.0], [4633.75, 1219.0], [4634.25, 1201.0], [4634.75, 5219.0]]}}}
{"jsonrpc": "2.0", "method": "subscription", "params": {"channel": "book.ETH-22AUG25.none.20.100ms", "data": {"timestamp": 1755185537083, "change_id": 81420432031, "instrument_name": "ETH-22AUG25", "bids": [[4633.5, 300.0], [4633.25, 1300.0], [4633.0, 1300.0], [4632.75, 1397.0], [4632.5, 1624.0], [4632.25, 1000.0], [4632.0, 32340.0], [4631.75, 7500.0], [4631.5, 1000.0], [4630.75, 1310.0], [4630.25, 3313.0], [4630.0, 16528.0], [4629.75, 11823.0], [4629.25, 1324.0], [4628.75, 1330.0], [4628.5, 2000.0], [4628.25, 1324.0], [4627.25, 1324.0], [4626.5, 1340.0], [4626.25, 4000.0]], "asks": [[4635.5, 1000.0], [4635.75, 1324.0], [4636.25, 1324.0], [4636.5, 3691.0], [4636.75, 14567.0], [4637.25, 37516.0], [4637.5, 1324.0], [4638.0, 19661.0], [4638.5, 1324.0], [4639.0, 1324.0], [4639.5, 1330.0], [4639.75, 5.0], [4640.0, 3324.0], [4640.5, 1310.0], [4641.0, 1300.0], [4641.25, 4000.0], [4641.5, 38252.0], [4642.0, 1300.0], [4642.25, 10342.0], [4642.5, 1330.0]]}}}
{"jsonrpc": "2.0", "method": "subscription", "params": {"channel": "book.ETH-22AUG25.none.20.100ms", "data": {"timestamp": 1755185537419, "change_id": 81420432932, "instrument_name": "ETH-22AUG25", "bids": [[4633.25, 210.0], [4633.0, 1300.0], [4632.75, 1397.0], [4632.5, 1624.0], [4632.25, 10415.0], [4632.0, 31340.0], [4630.75, 1310.0], [4630.25, 1310.0], [4630.0, 16528.0], [4629.75, 11823.0], [4629.25, 1324.0], [4628.75, 1330.0], [4628.5, 2000.0], [4628.25, 1324.0], [4627.25, 1324.0], [4626.5, 1340.0], [4626.25, 4000.0], [4626.0, 7455.0], [4625.5, 1300.0], [4624.0, 1351.0]], "asks": [[4635.25, 1324.0], [4635.5, 397.0], [4635.75, 1324.0], [4636.0, 4868.0], [4636.25, 31340.0], [4636.75, 14567.0], [4637.25, 7500.0], [4637.5, 1324.0], [4638.0, 19661.0], [4638.5, 1324.0], [4639.0, 1324.0], [4639.5, 11796.0], [4639.75, 5.0], [4640.0, 3324.0], [4640.5, 1310.0], [4641.0, 1300.0], [4641.25, 4000.0], [4641.5, 38252.0], [4642.0, 1300.0], [4642.5, 1330.0]]}}}
{"jsonrpc": "2.0", "method": "subscription", "params": {"channel": "book.ETH-15AUG25.none.20.100ms", "data": {"timestamp": 1755185537412, "change_id": 81420432922, "instrument_name": "ETH-15AUG25", "bids": [[4625.5, 1000.0], [4625.25, 1000.0], [4625.0, 8222.0], [4624.75, 53186.0], [4624.25, 510.0], [4624.0, 1700.0], [4623.75, 7500.0], [4623.5, 510.0], [4623.25, 10722.0], [4623.0, 30074.0], [4622.5, 6000.0], [4622.0, 2000.0], [4621.0, 1231.0], [4620.75, 10300.0], [4620.0, 1231.0], [4619.5, 1231.0], [4619.0, 1231.0], [4617.5, 1219.0], [4617.0, 1188.0], [4616.75, 4000.0]], "asks": [[4625.75, 1700.0], [4626.0, 8365.0], [4626.25, 8365.0], [4626.5, 10365.0], [4626.75, 10875.0], [4627.0, 8365.0], [4627.25, 30074.0], [4628.25, 13220.0], [4628.5, 100.0], [4628.75, 7500.0], [4629.75, 1231.0], [4630.0, 2000.0], [4630.25, 1231.0], [4630.5, 5.0], [4631.25, 10548.0], [4631.5, 1188.0], [4632.5, 1188.0], [4633.5, 25442.0], [4633.75, 1219.0], [4634.25, 1201.0]]}}}
{"jsonrpc": "2.0", "method": "subscription", "params": {"channel": "book.ETH-15AUG25.none.20.100ms", "data": {"timestamp": 1755185537611, "change_id": 81420434884, "instrument_name": "ETH-15AUG25", "bids": [[4625.5, 1000.0], [4624.25, 510.0], [4624.0, 1700.0], [4623.5, 510.0], [4623.25, 1700.0], [4623.0, 2250.0], [4622.75, 7500.0], [4622.5, 9022.0], [4622.25, 30074.0], [4622.0, 2000.0], [4621.0, 1231.0], [4620.75, 6000.0], [4620.0, 1231.0], [4619.5, 1231.0], [4619.0, 11470.0], [4617.5, 1219.0], [4617.0, 1188.0], [4616.75, 4000.0], [4616.5, 24472.0], [4616.0, 16532.0]], "asks": [[4625.75, 9408.0], [4626.0, 8362.0], [4626.25, 8362.0], [4626.5, 10365.0], [4626.75, 8365.0], [4627.0, 1700.0], [4627.25, 30074.0], [4628.25, 20720.0], [4628.5, 100.0], [4629.75, 1231.0], [4630.0, 2000.0], [4630.25, 1231.0], [4630.5, 5.0], [4631.25, 10548.0], [4631.5, 1188.0], [4632.5, 1188.0], [4633.5, 25442.0], [4633.75, 1219.0], [4634.25, 1201.0], [4634.75, 5219.0]]}}}
{"jsonrpc": "2.0", "method": "subscription", "params": {"channel": "book.ETH-22AUG25.none.20.100ms", "data": {"timestamp": 1755185537704, "change_id": 81420434777, "instrument_name": "ETH-22AUG25", "bids": [[4632.75, 1000.0], [4632.25, 300.0], [4632.0, 1397.0], [4631.75, 1324.0], [4631.5, 9005.0], [4631.25, 30016.0], [4630.75, 8810.0], [4630.25, 1310.0], [4630.0, 16927.0], [4629.75, 1330.0], [4629.25, 1324.0], [4628.75, 1330.0], [4628.5, 2397.0], [4628.25, 1324.0], [4627.25, 1324.0], [4626.75, 3406.0], [4626.5, 11354.0], [4626.25, 4000.0], [4626.0, 1300.0], [4625.5, 1300.0]], "asks": [[4634.75, 1324.0], [4635.0, 397.0], [4635.25, 1324.0], [4635.5, 397.0], [4635.75, 1324.0], [4636.0, 3602.0], [4636.25, 38840.0], [4636.75, 14567.0], [4637.5, 1324.0], [4638.0, 19661.0], [4638.5, 1324.0], [4638.75, 2000.0], [4639.0, 1324.0], [4639.5, 11796.0], [4639.75, 5.0], [4640.0, 1324.0], [4640.5, 1310.0], [4641.0, 1300.0], [4641.25, 4000.0], [4641.5, 38252.0]]}}}
{"jsonrpc": "2.0", "method": "subscription", "params": {"channel": "book.ETH-15AUG25.none.20.100ms", "data": {"timestamp": 1755185538088, "change_id": 81420435603, "instrument_name": "ETH-15AUG25", "bids": [[4625.5, 1000.0], [4625.25, 300.0], [4625.0, 1000.0], [4624.0, 510.0], [4623.75, 2210.0], [4623.5, 4396.0], [4623.25, 7500.0], [4622.5, 9022.0], [4622.25, 30674.0], [4622.0, 4993.0], [4621.75, 9976.0], [4621.25, 369.0], [4621.0, 3031.0], [4620.75, 6000.0], [4620.25, 369.0], [4620.0, 1231.0], [4619.75, 369.0], [4619.5, 1231.0], [4619.25, 369.0], [4619.0, 1231.0]], "asks": [[4625.75, 9408.0], [4626.0, 8362.0], [4626.25, 9786.0], [4626.5, 13551.0], [4626.75, 8875.0], [4627.0, 6071.0], [4627.25, 30074.0], [4628.0, 6216.0], [4628.25, 20720.0], [4628.5, 100.0], [4629.5, 369.0], [4629.75, 1831.0], [4630.0, 2369.0], [4630.25, 1231.0], [4630.5, 5.0], [4631.0, 3164.0], [4631.25, 10904.0], [4631.5, 1188.0], [4632.25, 356.0], [4632.5, 1188.0]]}}}
{"jsonrpc": "2.0", "method": "subscription", "params": {"channel": "book.ETH-22AUG25.none.20.100ms", "data": {"timestamp": 1755185537954, "change_id": 81420435416, "instrument_name": "ETH-22AUG25", "bids": [[4633.0, 300.0], [4632.75, 1000.0], [4632.25, 300.0], [4632.0, 1648.0], [4631.75, 2324.0], [4631.5, 9005.0], [4631.25, 37516.0], [4630.75, 1310.0], [4630.25, 1310.0], [4630.0, 16927.0], [4629.75, 1330.0], [4629.25, 11511.0], [4628.75, 1330.0], [4628.5, 2397.0], [4628.25, 1324.0], [4627.25, 1324.0], [4626.5, 1340.0], [4626.25, 4000.0], [4626.0, 1300.0], [4625.5, 1300.0]], "asks": [[4635.25, 1324.0], [4635.5, 397.0], [4635.75, 1324.0], [4636.0, 6209.0], [4636.25, 38840.0], [4636.75, 14567.0], [4637.5, 1324.0], [4638.0, 19661.0], [4638.5, 1324.0], [4638.75, 2000.0], [4639.0, 1324.0], [4639.5, 11796.0], [4639.75, 5.0], [4640.0, 1324.0], [4640.5, 1310.0], [4641.0, 1300.0], [4641.25, 4000.0], [4641.5, 38252.0], [4642.0, 1300.0], [4642.5, 1330.0]]}}}
{"jsonrpc": "2.0", "method": "subscription", "params": {"channel": "book.ETH-22AUG25.none.20.100ms", "data": {"timestamp": 1755185538400, "change_id": 81420436795, "instrument_name": "ETH-22AUG25", "bids": [[4632.0, 300.0], [4631.75, 1000.0], [4631.5, 10005.0], [4631.25, 31016.0], [4630.75, 1310.0], [4630.25, 1310.0], [4629.75, 1330.0], [4629.25, 1324.0], [4628.75, 1330.0], [4628.5, 2000.0], [4628.25, 1324.0], [4627.25, 1324.0], [4626.5, 1340.0], [4626.25, 4000.0], [4626.0, 11691.0], [4625.5, 1300.0], [4624.0, 1351.0], [4623.5, 17903.0], [4622.75, 7500.0], [4621.5, 1294.0]], "asks": [[4634.25, 1324.0], [4635.0, 397.0], [4635.25, 31340.0], [4635.5, 397.0], [4635.75, 1324.0], [4636.25, 8824.0], [4636.75, 14567.0], [4637.5, 1324.0], [4638.0, 19661.0], [4638.5, 1324.0], [4638.75, 2000.0], [4639.0, 1324.0], [4639.5, 11796.0], [4639.75, 5.0], [4640.0, 1324.0], [4640.5, 1310.0], [4641.0, 1300.0], [4641.25, 4000.0], [4641.5, 38252.0], [4642.0, 1300.0]]}}}
{"jsonrpc": "2.0", "method": "subscription", "params": {"channel": "book.ETH-15AUG25.none.20.100ms", "data": {"timestamp": 1755185538350, "change_id": 81420436831, "instrument_name": "ETH-15AUG25", "bids": [[4624.0, 1000.0], [4623.75, 1700.0], [4622.25, 30074.0], [4620.75, 8000.0], [4620.0, 1231.0], [4619.5, 1231.0], [4619.0, 1231.0], [4618.25, 10217.0], [4617.5, 1219.0], [4617.0, 1188.0], [4616.75, 4000.0], [4616.5, 1231.0], [4616.0, 16532.0], [4614.75, 24472.0], [4612.5, 1220.0], [4612.0, 1231.0], [4611.75, 20.0], [4609.75, 1219.0], [4607.25, 7511.0], [4607.0, 40000.0]], "asks": [[4625.5, 1700.0], [4625.75, 4746.0], [4626.0, 8362.0], [4626.25, 38436.0], [4626.5, 8365.0], [4626.75, 8365.0], [4627.0, 8362.0], [4628.25, 20720.0], [4628.5, 1231.0], [4629.0, 2000.0], [4629.75, 1331.0], [4630.25, 1231.0], [4630.5, 5.0], [4631.25, 10548.0], [4631.5, 1188.0], [4632.5, 5188.0], [4633.5, 25442.0], [4633.75, 1219.0], [4634.25, 1201.0], [4634.75, 1219.0]]}}}
{"jsonrpc": "2.0", "method": "subscription", "params": {"channel": "book.ETH-22AUG25.none.20.100ms", "data": {"timestamp": 1755185538669, "change_id": 81420439715, "instrument_name": "ETH-22AUG25", "bids": [[4632.0, 300.0], [4631.75, 1300.0], [4631.5, 10005.0], [4631.25, 31016.0], [4631.0, 393.0], [4630.75, 1310.0], [4630.5, 2594.0], [4630.25, 8810.0], [4629.75, 1330.0], [4629.25, 1324.0], [4628.75, 1330.0], [4628.5, 12638.0], [4628.25, 1324.0], [4627.25, 1324.0], [4626.5, 1340.0], [4626.25, 4000.0], [4626.0, 1300.0], [4625.5, 1300.0], [4624.0, 1351.0], [4623.5, 17903.0]], "asks": [[4633.75, 1324.0], [4634.0, 1324.0], [4634.75, 2250.0], [4635.0, 14690.0], [4635.25, 31340.0], [4635.5, 397.0], [4635.75, 1324.0], [4636.25, 1324.0], [4636.75, 14567.0], [4637.5, 1324.0], [4638.0, 1324.0], [4638.5, 1324.0], [4638.75, 2000.0], [4639.0, 1324.0], [4639.5, 11796.0], [4639.75, 18342.0], [4640.0, 1324.0], [4640.5, 1310.0], [4641.0, 1300.0], [4641.25, 4000.0]]}}}
{"jsonrpc": "2.0", "method": "subscription", "params": {"channel": "book.ETH-15AUG25.none.20.100ms", "data": {"timestamp": 1755185538661, "change_id": 81420439783, "instrument_name": "ETH-15AUG25", "bids": [[4624.0, 1000.0], [4623.75, 1700.0], [4622.25, 37574.0], [4620.75, 12538.0], [4620.5, 6000.0], [4620.0, 1231.0], [4619.5, 1231.0], [4619.0, 1231.0], [4617.5, 1219.0], [4617.0, 1188.0], [4616.75, 4000.0], [4616.5, 1231.0], [4616.0, 16532.0], [4614.25, 24472.0], [4612.5, 1220.0], [4612.0, 1231.0], [4611.75, 20.0], [4609.75, 1219.0], [4607.25, 7511.0], [4607.0, 40000.0]], "asks": [[4624.75, 1700.0], [4625.0, 3700.0], [4625.25, 1700.0], [4625.5, 8362.0], [4625.75, 8362.0], [4626.0, 8362.0], [4626.25, 38436.0], [4626.5, 6665.0], [4627.0, 7500.0], [4627.75, 100.0], [4628.25, 13220.0], [4628.5, 1231.0], [4629.0, 2000.0], [4629.75, 1231.0], [4630.25, 1231.0], [4630.5, 5.0], [4631.25, 10548.0], [4631.5, 1188.0], [4632.5, 5188.0], [4633.75, 1219.0]]}}}
{"jsonrpc": "2.0", "method": "subscription", "params": {"channel": "book.ETH-22AUG25.none.20.100ms", "data": {"timestamp": 1755185538944, "change_id": 81420440614, "instrument_name": "ETH-22AUG25", "bids": [[4632.0, 1300.0], [4631.75, 1300.0], [4631.5, 10005.0], [4631.25, 31016.0], [4631.0, 393.0], [4630.75, 1310.0], [4630.5, 2594.0], [4630.25, 8810.0], [4630.0, 399.0], [4629.75, 1330.0], [4629.5, 397.0], [4629.25, 1324.0], [4629.0, 399.0], [4628.75, 5002.0], [4628.5, 12638.0], [4628.25, 1324.0], [4627.5, 397.0], [4627.25, 1324.0], [4626.75, 402.0], [4626.5, 2540.0]], "asks": [[4633.5, 1000.0], [4633.75, 1324.0], [4634.75, 2250.0], [4635.0, 14690.0], [4635.25, 31340.0], [4635.5, 397.0], [4635.75, 1324.0], [4636.0, 397.0], [4636.25, 1324.0], [4636.5, 4370.0], [4636.75, 14567.0], [4637.25, 397.0], [4637.5, 1324.0], [4637.75, 397.0], [4638.0, 1324.0], [4638.25, 397.0], [4638.5, 1924.0], [4638.75, 2397.0], [4639.0, 1324.0], [4639.25, 3539.0]]}}}
{"jsonrpc": "2.0", "method": "subscription", "params": {"channel": "book.ETH-15AUG25.none.20.100ms", "data": {"timestamp": 1755185539074, "change_id": 81420440798, "instrument_name": "ETH-15AUG25", "bids": [[4624.0, 1000.0], [4622.5, 11272.0], [4622.25, 37574.0], [4621.0, 3761.0], [4620.75, 14338.0], [4620.5, 6000.0], [4620.25, 369.0], [4620.0, 1231.0], [4619.75, 369.0], [4619.5, 1231.0], [4619.25, 369.0], [4619.0, 1231.0], [4617.75, 366.0], [4617.5, 1219.0], [4617.25, 356.0], [4617.0, 2388.0], [4616.75, 4369.0], [4616.5, 1231.0], [4616.0, 16532.0], [4613.5, 24472.0]], "asks": [[4624.75, 2381.0], [4625.0, 4446.0], [4625.25, 5209.0], [4625.5, 10871.0], [4625.75, 8362.0], [4626.0, 13446.0], [4626.25, 38436.0], [4626.5, 6665.0], [4626.75, 2250.0], [4627.0, 7500.0], [4627.25, 100.0], [4628.0, 3966.0], [4628.25, 13589.0], [4628.5, 1231.0], [4628.75, 600.0], [4629.0, 2000.0], [4629.5, 369.0], [4629.75, 1231.0], [4630.0, 369.0], [4630.25, 1231.0]]}}}
{"jsonrpc": "2.0", "method": "subscription", "params": {"channel": "book.ETH-22AUG25.none.20.100ms", "data": {"timestamp": 1755185539344, "change_id": 81420441310, "instrument_name": "ETH-22AUG25", "bids": [[4632.0, 1300.0], [4631.75, 1300.0], [4631.5, 10005.0], [4631.25, 31016.0], [4631.0, 393.0], [4630.75, 1310.0], [4630.5, 2594.0], [4630.25, 8810.0], [4630.0, 399.0], [4629.75, 1330.0], [4629.5, 397.0], [4629.25, 1324.0], [4629.0, 399.0], [4628.75, 5002.0], [4628.5, 12638.0], [4628.25, 1324.0], [4627.5, 397.0], [4627.25, 1324.0], [4626.75, 402.0], [4626.5, 2540.0]], "asks": [[4633.5, 1000.0], [4633.75, 1324.0], [4634.75, 2250.0], [4635.0, 14690.0], [4635.25, 31340.0], [4635.5, 397.0], [4635.75, 1324.0], [4636.0, 397.0], [4636.25, 1324.0], [4636.5, 4370.0], [4636.75, 14567.0], [4637.25, 397.0], [4637.5, 1324.0], [4637.75, 397.0], [4638.0, 1324.0], [4638.25, 397.0], [4638.5, 1924.0], [4638.75, 2397.0], [4639.0, 1324.0], [4639.25, 3539.0]]}}}
{"jsonrpc": "2.0", "method": "subscription", "params": {"channel": "book.ETH-15AUG25.none.20.100ms", "data": {"timestamp": 1755185539165, "change_id": 81420440920, "instrument_name": "ETH-15AUG25", "bids": [[4624.0, 7920.0], [4623.0, 510.0], [4622.75, 2210.0], [4622.5, 12972.0], [4622.25, 37574.0], [4621.0, 3761.0], [4620.75, 14338.0], [4620.5, 6000.0], [4620.25, 369.0], [4620.0, 1231.0], [4619.75, 369.0], [4619.5, 1231.0], [4619.25, 369.0], [4619.0, 1231.0], [4617.75, 366.0], [4617.5, 1219.0], [4617.25, 356.0], [4617.0, 2388.0], [4616.75, 4369.0], [4616.5, 1231.0]], "asks": [[4624.75, 2381.0], [4625.0, 4446.0], [4625.25, 5209.0], [4625.5, 10871.0], [4625.75, 8362.0], [4626.0, 13446.0], [4626.25, 38436.0], [4626.5, 6665.0], [4626.75, 2250.0], [4627.0, 7500.0], [4627.25, 100.0], [4628.0, 3966.0], [4628.25, 13589.0], [4628.5, 1231.0], [4628.75, 600.0], [4629.0, 2000.0], [4629.5, 369.0], [4629.75, 1231.0], [4630.0, 369.0], [4630.25, 1231.0]]}}}
{"jsonrpc": "2.0", "method": "subscription", "params": {"channel": "book.ETH-22AUG25.none.20.100ms", "data": {"timestamp": 1755185539735, "change_id": 81420442840, "instrument_name": "ETH-22AUG25", "bids": [[4631.5, 1300.0], [4631.25, 1000.0], [4630.5, 11324.0], [4630.25, 38826.0], [4630.0, 399.0], [4629.75, 1330.0], [4629.5, 397.0], [4629.25, 1324.0], [4629.0, 399.0], [4628.75, 5002.0], [4628.5, 12638.0], [4628.25, 1324.0], [4627.5, 397.0], [4627.25, 1324.0], [4626.75, 402.0], [4626.5, 2540.0], [4626.25, 4390.0], [4626.0, 1300.0], [4625.75, 390.0], [4625.5, 1300.0]], "asks": [[4633.25, 1324.0], [4634.75, 2250.0], [4635.0, 14690.0], [4635.25, 31340.0], [4635.5, 397.0], [4635.75, 1324.0], [4636.0, 397.0], [4636.25, 1324.0], [4636.5, 4370.0], [4636.75, 14567.0], [4637.25, 948.0], [4637.5, 3324.0], [4637.75, 397.0], [4638.0, 1324.0], [4638.25, 397.0], [4638.5, 1324.0], [4638.75, 397.0], [4639.0, 1324.0], [4639.25, 3539.0], [4639.5, 17299.0]]}}}
{"jsonrpc": "2.0", "method": "subscription", "params": {"channel": "book.ETH-15AUG25.none.20.100ms", "data": {"timestamp": 1755185539662, "change_id": 81420442848, "instrument_name": "ETH-15AUG25", "bids": [[4624.0, 1000.0], [4623.0, 510.0], [4622.75, 2210.0], [4622.5, 3950.0], [4622.25, 7500.0], [4621.5, 9022.0], [4621.25, 30074.0], [4621.0, 3761.0], [4620.75, 14338.0], [4620.5, 6000.0], [4620.25, 369.0], [4620.0, 1231.0], [4619.75, 369.0], [4619.5, 1231.0], [4619.25, 369.0], [4619.0, 1231.0], [4617.75, 366.0], [4617.5, 1219.0], [4617.25, 356.0], [4617.0, 2388.0]], "asks": [[4624.75, 3780.0], [4625.0, 4210.0], [4625.25, 4209.0], [4625.5, 10871.0], [4625.75, 10871.0], [4626.0, 13446.0], [4626.25, 38436.0], [4626.5, 6665.0], [4626.75, 2250.0], [4627.0, 7500.0], [4628.25, 369.0], [4628.5, 1231.0], [4628.75, 100.0], [4629.5, 369.0], [4629.75, 1231.0], [4630.0, 369.0], [4630.25, 1231.0], [4630.5, 5.0], [4631.0, 3164.0], [4631.25, 10904.0]]}}}
{"jsonrpc": "2.0", "method": "subscription", "params": {"channel": "book.ETH-22AUG25.none.20.100ms", "data": {"timestamp": 1755185540053, "change_id": 81420444650, "instrument_name": "ETH-22AUG25", "bids": [[4631.25, 1000.0], [4631.0, 1000.0], [4630.0, 399.0], [4629.75, 10335.0], [4629.5, 30413.0], [4629.25, 1324.0], [4629.0, 399.0], [4628.75, 1330.0], [4628.5, 397.0], [4628.25, 1324.0], [4627.5, 397.0], [4627.25, 4860.0], [4627.0, 12037.0], [4626.75, 402.0], [4626.5, 1340.0], [4626.25, 390.0], [4626.0, 1300.0], [4625.75, 390.0], [4625.5, 1300.0], [4624.25, 1555.0]], "asks": [[4632.5, 1000.0], [4632.75, 1324.0], [4633.5, 300.0], [4633.75, 1000.0], [4634.0, 6041.0], [4634.25, 30016.0], [4634.75, 2250.0], [4635.0, 7897.0], [4635.25, 1324.0], [4635.5, 397.0], [4635.75, 1324.0], [4636.0, 397.0], [4636.25, 1324.0], [4636.5, 397.0], [4636.75, 1324.0], [4637.0, 3087.0], [4637.25, 11288.0], [4637.5, 3324.0], [4637.75, 397.0], [4638.0, 1324.0]]}}}
{"jsonrpc": "2.0", "method": "subscription", "params": {"channel": "book.ETH-15AUG25.none.20.100ms", "data": {"timestamp": 1755185540068, "change_id": 81420444688, "instrument_name": "ETH-15AUG25", "bids": [[4621.5, 510.0], [4621.25, 2210.0], [4621.0, 6725.0], [4620.75, 27722.0], [4620.5, 30074.0], [4619.75, 369.0], [4619.5, 5763.0], [4619.25, 16776.0], [4619.0, 1231.0], [4617.75, 366.0], [4617.5, 1219.0], [4617.25, 356.0], [4617.0, 2388.0], [4616.75, 4369.0], [4616.5, 1231.0], [4616.25, 5329.0], [4616.0, 17763.0], [4613.25, 369.0], [4613.0, 8573.0], [4612.75, 24472.0]], "asks": [[4624.0, 2210.0], [4624.25, 4210.0], [4624.5, 4328.0], [4624.75, 11377.0], [4625.0, 13126.0], [4625.25, 40945.0], [4625.5, 10871.0], [4625.75, 6662.0], [4626.25, 7500.0], [4627.5, 369.0], [4627.75, 1831.0], [4628.0, 2000.0], [4628.25, 369.0], [4628.5, 1231.0], [4628.75, 3125.0], [4629.0, 10418.0], [4629.5, 369.0], [4629.75, 1231.0], [4630.0, 369.0], [4630.25, 1231.0]]}}}
{"jsonrpc": "2.0", "method": "subscription", "params": {"channel": "book.ETH-22AUG25.none.20.100ms", "data": {"timestamp": 1755185540357, "change_id": 81420445408, "instrument_name": "ETH-22AUG25", "bids": [[4631.25, 1000.0], [4631.0, 1000.0], [4630.5, 397.0], [4630.25, 1624.0], [4630.0, 1649.0], [4629.75, 11335.0], [4629.5, 37913.0], [4629.25, 1324.0], [4629.0, 399.0], [4628.75, 1330.0], [4628.5, 397.0], [4628.25, 1324.0], [4627.5, 397.0], [4627.25, 4860.0], [4627.0, 12037.0], [4626.75, 402.0], [4626.5, 1340.0], [4626.25, 390.0], [4626.0, 1300.0], [4625.75, 390.0]], "asks": [[4632.5, 1000.0], [4632.75, 1324.0], [4633.0, 300.0], [4633.25, 1000.0], [4633.5, 300.0], [4633.75, 1300.0], [4634.0, 7041.0], [4634.25, 37516.0], [4635.0, 397.0], [4635.25, 1324.0], [4635.5, 397.0], [4635.75, 1324.0], [4636.0, 397.0], [4636.25, 1324.0], [4636.5, 397.0], [4636.75, 1324.0], [4637.0, 3087.0], [4637.25, 11288.0], [4637.5, 3324.0], [4637.75, 397.0]]}}}
{"jsonrpc": "2.0", "method": "subscription", "params": {"channel": "book.ETH-15AUG25.none.20.100ms", "data": {"timestamp": 1755185540374, "change_id": 81420445447, "instrument_name": "ETH-15AUG25", "bids": [[4623.25, 1000.0], [4622.0, 510.0], [4621.75, 4410.0], [4621.5, 9710.0], [4621.25, 2210.0], [4621.0, 6725.0], [4620.75, 27722.0], [4620.5, 30074.0], [4619.75, 369.0], [4619.5, 4353.0], [4619.25, 11861.0], [4619.0, 7231.0], [4617.75, 366.0], [4617.5, 1219.0], [4617.25, 356.0], [4617.0, 2388.0], [4616.75, 4369.0], [4616.5, 1231.0], [4616.25, 5329.0], [4616.0, 17763.0]], "asks": [[4624.0, 3304.0], [4624.25, 5210.0], [4624.5, 4328.0], [4624.75, 10696.0], [4625.0, 13126.0], [4625.25, 40945.0], [4625.5, 10871.0], [4625.75, 6662.0], [4626.25, 7500.0], [4627.5, 369.0], [4627.75, 1831.0], [4628.0, 2000.0], [4628.25, 369.0], [4628.5, 1231.0], [4628.75, 3125.0], [4629.0, 10418.0], [4629.5, 369.0], [4629.75, 1231.0], [4630.0, 369.0], [4630.25, 1231.0]]}}}
{"jsonrpc": "2.0", "method": "subscription", "params": {"channel": "book.ETH-15AUG25.none.20.100ms", "data": {"timestamp": 1755185540640, "change_id": 81420446493, "instrument_name": "ETH-15AUG25", "bids": [[4623.25, 10750.0], [4622.0, 510.0], [4621.75, 4410.0], [4621.5, 9710.0], [4621.25, 2210.0], [4621.0, 19572.0], [4620.75, 65863.0], [4620.5, 30074.0], [4619.75, 369.0], [4619.5, 4353.0], [4619.25, 11861.0], [4619.0, 7231.0], [4617.75, 366.0], [4617.5, 1219.0], [4617.25, 356.0], [4617.0, 2388.0], [4616.75, 4369.0], [4616.5, 1231.0], [4616.25, 5329.0], [4616.0, 17763.0]], "asks": [[4624.0, 3304.0], [4624.25, 4210.0], [4624.5, 4328.0], [4624.75, 10696.0], [4625.0, 13126.0], [4625.25, 40945.0], [4625.5, 10871.0], [4625.75, 6662.0], [4626.25, 7500.0], [4627.5, 369.0], [4627.75, 1831.0], [4628.0, 2000.0], [4628.25, 369.0], [4628.5, 1231.0], [4628.75, 3125.0], [4629.0, 10418.0], [4629.5, 369.0], [4629.75, 1231.0], [4630.0, 369.0], [4630.25, 1231.0]]}}}
{"jsonrpc": "2.0", "method": "subscription", "params": {"channel": "book.ETH-15AUG25.none.20.100ms", "data": {"timestamp": 1755185541065, "change_id": 81420447738, "instrument_name": "ETH-15AUG25", "bids": [[4622.75, 1000.0], [4622.0, 510.0], [4621.75, 2097.0], [4621.5, 2210.0], [4621.25, 2080.0], [4621.0, 4385.0], [4620.75, 18222.0], [4620.5, 30074.0], [4620.0, 1659.0], [4619.75, 6369.0], [4619.5, 5122.0], [4619.25, 10776.0], [4619.0, 1231.0], [4617.75, 366.0], [4617.5, 1219.0], [4617.25, 356.0], [4617.0, 2388.0], [4616.75, 4369.0], [4616.5, 1231.0], [4616.25, 5329.0]], "asks": [[4623.75, 2538.0], [4624.0, 3840.0], [4624.25, 4210.0], [4624.5, 4328.0], [4624.75, 10696.0], [4625.0, 13026.0], [4625.25, 40945.0], [4625.5, 10871.0], [4625.75, 6662.0], [4626.0, 100.0], [4626.25, 7500.0], [4627.5, 369.0], [4627.75, 1831.0], [4628.0, 2000.0], [4628.25, 369.0], [4628.5, 1231.0], [4628.75, 3125.0], [4629.0, 10418.0], [4629.5, 369.0], [4629.75, 1231.0]]}}}
{"jsonrpc": "2.0", "method": "subscription", "params": {"channel": "book.ETH-22AUG25.none.20.100ms", "data": {"timestamp": 1755185541069, "change_id": 81420447786, "instrument_name": "ETH-22AUG25", "bids": [[4631.25, 1000.0], [4630.5, 1000.0], [4630.25, 300.0], [4630.0, 1649.0], [4629.75, 11335.0], [4629.5, 30413.0], [4629.25, 1324.0], [4629.0, 2599.0], [4628.75, 8830.0], [4628.5, 397.0], [4628.25, 1324.0], [4627.5, 397.0], [4627.25, 4860.0], [4627.0, 12037.0], [4626.75, 402.0], [4626.5, 1340.0], [4626.25, 390.0], [4626.0, 1300.0], [4625.75, 390.0], [4625.5, 1300.0]], "asks": [[4632.0, 1335.0], [4632.25, 1335.0], [4633.0, 300.0], [4633.25, 1300.0], [4633.5, 1300.0], [4633.75, 1300.0], [4634.0, 10546.0], [4634.25, 37516.0], [4635.0, 397.0], [4635.25, 1324.0], [4635.5, 397.0], [4635.75, 1324.0], [4636.0, 397.0], [4636.25, 1324.0], [4636.5, 397.0], [4636.75, 1324.0], [4637.0, 3087.0], [4637.25, 11288.0], [4637.5, 3324.0], [4637.75, 397.0]]}}}
{"jsonrpc": "2.0", "method": "subscription", "params": {"channel": "book.ETH-22AUG25.none.20.100ms", "data": {"timestamp": 1755185541368, "change_id": 81420449257, "instrument_name": "ETH-22AUG25", "bids": [[4631.25, 1000.0], [4630.25, 300.0], [4630.0, 1399.0], [4629.75, 1000.0], [4629.5, 401.0], [4629.25, 10340.0], [4629.0, 30415.0], [4628.75, 1330.0], [4628.5, 2598.0], [4628.25, 8824.0], [4628.0, 401.0], [4627.75, 1335.0], [4627.5, 397.0], [4627.25, 1924.0], [4627.0, 2000.0], [4626.75, 402.0], [4626.5, 1340.0], [4626.25, 390.0], [4626.0, 1300.0], [4625.75, 390.0]], "asks": [[4631.5, 1000.0], [4631.75, 1000.0], [4632.5, 1335.0], [4633.0, 5635.0], [4633.25, 31016.0], [4633.5, 3513.0], [4633.75, 8800.0], [4634.0, 1000.0], [4635.0, 397.0], [4635.25, 1324.0], [4635.5, 397.0], [4635.75, 1324.0], [4636.0, 950.0], [4636.25, 3324.0], [4636.5, 397.0], [4636.75, 1324.0], [4637.0, 3087.0], [4637.25, 10688.0], [4637.5, 1324.0], [4637.75, 397.0]]}}}
{"jsonrpc": "2.0", "method": "subscription", "params": {"channel": "book.ETH-15AUG25.none.20.100ms", "data": {"timestamp": 1755185541378, "change_id": 81420449281, "instrument_name": "ETH-15AUG25", "bids": [[4621.75, 1700.0], [4621.5, 1700.0], [4621.25, 1700.0], [4620.25, 7500.0], [4620.0, 30074.0], [4619.5, 2000.0], [4619.0, 7231.0], [4617.5, 11308.0], [4617.0, 1188.0], [4616.75, 4000.0], [4616.5, 1231.0], [4616.0, 17763.0], [4613.0, 1231.0], [4612.5, 1220.0], [4612.0, 1231.0], [4610.75, 24472.0], [4609.75, 1219.0], [4609.5, 20.0], [4607.25, 7511.0], [4607.0, 40000.0]], "asks": [[4623.5, 3700.0], [4623.75, 1700.0], [4624.0, 1700.0], [4624.25, 38436.0], [4624.5, 8362.0], [4624.75, 8362.0], [4625.0, 8362.0], [4625.25, 8362.0], [4625.5, 1800.0], [4625.75, 7500.0], [4626.5, 1229.0], [4627.0, 2000.0], [4627.75, 1231.0], [4628.5, 1231.0], [4629.0, 10418.0], [4629.75, 1231.0], [4630.25, 1231.0], [4630.5, 5.0], [4631.5, 1188.0], [4632.5, 5188.0]]}}}
{"jsonrpc": "2.0", "method": "subscription", "params": {"channel": "book.ETH-15AUG25.none.20.100ms", "data": {"timestamp": 1755185541648, "change_id": 81420450524, "instrument_name": "ETH-15AUG25", "bids": [[4621.5, 510.0], [4621.25, 1700.0], [4621.0, 2250.0], [4620.75, 7500.0], [4620.25, 9022.0], [4620.0, 30074.0], [4619.75, 600.0], [4619.5, 2000.0], [4619.25, 2169.0], [4619.0, 7231.0], [4617.75, 3392.0], [4617.5, 11308.0], [4617.25, 356.0], [4617.0, 2388.0], [4616.75, 4369.0], [4616.5, 1231.0], [4616.25, 5329.0], [4616.0, 17763.0], [4613.0, 1231.0], [4612.5, 1220.0]], "asks": [[4623.5, 5288.0], [4623.75, 2210.0], [4624.0, 6834.0], [4624.25, 40945.0], [4624.5, 10871.0], [4624.75, 8362.0], [4625.0, 10871.0], [4625.25, 16402.0], [4625.5, 1800.0], [4626.25, 369.0], [4626.5, 1229.0], [4626.75, 600.0], [4627.0, 2000.0], [4627.5, 369.0], [4627.75, 1231.0], [4628.25, 369.0], [4628.5, 1231.0], [4628.75, 3125.0], [4629.0, 10418.0], [4629.5, 369.0]]}}}
{"jsonrpc": "2.0", "method": "subscription", "params": {"channel": "book.ETH-22AUG25.none.20.100ms", "data": {"timestamp": 1755185541653, "change_id": 81420450503, "instrument_name": "ETH-22AUG25", "bids": [[4630.25, 300.0], [4630.0, 1399.0], [4629.75, 2000.0], [4629.5, 401.0], [4629.25, 10340.0], [4629.0, 32615.0], [4628.75, 8830.0], [4628.5, 397.0], [4628.25, 1324.0], [4628.0, 401.0], [4627.75, 1335.0], [4627.5, 397.0], [4627.25, 1324.0], [4626.75, 402.0], [4626.5, 1340.0], [4626.25, 390.0], [4626.0, 1300.0], [4625.75, 941.0], [4625.5, 6451.0], [4625.25, 10905.0]], "asks": [[4631.75, 1000.0], [4632.25, 401.0], [4632.5, 1335.0], [4633.0, 5635.0], [4633.25, 38516.0], [4633.5, 1300.0], [4633.75, 1300.0], [4634.0, 1000.0], [4635.0, 397.0], [4635.25, 1324.0], [4635.5, 397.0], [4635.75, 1324.0], [4636.0, 950.0], [4636.25, 3324.0], [4636.5, 397.0], [4636.75, 1324.0], [4637.0, 3087.0], [4637.25, 10688.0], [4637.5, 1324.0], [4637.75, 397.0]]}}}
{"jsonrpc": "2.0", "method": "subscription", "params": {"channel": "book.ETH-15AUG25.none.20.100ms", "data": {"timestamp": 1755185542054, "change_id": 81420451285, "instrument_name": "ETH-15AUG25", "bids": [[4623.25, 1000.0], [4622.0, 300.0], [4621.75, 1510.0], [4621.5, 1700.0], [4621.25, 510.0], [4621.0, 1700.0], [4620.75, 2250.0], [4620.5, 7500.0], [4620.25, 9022.0], [4620.0, 30074.0], [4619.75, 600.0], [4619.5, 2000.0], [4619.25, 2169.0], [4619.0, 7231.0], [4617.75, 3392.0], [4617.5, 11308.0], [4617.25, 356.0], [4617.0, 1188.0], [4616.75, 369.0], [4616.5, 1231.0]], "asks": [[4623.5, 5778.0], [4623.75, 10807.0], [4624.0, 13496.0], [4624.25, 40945.0], [4624.5, 10871.0], [4624.75, 8362.0], [4625.0, 4209.0], [4625.25, 7500.0], [4626.0, 100.0], [4626.25, 369.0], [4626.5, 1229.0], [4626.75, 600.0], [4627.0, 2000.0], [4627.5, 369.0], [4627.75, 1231.0], [4628.25, 4289.0], [4628.5, 14452.0], [4628.75, 3125.0], [4629.0, 10418.0], [4629.5, 369.0]]}}}
{"jsonrpc": "2.0", "method": "subscription", "params": {"channel": "book.ETH-22AUG25.none.20.100ms", "data": {"timestamp": 1755185542036, "change_id": 81420451228, "instrument_name": "ETH-22AUG25", "bids": [[4630.0, 1399.0], [4629.75, 2000.0], [4629.5, 401.0], [4629.25, 10340.0], [4629.0, 30415.0], [4628.75, 3580.0], [4628.5, 7897.0], [4628.25, 1324.0], [4628.0, 401.0], [4627.75, 1335.0], [4627.5, 397.0], [4627.25, 1324.0], [4626.75, 402.0], [4626.5, 1340.0], [4626.25, 390.0], [4626.0, 1300.0], [4625.75, 941.0], [4625.5, 6451.0], [4625.25, 10905.0], [4625.0, 1335.0]], "asks": [[4631.75, 3335.0], [4632.25, 401.0], [4632.5, 1335.0], [4633.0, 5635.0], [4633.25, 38816.0], [4633.5, 1300.0], [4633.75, 1300.0], [4634.0, 1000.0], [4635.0, 397.0], [4635.25, 1324.0], [4635.5, 397.0], [4635.75, 1324.0], [4636.0, 950.0], [4636.25, 3324.0], [4636.5, 397.0], [4636.75, 1324.0], [4637.0, 3087.0], [4637.25, 10688.0], [4637.5, 1324.0], [4637.75, 397.0]]}}}
{"jsonrpc": "2.0", "method": "subscription", "params": {"channel": "book.ETH-22AUG25.none.20.100ms", "data": {"timestamp": 1755185542194, "change_id": 81420452772, "instrument_name": "ETH-22AUG25", "bids": [[4629.75, 1000.0], [4629.5, 249.0], [4629.25, 1000.0], [4629.0, 399.0], [4628.75, 1330.0], [4628.5, 397.0], [4628.25, 10329.0], [4628.0, 30417.0], [4627.75, 3585.0], [4627.5, 7897.0], [4627.25, 1324.0], [4626.75, 402.0], [4626.5, 1340.0], [4626.25, 390.0], [4626.0, 1300.0], [4625.75, 941.0], [4625.5, 6451.0], [4625.25, 10905.0], [4625.0, 1335.0], [4624.25, 405.0]], "asks": [[4631.25, 2335.0], [4632.0, 5225.0], [4632.25, 31417.0], [4632.5, 9135.0], [4632.75, 1000.0], [4635.0, 397.0], [4635.25, 1324.0], [4635.5, 397.0], [4635.75, 1324.0], [4636.0, 950.0], [4636.25, 3324.0], [4636.5, 397.0], [4636.75, 1324.0], [4637.0, 3087.0], [4637.25, 10688.0], [4637.5, 1324.0], [4637.75, 397.0], [4638.0, 1324.0], [4638.25, 397.0], [4638.5, 1324.0]]}}}
{"jsonrpc": "2.0", "method": "subscription", "params": {"channel": "book.ETH-15AUG25.none.20.100ms", "data": {"timestamp": 1755185542378, "change_id": 81420453060, "instrument_name": "ETH-15AUG25", "bids": [[4621.5, 1700.0], [4619.75, 1700.0], [4619.5, 7500.0], [4619.0, 30074.0], [4618.25, 2000.0], [4618.0, 1229.0], [4617.75, 6000.0], [4617.5, 11308.0], [4617.0, 1188.0], [4616.5, 1231.0], [4616.0, 17763.0], [4614.5, 1229.0], [4614.25, 4000.0], [4612.5, 1220.0], [4612.0, 1231.0], [4610.0, 24472.0], [4609.75, 1219.0], [4609.5, 20.0], [4607.25, 7511.0], [4603.5, 1206.0]], "asks": [[4622.25, 1700.0], [4622.5, 3700.0], [4622.75, 1700.0], [4623.0, 1700.0], [4623.25, 31774.0], [4623.5, 9440.0], [4623.75, 8362.0], [4624.0, 8362.0], [4624.25, 8462.0], [4624.5, 15862.0], [4624.75, 1700.0], [4626.5, 1229.0], [4627.0, 15215.0], [4627.75, 1231.0], [4628.5, 1231.0], [4629.0, 10418.0], [4629.75, 1231.0], [4630.25, 1231.0], [4630.5, 5.0], [4631.5, 1188.0]]}}}
{"jsonrpc": "2.0", "method": "subscription", "params": {"channel": "book.ETH-22AUG25.none.20.100ms", "data": {"timestamp": 1755185542657, "change_id": 81420454158, "instrument_name": "ETH-22AUG25", "bids": [[4630.0, 300.0], [4629.75, 1000.0], [4629.5, 249.0], [4629.25, 1300.0], [4629.0, 1399.0], [4628.75, 1630.0], [4628.5, 1397.0], [4628.25, 10329.0], [4628.0, 37917.0], [4627.75, 1335.0], [4627.5, 397.0], [4627.25, 1324.0], [4626.75, 402.0], [4626.5, 1340.0], [4626.25, 390.0], [4626.0, 1300.0], [4625.75, 941.0], [4625.5, 6451.0], [4625.25, 10905.0], [4625.0, 1335.0]], "asks": [[4631.25, 1000.0], [4631.5, 1000.0], [4631.75, 1335.0], [4632.0, 5225.0], [4632.25, 31417.0], [4632.5, 9135.0], [4632.75, 1000.0], [4635.0, 397.0], [4635.25, 1324.0], [4635.5, 397.0], [4635.75, 1324.0], [4636.0, 950.0], [4636.25, 3324.0], [4636.5, 397.0], [4636.75, 1324.0], [4637.0, 3087.0], [4637.25, 10688.0], [4637.5, 1324.0], [4637.75, 397.0], [4638.0, 1324.0]]}}}
{"jsonrpc": "2.0", "method": "subscription", "params": {"channel": "book.ETH-15AUG25.none.20.100ms", "data": {"timestamp": 1755185542653, "change_id": 81420454226, "instrument_name": "ETH-15AUG25", "bids": [[4621.75, 1000.0], [4620.0, 7500.0], [4619.75, 1700.0], [4619.0, 30074.0], [4618.25, 8000.0], [4618.0, 1229.0], [4617.5, 11308.0], [4617.0, 1188.0], [4616.5, 1231.0], [4616.0, 17763.0], [4614.5, 1229.0], [4614.25, 4000.0], [4612.5, 1220.0], [4612.0, 1231.0], [4610.0, 24472.0], [4609.75, 1219.0], [4609.5, 20.0], [4607.25, 7511.0], [4603.5, 1206.0], [4603.25, 40000.0]], "asks": [[4622.25, 1700.0], [4622.5, 3700.0], [4622.75, 1700.0], [4623.0, 1700.0], [4623.25, 38436.0], [4623.5, 8362.0], [4623.75, 8362.0], [4624.0, 8362.0], [4624.25, 8462.0], [4624.5, 9200.0], [4624.75, 1700.0], [4626.5, 1229.0], [4627.0, 15215.0], [4627.75, 1231.0], [4628.5, 1231.0], [4629.0, 10418.0], [4629.75, 1231.0], [4630.25, 1231.0], [4630.5, 5.0], [4631.5, 1188.0]]}}}
{"jsonrpc": "2.0", "method": "subscription", "params": {"channel": "book.ETH-15AUG25.none.20.100ms", "data": {"timestamp": 1755185543032, "change_id": 81420454765, "instrument_name": "ETH-15AUG25", "bids": [[4621.75, 2700.0], [4621.0, 15345.0], [4620.75, 53139.0], [4620.25, 2250.0], [4620.0, 7500.0], [4619.25, 9022.0], [4619.0, 30074.0], [4618.5, 2400.0], [4618.25, 8369.0], [4618.0, 1229.0], [4617.75, 3392.0], [4617.5, 11308.0], [4617.25, 356.0], [4617.0, 1188.0], [4616.75, 369.0], [4616.5, 1231.0], [4616.25, 5329.0], [4616.0, 17763.0], [4614.75, 369.0], [4614.5, 2429.0]], "asks": [[4622.25, 2413.0], [4622.5, 3700.0], [4622.75, 1700.0], [4623.0, 10319.0], [4623.25, 38436.0], [4623.5, 10871.0], [4623.75, 10871.0], [4624.0, 8362.0], [4624.25, 1800.0], [4625.0, 2250.0], [4625.25, 7500.0], [4626.25, 369.0], [4626.5, 1229.0], [4626.75, 4565.0], [4627.0, 15215.0], [4627.5, 369.0], [4627.75, 1231.0], [4628.25, 369.0], [4628.5, 1231.0], [4628.75, 3125.0]]}}}
{"jsonrpc": "2.0", "method": "subscription", "params": {"channel": "book.ETH-22AUG25.none.20.100ms", "data": {"timestamp": 1755185543044, "change_id": 81420454771, "instrument_name": "ETH-22AUG25", "bids": [[4630.0, 563.0], [4629.75, 2000.0], [4629.5, 249.0], [4629.25, 1300.0], [4629.0, 1399.0], [4628.75, 1630.0], [4628.5, 1397.0], [4628.25, 10329.0], [4628.0, 37917.0], [4627.75, 1335.0], [4627.5, 397.0], [4627.25, 1324.0], [4626.75, 402.0], [4626.5, 1340.0], [4626.25, 390.0], [4626.0, 1300.0], [4625.75, 941.0], [4625.5, 6451.0], [4625.25, 10905.0], [4625.0, 1335.0]], "asks": [[4631.75, 1335.0], [4632.0, 5225.0], [4632.25, 31417.0], [4632.5, 1635.0], [4632.75, 1000.0], [4633.25, 7500.0], [4635.0, 397.0], [4635.25, 1324.0], [4635.5, 397.0], [4635.75, 1324.0], [4636.0, 950.0], [4636.25, 3324.0], [4636.5, 397.0], [4636.75, 1324.0], [4637.0, 3087.0], [4637.25, 10688.0], [4637.5, 1324.0], [4637.75, 397.0], [4638.0, 1324.0], [4638.25, 397.0]]}}}
{"jsonrpc": "2.0", "method": "subscription", "params": {"channel": "book.ETH-22AUG25.none.20.100ms", "data": {"timestamp": 1755185543357, "change_id": 81420455945, "instrument_name": "ETH-22AUG25", "bids": [[4630.5, 563.0], [4630.25, 2000.0], [4630.0, 300.0], [4629.75, 1000.0], [4629.5, 9025.0], [4629.25, 31316.0], [4629.0, 1649.0], [4628.75, 4843.0], [4628.5, 8897.0], [4628.25, 1324.0], [4628.0, 401.0], [4627.75, 1335.0], [4627.5, 397.0], [4627.25, 1324.0], [4626.75, 402.0], [4626.5, 1340.0], [4626.25, 390.0], [4626.0, 1300.0], [4625.75, 941.0], [4625.5, 6451.0]], "asks": [[4632.0, 2335.0], [4632.25, 1000.0], [4633.5, 8209.0], [4633.75, 32266.0], [4634.0, 7500.0], [4635.0, 397.0], [4635.25, 1324.0], [4635.5, 397.0], [4635.75, 1324.0], [4636.0, 950.0], [4636.25, 3324.0], [4636.5, 397.0], [4636.75, 1324.0], [4637.25, 397.0], [4637.5, 1324.0], [4637.75, 397.0], [4638.0, 1324.0], [4638.25, 397.0], [4638.5, 1324.0], [4638.75, 4490.0]]}}}
{"jsonrpc": "2.0", "method": "subscription", "params": {"channel": "book.ETH-15AUG25.none.20.100ms", "data": {"timestamp": 1755185543382, "change_id": 81420456000, "instrument_name": "ETH-15AUG25", "bids": [[4621.75, 2700.0], [4621.0, 15345.0], [4620.75, 55389.0], [4620.5, 7500.0], [4620.25, 9581.0], [4620.0, 30074.0], [4619.0, 1539.0], [4618.75, 7829.0], [4618.5, 600.0], [4618.25, 2369.0], [4618.0, 1229.0], [4617.75, 3392.0], [4617.5, 11308.0], [4617.25, 356.0], [4617.0, 1188.0], [4616.75, 369.0], [4616.5, 1231.0], [4616.25, 5329.0], [4616.0, 17763.0], [4614.5, 1229.0]], "asks": [[4622.25, 713.0], [4622.75, 1700.0], [4623.0, 1700.0], [4623.25, 1700.0], [4623.5, 10362.0], [4623.75, 10871.0], [4624.0, 8902.0], [4624.25, 10391.0], [4624.5, 12487.0], [4624.75, 30074.0], [4625.75, 2250.0], [4626.0, 7500.0], [4626.25, 369.0], [4626.5, 1229.0], [4626.75, 4565.0], [4627.0, 15215.0], [4627.5, 369.0], [4627.75, 1231.0], [4628.25, 369.0], [4628.5, 1231.0]]}}}
{"jsonrpc": "2.0", "method": "subscription", "params": {"channel": "book.ETH-15AUG25.none.20.100ms", "data": {"timestamp": 1755185543660, "change_id": 81420457011, "instrument_name": "ETH-15AUG25", "bids": [[4622.5, 1000.0], [4622.25, 2700.0], [4621.25, 510.0], [4621.0, 2210.0], [4620.75, 3950.0], [4620.5, 7500.0], [4620.25, 9581.0], [4620.0, 30074.0], [4619.0, 1539.0], [4618.75, 7229.0], [4618.5, 600.0], [4618.25, 2369.0], [4618.0, 1229.0], [4617.75, 3392.0], [4617.5, 11308.0], [4617.25, 356.0], [4617.0, 1188.0], [4616.75, 369.0], [4616.5, 1231.0], [4616.25, 5329.0]], "asks": [[4622.75, 1700.0], [4623.0, 1700.0], [4623.25, 1700.0], [4623.5, 12046.0], [4623.75, 10871.0], [4624.0, 8902.0], [4624.25, 10391.0], [4624.5, 12487.0], [4624.75, 30074.0], [4625.25, 2250.0], [4625.5, 7500.0], [4626.25, 369.0], [4626.5, 1229.0], [4626.75, 4565.0], [4627.0, 15215.0], [4627.5, 3369.0], [4627.75, 11384.0], [4628.25, 369.0], [4628.5, 1231.0], [4629.5, 369.0]]}}}
{"jsonrpc": "2.0", "method": "subscription", "params": {"channel": "book.ETH-22AUG25.none.20.100ms", "data": {"timestamp": 1755185543660, "change_id": 81420457019, "instrument_name": "ETH-22AUG25", "bids": [[4630.25, 1000.0], [4630.0, 563.0], [4629.75, 2000.0], [4629.5, 9025.0], [4629.25, 31316.0], [4629.0, 1649.0], [4628.75, 4843.0], [4628.5, 8897.0], [4628.25, 1324.0], [4628.0, 401.0], [4627.75, 1335.0], [4627.5, 397.0], [4627.25, 1324.0], [4626.75, 402.0], [4626.5, 1340.0], [4626.25, 390.0], [4626.0, 1300.0], [4625.75, 941.0], [4625.5, 6451.0], [4625.25, 10905.0]], "asks": [[4632.0, 3335.0], [4633.25, 2250.0], [4633.5, 15709.0], [4633.75, 32266.0], [4635.0, 397.0], [4635.25, 1324.0], [4635.5, 397.0], [4635.75, 1324.0], [4636.0, 950.0], [4636.25, 6484.0], [4636.5, 10929.0], [4636.75, 1324.0], [4637.25, 397.0], [4637.5, 1324.0], [4637.75, 397.0], [4638.0, 1324.0], [4638.25, 397.0], [4638.5, 1324.0], [4638.75, 1548.0], [4639.0, 5324.0]]}}}
{"jsonrpc": "2.0", "method": "subscription", "params": {"channel": "book.ETH-15AUG25.none.20.100ms", "data": {"timestamp": 1755185544039, "change_id": 81420457747, "instrument_name": "ETH-15AUG25", "bids": [[4622.5, 1000.0], [4622.25, 1000.0], [4621.25, 510.0], [4621.0, 2210.0], [4620.75, 18962.0], [4620.5, 60638.0], [4620.25, 9581.0], [4620.0, 30074.0], [4619.0, 1539.0], [4618.75, 7229.0], [4618.5, 600.0], [4618.25, 2369.0], [4618.0, 1229.0], [4617.75, 3392.0], [4617.5, 11308.0], [4617.25, 356.0], [4617.0, 1188.0], [4616.75, 369.0], [4616.5, 1231.0], [4616.25, 5329.0]], "asks": [[4622.75, 1081.0], [4623.0, 1700.0], [4623.25, 8362.0], [4623.5, 12046.0], [4623.75, 10871.0], [4624.0, 9902.0], [4624.25, 8362.0], [4624.5, 5825.0], [4624.75, 30074.0], [4626.25, 369.0], [4626.5, 1229.0], [4626.75, 4565.0], [4627.0, 15215.0], [4627.5, 3369.0], [4627.75, 11384.0], [4628.25, 369.0], [4628.5, 1231.0], [4629.5, 369.0], [4629.75, 1231.0], [4630.25, 1231.0]]}}}
{"jsonrpc": "2.0", "method": "subscription", "params": {"channel": "book.ETH-22AUG25.none.20.100ms", "data": {"timestamp": 1755185544041, "change_id": 81420457751, "instrument_name": "ETH-22AUG25", "bids": [[4630.75, 1300.0], [4630.5, 1300.0], [4630.25, 1300.0], [4630.0, 1300.0], [4629.75, 1401.0], [4629.5, 10360.0], [4629.25, 31316.0], [4629.0, 1649.0], [4628.75, 4843.0], [4628.5, 8897.0], [4628.25, 1324.0], [4628.0, 401.0], [4627.75, 1335.0], [4627.5, 397.0], [4627.25, 1324.0], [4626.75, 402.0], [4626.5, 1340.0], [4626.25, 390.0], [4626.0, 1300.0], [4625.75, 941.0]], "asks": [[4632.5, 2000.0], [4632.75, 401.0], [4633.0, 1335.0], [4633.25, 401.0], [4633.5, 9544.0], [4633.75, 32266.0], [4635.0, 397.0], [4635.25, 5295.0], [4635.5, 13635.0], [4635.75, 1324.0], [4636.0, 950.0], [4636.25, 6484.0], [4636.5, 10929.0], [4636.75, 1324.0], [4637.25, 397.0], [4637.5, 1324.0], [4637.75, 397.0], [4638.0, 1324.0], [4638.25, 397.0], [4638.5, 1324.0]]}}}
{"jsonrpc": "2.0", "method": "subscription", "params": {"channel": "book.ETH-22AUG25.none.20.100ms", "data": {"timestamp": 1755185544319, "change_id": 81420458753, "instrument_name": "ETH-22AUG25", "bids": [[4630.75, 300.0], [4630.5, 1663.0], [4630.25, 2635.0], [4630.0, 1300.0], [4629.75, 1401.0], [4629.5, 10360.0], [4629.25, 33529.0], [4629.0, 9149.0], [4628.75, 2630.0], [4628.5, 1397.0], [4628.25, 1324.0], [4628.0, 401.0], [4627.75, 1335.0], [4627.5, 397.0], [4627.25, 1324.0], [4626.75, 402.0], [4626.5, 1340.0], [4626.25, 390.0], [4626.0, 1300.0], [4625.75, 941.0]], "asks": [[4632.5, 1000.0], [4632.75, 401.0], [4633.0, 1635.0], [4633.25, 5320.0], [4633.5, 22777.0], [4633.75, 32266.0], [4634.25, 7500.0], [4635.0, 397.0], [4635.25, 1324.0], [4635.5, 397.0], [4635.75, 1324.0], [4636.0, 950.0], [4636.25, 6484.0], [4636.5, 10929.0], [4636.75, 1324.0], [4637.25, 397.0], [4637.5, 1324.0], [4637.75, 397.0], [4638.0, 1324.0], [4638.25, 397.0]]}}}
{"jsonrpc": "2.0", "method": "subscription", "params": {"channel": "book.ETH-15AUG25.none.20.100ms", "data": {"timestamp": 1755185544372, "change_id": 81420458895, "instrument_name": "ETH-15AUG25", "bids": [[4622.5, 1300.0], [4621.25, 9468.0], [4621.0, 39784.0], [4620.75, 1700.0], [4619.75, 3027.0], [4619.5, 12350.0], [4619.25, 8000.0], [4619.0, 369.0], [4618.75, 1229.0], [4618.25, 369.0], [4618.0, 1229.0], [4617.75, 366.0], [4617.5, 1219.0], [4617.25, 356.0], [4617.0, 1188.0], [4616.75, 369.0], [4616.5, 1231.0], [4616.25, 5329.0], [4616.0, 17763.0], [4614.5, 1229.0]], "asks": [[4623.0, 1700.0], [4623.25, 1700.0], [4623.5, 10362.0], [4623.75, 8362.0], [4624.0, 10803.0], [4624.25, 10283.0], [4624.5, 12487.0], [4624.75, 30074.0], [4625.0, 13210.0], [4626.0, 2250.0], [4626.25, 7869.0], [4626.75, 600.0], [4627.0, 2000.0], [4627.5, 3369.0], [4627.75, 11384.0], [4628.25, 369.0], [4628.5, 1231.0], [4630.0, 369.0], [4630.25, 1231.0], [4630.5, 5.0]]}}}
{"jsonrpc": "2.0", "method": "subscription", "params": {"channel": "book.ETH-22AUG25.none.20.100ms", "data": {"timestamp": 1755185544667, "change_id": 81420459552, "instrument_name": "ETH-22AUG25", "bids": [[4631.25, 300.0], [4631.0, 1300.0], [4630.75, 1300.0], [4630.5, 1663.0], [4630.25, 2635.0], [4630.0, 1563.0], [4629.75, 4600.0], [4629.5, 17860.0], [4629.25, 31316.0], [4629.0, 1399.0], [4628.75, 1330.0], [4628.5, 397.0], [4628.25, 1925.0], [4628.0, 2404.0], [4627.75, 1335.0], [4627.5, 397.0], [4627.25, 1324.0], [4626.75, 402.0], [4626.5, 1340.0], [4626.25, 390.0]], "asks": [[4633.0, 2635.0], [4633.25, 5320.0], [4633.5, 22777.0], [4633.75, 32266.0], [4634.25, 7500.0], [4635.0, 397.0], [4635.25, 1324.0], [4635.5, 397.0], [4635.75, 1324.0], [4636.0, 950.0], [4636.25, 6484.0], [4636.5, 10929.0], [4636.75, 1324.0], [4637.25, 397.0], [4637.5, 1324.0], [4637.75, 397.0], [4638.0, 1324.0], [4638.25, 397.0], [4638.5, 1324.0], [4638.75, 1548.0]]}}}
{"jsonrpc": "2.0", "method": "subscription", "params": {"channel": "book.ETH-15AUG25.none.20.100ms", "data": {"timestamp": 1755185544667, "change_id": 81420459855, "instrument_name": "ETH-15AUG25", "bids": [[4622.75, 3700.0], [4622.0, 15326.0], [4621.75, 55400.0], [4621.5, 7500.0], [4621.25, 9468.0], [4621.0, 32284.0], [4619.75, 4650.0], [4619.5, 17216.0], [4619.25, 2000.0], [4619.0, 369.0], [4618.75, 1229.0], [4618.25, 369.0], [4618.0, 1229.0], [4617.75, 366.0], [4617.5, 1219.0], [4617.25, 356.0], [4617.0, 1188.0], [4616.75, 369.0], [4616.5, 1231.0], [4616.25, 5329.0]], "asks": [[4623.0, 2416.0], [4623.25, 1700.0], [4623.5, 10362.0], [4623.75, 8362.0], [4624.0, 8362.0], [4624.25, 10283.0], [4624.5, 12387.0], [4624.75, 30074.0], [4625.0, 13210.0], [4625.5, 100.0], [4626.0, 2250.0], [4626.25, 7869.0], [4626.75, 600.0], [4627.0, 2000.0], [4627.5, 369.0], [4627.75, 1231.0], [4628.25, 369.0], [4628.5, 1231.0], [4628.75, 369.0], [4629.0, 4333.0]]}}}
{"jsonrpc": "2.0", "method": "subscription", "params": {"channel": "book.ETH-15AUG25.none.20.100ms", "data": {"timestamp": 1755185545031, "change_id": 81420460235, "instrument_name": "ETH-15AUG25", "bids": [[4622.75, 3700.0], [4622.5, 510.0], [4622.25, 1700.0], [4622.0, 15326.0], [4621.75, 55400.0], [4621.5, 7500.0], [4621.25, 9468.0], [4621.0, 30584.0], [4619.75, 5879.0], [4619.5, 17216.0], [4619.25, 2000.0], [4619.0, 369.0], [4618.75, 1229.0], [4618.25, 369.0], [4618.0, 1229.0], [4617.75, 366.0], [4617.5, 1219.0], [4617.25, 356.0], [4617.0, 1188.0], [4616.75, 369.0]], "asks": [[4623.25, 1700.0], [4623.5, 3700.0], [4623.75, 8362.0], [4624.0, 8362.0], [4624.25, 10283.0], [4624.5, 12387.0], [4624.75, 36736.0], [4625.0, 13210.0], [4625.5, 100.0], [4626.0, 2250.0], [4626.25, 7869.0], [4626.75, 600.0], [4627.0, 2000.0], [4627.5, 369.0], [4627.75, 1231.0], [4628.25, 369.0], [4628.5, 1231.0], [4628.75, 369.0], [4629.0, 4333.0], [4629.25, 10347.0]]}}}
{"jsonrpc": "2.0", "method": "subscription", "params": {"channel": "book.ETH-22AUG25.none.20.100ms", "data": {"timestamp": 1755185544957, "change_id": 81420460181, "instrument_name": "ETH-22AUG25", "bids": [[4631.25, 563.0], [4631.0, 2000.0], [4630.75, 300.0], [4630.5, 1663.0], [4630.25, 2635.0], [4630.0, 1563.0], [4629.75, 4600.0], [4629.5, 17860.0], [4629.25, 31316.0], [4629.0, 1399.0], [4628.75, 1330.0], [4628.5, 397.0], [4628.25, 1925.0], [4628.0, 2404.0], [4627.75, 4347.0], [4627.5, 10437.0], [4627.25, 1324.0], [4626.75, 402.0], [4626.5, 1340.0], [4626.25, 390.0]], "asks": [[4633.0, 1000.0], [4633.25, 5320.0], [4633.5, 22777.0], [4633.75, 32266.0], [4634.0, 1335.0], [4634.25, 7500.0], [4635.0, 397.0], [4635.25, 1324.0], [4635.5, 397.0], [4635.75, 1324.0], [4636.0, 950.0], [4636.25, 6484.0], [4636.5, 10929.0], [4636.75, 1324.0], [4637.25, 397.0], [4637.5, 1324.0], [4637.75, 397.0], [4638.0, 1324.0], [4638.25, 397.0], [4638.5, 1324.0]]}}}
{"jsonrpc": "2.0", "method": "subscription", "params": {"channel": "book.ETH-22AUG25.none.20.100ms", "data": {"timestamp": 1755185545363, "change_id": 81420462065, "instrument_name": "ETH-22AUG25", "bids": [[4632.0, 300.0], [4631.75, 1210.0], [4631.5, 1300.0], [4631.25, 2734.0], [4631.0, 2701.0], [4630.75, 11602.0], [4630.5, 31679.0], [4630.25, 2545.0], [4630.0, 1300.0], [4629.75, 3600.0], [4629.5, 8835.0], [4629.0, 399.0], [4628.75, 1330.0], [4628.5, 217.0], [4628.25, 1324.0], [4628.0, 401.0], [4627.75, 4228.0], [4627.5, 10437.0], [4627.25, 1924.0], [4627.0, 2000.0]], "asks": [[4633.5, 13233.0], [4634.0, 1335.0], [4635.0, 8675.0], [4635.25, 33590.0], [4635.5, 7897.0], [4635.75, 1324.0], [4636.0, 397.0], [4636.25, 1324.0], [4636.5, 397.0], [4636.75, 1324.0], [4637.25, 397.0], [4637.5, 1924.0], [4637.75, 2397.0], [4638.0, 1324.0], [4638.25, 397.0], [4638.5, 1324.0], [4638.75, 1548.0], [4639.0, 5324.0], [4639.25, 399.0], [4639.5, 6833.0]]}}}
{"jsonrpc": "2.0", "method": "subscription", "params": {"channel": "book.ETH-15AUG25.none.20.100ms", "data": {"timestamp": 1755185545361, "change_id": 81420462050, "instrument_name": "ETH-15AUG25", "bids": [[4623.25, 1700.0], [4623.0, 1700.0], [4622.75, 1700.0], [4622.25, 1700.0], [4622.0, 1700.0], [4621.75, 53150.0], [4621.5, 7500.0], [4621.0, 30074.0], [4620.5, 6000.0], [4620.25, 3229.0], [4619.75, 1229.0], [4619.5, 10091.0], [4618.75, 1229.0], [4618.0, 1229.0], [4617.5, 1219.0], [4617.0, 1188.0], [4616.5, 5231.0], [4616.0, 17763.0], [4614.5, 1229.0], [4612.5, 1220.0]], "asks": [[4624.0, 6662.0], [4624.25, 6662.0], [4624.5, 6662.0], [4624.75, 6662.0], [4625.0, 21872.0], [4625.25, 1000.0], [4626.25, 30074.0], [4627.0, 100.0], [4627.5, 7500.0], [4627.75, 1231.0], [4628.25, 2000.0], [4628.5, 1231.0], [4629.0, 1229.0], [4630.25, 1231.0], [4630.5, 5.0], [4631.5, 1188.0], [4631.75, 10598.0], [4632.0, 1229.0], [4632.5, 5188.0], [4634.75, 1219.0]]}}}
{"jsonrpc": "2.0", "method": "subscription", "params": {"channel": "book.ETH-22AUG25.none.20.100ms", "data": {"timestamp": 1755185545675, "change_id": 81420463101, "instrument_name": "ETH-22AUG25", "bids": [[4631.5, 2335.0], [4631.25, 1000.0], [4631.0, 1000.0], [4630.75, 2335.0], [4630.5, 38516.0], [4630.25, 2335.0], [4630.0, 1000.0], [4629.75, 1000.0], [4629.5, 1335.0], [4628.75, 1330.0], [4628.25, 1324.0], [4627.75, 1335.0], [4627.5, 10040.0], [4627.25, 1324.0], [4627.0, 2000.0], [4626.5, 1340.0], [4626.0, 1300.0], [4625.5, 1300.0], [4625.0, 1335.0], [4624.0, 1351.0]], "asks": [[4634.5, 1335.0], [4634.75, 1000.0], [4635.25, 31340.0], [4635.5, 7500.0], [4635.75, 1324.0], [4636.25, 1324.0], [4636.75, 1324.0], [4637.5, 1324.0], [4637.75, 2000.0], [4638.0, 1324.0], [4638.5, 1324.0], [4639.0, 5324.0], [4639.5, 1330.0], [4639.75, 5.0], [4640.0, 1324.0], [4640.25, 10042.0], [4640.5, 1310.0], [4641.0, 1300.0], [4641.5, 1330.0], [4642.0, 18337.0]]}}}
{"jsonrpc": "2.0", "method": "subscription", "params": {"channel": "book.ETH-15AUG25.none.20.100ms", "data": {"timestamp": 1755185545674, "change_id": 81420463472, "instrument_name": "ETH-15AUG25", "bids": [[4623.5, 1700.0], [4622.5, 7500.0], [4622.25, 1700.0], [4622.0, 31774.0], [4621.75, 53150.0], [4620.5, 6000.0], [4620.25, 3229.0], [4619.75, 1229.0], [4619.5, 10091.0], [4618.75, 1229.0], [4618.0, 1229.0], [4617.5, 1219.0], [4617.0, 1188.0], [4616.5, 5231.0], [4616.0, 17763.0], [4614.5, 1229.0], [4612.5, 1220.0], [4612.25, 24472.0], [4612.0, 1231.0], [4609.75, 1239.0]], "asks": [[4624.75, 6662.0], [4625.0, 8662.0], [4625.25, 6662.0], [4625.5, 7662.0], [4625.75, 6662.0], [4626.0, 100.0], [4626.25, 30074.0], [4627.5, 7500.0], [4628.25, 2000.0], [4628.5, 1231.0], [4629.0, 1229.0], [4630.25, 11467.0], [4630.5, 5.0], [4631.5, 1188.0], [4632.0, 1229.0], [4632.5, 5188.0], [4634.75, 1219.0], [4635.0, 25215.0], [4635.25, 26630.0], [4636.5, 1197.0]]}}}
{"jsonrpc": "2.0", "method": "subscription", "params": {"channel": "book.ETH-22AUG25.none.20.100ms", "data": {"timestamp": 1755185546025, "change_id": 81420465173, "instrument_name": "ETH-22AUG25", "bids": [[4631.25, 2335.0], [4630.75, 1335.0], [4630.5, 401.0], [4630.25, 1335.0], [4630.0, 300.0], [4629.75, 1401.0], [4629.5, 1335.0], [4629.0, 399.0], [4628.75, 1330.0], [4628.25, 1324.0], [4627.75, 1335.0], [4627.25, 8824.0], [4627.0, 2000.0], [4626.5, 1340.0], [4626.0, 1300.0], [4625.5, 1300.0], [4625.0, 1335.0], [4624.75, 10491.0], [4624.0, 1351.0], [4623.75, 4000.0]], "asks": [[4633.75, 401.0], [4634.0, 2036.0], [4634.25, 2335.0], [4635.25, 16807.0], [4635.5, 7897.0], [4635.75, 1324.0], [4636.0, 397.0], [4636.25, 1324.0], [4636.75, 1324.0], [4637.25, 217.0], [4637.5, 4333.0], [4637.75, 12279.0], [4638.0, 1324.0], [4638.5, 1324.0], [4639.0, 5324.0], [4639.5, 1330.0], [4639.75, 402.0], [4640.0, 1324.0], [4640.5, 1310.0], [4641.0, 1300.0]]}}}
{"jsonrpc": "2.0", "method": "subscription", "params": {"channel": "book.ETH-15AUG25.none.20.100ms", "data": {"timestamp": 1755185546028, "change_id": 81420465209, "instrument_name": "ETH-15AUG25", "bids": [[4620.5, 2000.0], [4620.25, 2000.0], [4619.75, 1229.0], [4619.25, 4000.0], [4619.0, 7500.0], [4618.75, 1229.0], [4618.0, 1229.0], [4617.5, 1219.0], [4617.0, 11169.0], [4616.5, 5231.0], [4616.0, 17763.0], [4614.5, 1229.0], [4612.5, 1220.0], [4612.0, 1231.0], [4611.5, 24472.0], [4609.75, 1239.0], [4607.25, 7511.0], [4603.5, 21342.0], [4603.25, 40000.0], [4603.0, 1189.0]], "asks": [[4624.0, 1700.0], [4624.25, 1700.0], [4624.5, 8362.0], [4624.75, 9263.0], [4625.0, 10362.0], [4625.25, 6662.0], [4625.5, 6662.0], [4626.25, 100.0], [4626.75, 13210.0], [4627.0, 7500.0], [4627.25, 1229.0], [4627.75, 1229.0], [4628.25, 2000.0], [4628.5, 1231.0], [4629.0, 1229.0], [4630.25, 1231.0], [4630.5, 5.0], [4631.5, 1188.0], [4632.0, 1229.0], [4632.5, 5188.0]]}}}
{"jsonrpc": "2.0", "method": "subscription", "params": {"channel": "book.ETH-15AUG25.none.20.100ms", "data": {"timestamp": 1755185546353, "change_id": 81420466902, "instrument_name": "ETH-15AUG25", "bids": [[4620.0, 9200.0], [4619.75, 46303.0], [4619.0, 2000.0], [4618.75, 1229.0], [4618.0, 1229.0], [4617.5, 25691.0], [4617.0, 11169.0], [4616.5, 5231.0], [4616.0, 17763.0], [4614.5, 1229.0], [4612.5, 1220.0], [4612.0, 1231.0], [4610.75, 20.0], [4609.75, 1219.0], [4609.0, 24770.0], [4607.75, 49655.0], [4607.25, 7511.0], [4603.5, 21342.0], [4603.25, 40000.0], [4603.0, 52009.0]], "asks": [[4623.5, 2000.0], [4623.75, 6662.0], [4624.0, 8362.0], [4624.25, 8362.0], [4624.5, 8362.0], [4624.75, 38436.0], [4625.75, 7500.0], [4626.25, 100.0], [4626.75, 13210.0], [4627.25, 3229.0], [4627.75, 1229.0], [4628.5, 1231.0], [4629.0, 11538.0], [4629.25, 25442.0], [4629.5, 1229.0], [4630.25, 26446.0], [4630.5, 49755.0], [4631.5, 1188.0], [4632.0, 1229.0], [4632.5, 5188.0]]}}}
{"jsonrpc": "2.0", "method": "subscription", "params": {"channel": "book.ETH-22AUG25.none.20.100ms", "data": {"timestamp": 1755185546351, "change_id": 81420466898, "instrument_name": "ETH-22AUG25", "bids": [[4630.5, 2000.0], [4630.0, 1335.0], [4629.0, 1000.0], [4628.75, 1330.0], [4628.5, 30016.0], [4628.25, 8824.0], [4627.75, 1335.0], [4627.25, 1324.0], [4626.5, 1340.0], [4626.0, 1300.0], [4625.5, 3300.0], [4625.0, 1335.0], [4624.75, 10491.0], [4624.0, 1351.0], [4623.75, 4000.0], [4623.5, 17903.0], [4621.5, 1294.0], [4621.25, 5.0], [4620.0, 1310.0], [4619.5, 1340.0]], "asks": [[4632.75, 2335.0], [4633.0, 1000.0], [4633.25, 2335.0], [4633.5, 30016.0], [4633.75, 7500.0], [4634.0, 1335.0], [4635.25, 32894.0], [4635.75, 1324.0], [4636.25, 1324.0], [4636.5, 38922.0], [4636.75, 1324.0], [4637.5, 1324.0], [4637.75, 47572.0], [4638.0, 1324.0], [4638.5, 1324.0], [4639.0, 5324.0], [4639.5, 7707.0], [4639.75, 5.0], [4640.0, 1324.0], [4640.5, 1310.0]]}}}
{"jsonrpc": "2.0", "method": "subscription", "params": {"channel": "book.ETH-22AUG25.none.20.100ms", "data": {"timestamp": 1755185546533, "change_id": 81420468175, "instrument_name": "ETH-22AUG25", "bids": [[4631.0, 300.0], [4630.75, 1000.0], [4630.25, 401.0], [4630.0, 1335.0], [4629.75, 9405.0], [4629.5, 33601.0], [4629.25, 7800.0], [4629.0, 1399.0], [4628.75, 1330.0], [4628.5, 397.0], [4628.25, 1324.0], [4628.0, 401.0], [4627.75, 1335.0], [4627.5, 3400.0], [4627.25, 11333.0], [4626.75, 402.0], [4626.5, 1340.0], [4626.25, 390.0], [4626.0, 1300.0], [4625.75, 990.0]], "asks": [[4633.0, 1701.0], [4633.25, 4791.0], [4633.5, 30016.0], [4633.75, 401.0], [4634.0, 1335.0], [4634.25, 2250.0], [4634.5, 8835.0], [4635.0, 9868.0], [4635.25, 32894.0], [4635.75, 1324.0], [4636.0, 397.0], [4636.25, 10953.0], [4636.5, 38922.0], [4637.5, 1324.0], [4637.75, 47969.0], [4638.0, 1324.0], [4638.25, 397.0], [4638.5, 1324.0], [4638.75, 1597.0], [4639.0, 5324.0]]}}}
{"jsonrpc": "2.0", "method": "subscription", "params": {"channel": "book.ETH-15AUG25.none.20.100ms", "data": {"timestamp": 1755185546678, "change_id": 81420468541, "instrument_name": "ETH-15AUG25", "bids": [[4623.0, 1000.0], [4621.75, 335.0], [4621.5, 1700.0], [4621.25, 18421.0], [4621.0, 71874.0], [4620.75, 30074.0], [4620.0, 4869.0], [4619.75, 19327.0], [4619.5, 10327.0], [4619.25, 600.0], [4619.0, 2000.0], [4618.25, 369.0], [4618.0, 1229.0], [4617.75, 366.0], [4617.5, 1219.0], [4617.25, 356.0], [4617.0, 1188.0], [4616.75, 1569.0], [4616.5, 5231.0], [4616.25, 5329.0]], "asks": [[4623.5, 2000.0], [4623.75, 6662.0], [4624.0, 10126.0], [4624.25, 10871.0], [4624.5, 10961.0], [4624.75, 38436.0], [4626.25, 2350.0], [4626.5, 11463.0], [4626.75, 13210.0], [4627.0, 969.0], [4627.25, 3229.0], [4628.25, 369.0], [4628.5, 1231.0], [4628.75, 3461.0], [4629.0, 11538.0], [4629.25, 369.0], [4629.5, 1229.0], [4630.0, 7934.0], [4630.25, 26446.0], [4630.5, 7638.0]]}}}
{"jsonrpc": "2.0", "method": "subscription", "params": {"channel": "book.ETH-15AUG25.none.20.100ms", "data": {"timestamp": 1755185546986, "change_id": 81420469393, "instrument_name": "ETH-15AUG25", "bids": [[4623.0, 1000.0], [4621.75, 2718.0], [4621.5, 9200.0], [4621.25, 18421.0], [4621.0, 64374.0], [4620.75, 30074.0], [4619.75, 4327.0], [4619.5, 10327.0], [4619.25, 600.0], [4619.0, 2000.0], [4618.25, 369.0], [4618.0, 1229.0], [4617.75, 7662.0], [4617.5, 25691.0], [4617.25, 356.0], [4617.0, 1188.0], [4616.75, 1569.0], [4616.5, 5231.0], [4616.25, 5329.0], [4616.0, 17763.0]], "asks": [[4623.25, 1700.0], [4623.5, 4377.0], [4623.75, 8362.0], [4624.0, 8362.0], [4624.25, 10871.0], [4624.5, 10961.0], [4624.75, 36736.0], [4626.25, 2350.0], [4626.5, 11463.0], [4626.75, 13210.0], [4627.0, 969.0], [4627.25, 3229.0], [4628.25, 369.0], [4628.5, 1231.0], [4628.75, 3461.0], [4629.0, 11538.0], [4629.25, 369.0], [4629.5, 1229.0], [4630.0, 7934.0], [4630.25, 26446.0]]}}}
{"jsonrpc": "2.0", "method": "subscription", "params": {"channel": "book.ETH-22AUG25.none.20.100ms", "data": {"timestamp": 1755185547020, "change_id": 81420469419, "instrument_name": "ETH-22AUG25", "bids": [[4631.0, 1563.0], [4630.75, 2401.0], [4630.5, 1335.0], [4630.25, 401.0], [4630.0, 3585.0], [4629.75, 16905.0], [4629.5, 31351.0], [4629.25, 300.0], [4629.0, 1399.0], [4628.75, 1330.0], [4628.5, 397.0], [4628.25, 1324.0], [4628.0, 401.0], [4627.75, 1335.0], [4627.5, 3400.0], [4627.25, 11333.0], [4626.75, 402.0], [4626.5, 1340.0], [4626.25, 390.0], [4626.0, 1300.0]], "asks": [[4633.0, 1000.0], [4633.25, 4791.0], [4633.5, 30016.0], [4633.75, 1401.0], [4634.0, 2335.0], [4634.25, 2250.0], [4634.5, 8835.0], [4635.0, 9868.0], [4635.25, 32894.0], [4635.75, 1324.0], [4636.0, 397.0], [4636.25, 10953.0], [4636.5, 38922.0], [4637.5, 1324.0], [4637.75, 47969.0], [4638.0, 1324.0], [4638.25, 397.0], [4638.5, 1324.0], [4638.75, 1597.0], [4639.0, 5324.0]]}}}
{"jsonrpc": "2.0", "method": "subscription", "params": {"channel": "book.ETH-22AUG25.none.20.100ms", "data": {"timestamp": 1755185547341, "change_id": 81420470490, "instrument_name": "ETH-22AUG25", "bids": [[4630.5, 401.0], [4630.25, 1335.0], [4630.0, 2250.0], [4629.75, 16905.0], [4629.5, 31351.0], [4629.25, 300.0], [4629.0, 1399.0], [4628.75, 1330.0], [4628.5, 397.0], [4628.25, 1324.0], [4628.0, 401.0], [4627.75, 1335.0], [4627.5, 3400.0], [4627.25, 11333.0], [4627.0, 600.0], [4626.75, 2402.0], [4626.5, 1340.0], [4626.25, 390.0], [4626.0, 1300.0], [4625.75, 390.0]], "asks": [[4633.0, 2000.0], [4633.5, 2335.0], [4633.75, 1650.0], [4634.0, 2335.0], [4634.25, 401.0], [4634.5, 1335.0], [4634.75, 2250.0], [4635.0, 17368.0], [4635.25, 32894.0], [4635.75, 1324.0], [4636.0, 397.0], [4636.25, 10953.0], [4636.5, 38922.0], [4637.5, 1324.0], [4637.75, 37690.0], [4638.0, 1324.0], [4638.25, 397.0], [4638.5, 1324.0], [4638.75, 1597.0], [4639.0, 5324.0]]}}}
{"jsonrpc": "2.0", "method": "subscription", "params": {"channel": "book.ETH-15AUG25.none.20.100ms", "data": {"timestamp": 1755185547329, "change_id": 81420470342, "instrument_name": "ETH-15AUG25", "bids": [[4623.0, 1000.0], [4621.75, 2718.0], [4621.5, 9200.0], [4621.25, 510.0], [4621.0, 11232.0], [4620.75, 30074.0], [4620.25, 600.0], [4620.0, 2369.0], [4619.75, 4327.0], [4619.5, 10327.0], [4618.25, 369.0], [4618.0, 1229.0], [4617.75, 366.0], [4617.5, 8561.0], [4617.25, 24828.0], [4617.0, 1188.0], [4616.75, 1569.0], [4616.5, 5231.0], [4616.25, 5329.0], [4616.0, 17763.0]], "asks": [[4623.5, 2000.0], [4623.75, 8362.0], [4624.0, 8362.0], [4624.25, 8362.0], [4624.5, 8362.0], [4624.75, 6662.0], [4626.5, 3963.0], [4626.75, 15460.0], [4627.0, 8469.0], [4627.25, 3229.0], [4628.0, 100.0], [4628.25, 369.0], [4628.5, 1231.0], [4628.75, 369.0], [4629.0, 1229.0], [4629.25, 369.0], [4629.5, 1229.0], [4630.0, 7934.0], [4630.25, 26446.0], [4630.5, 7638.0]]}}}
{"jsonrpc": "2.0", "method": "subscription", "params": {"channel": "book.ETH-15AUG25.none.20.100ms", "data": {"timestamp": 1755185547672, "change_id": 81420471551, "instrument_name": "ETH-15AUG25", "bids": [[4623.0, 1000.0], [4621.75, 2718.0], [4621.5, 9200.0], [4621.25, 510.0], [4621.0, 11232.0], [4620.75, 30074.0], [4620.25, 600.0], [4620.0, 2369.0], [4619.75, 4327.0], [4619.5, 10327.0], [4618.25, 369.0], [4618.0, 1229.0], [4617.75, 366.0], [4617.5, 8561.0], [4617.25, 24828.0], [4617.0, 1188.0], [4616.75, 1569.0], [4616.5, 5231.0], [4616.25, 5329.0], [4616.0, 17763.0]], "asks": [[4623.25, 1700.0], [4623.75, 1700.0], [4624.0, 11336.0], [4624.25, 12350.0], [4624.5, 10361.0], [4624.75, 8661.0], [4625.0, 6662.0], [4625.5, 6780.0], [4625.75, 30074.0], [4626.0, 7500.0], [4626.25, 100.0], [4626.5, 3963.0], [4626.75, 13210.0], [4627.0, 969.0], [4627.25, 3229.0], [4628.25, 3321.0], [4628.5, 11225.0], [4628.75, 369.0], [4629.0, 1229.0], [4629.25, 369.0]]}}}
{"jsonrpc": "2.0", "method": "subscription", "params": {"channel": "book.ETH-22AUG25.none.20.100ms", "data": {"timestamp": 1755185547671, "change_id": 81420471550, "instrument_name": "ETH-22AUG25", "bids": [[4630.5, 300.0], [4630.25, 1650.0], [4630.0, 2335.0], [4629.75, 9405.0], [4629.5, 31351.0], [4629.25, 2513.0], [4629.0, 8899.0], [4628.75, 1330.0], [4628.5, 397.0], [4628.25, 1324.0], [4628.0, 952.0], [4627.75, 3339.0], [4627.5, 3400.0], [4627.25, 11333.0], [4627.0, 600.0], [4626.75, 2402.0], [4626.5, 1340.0], [4626.25, 390.0], [4626.0, 1300.0], [4625.75, 390.0]], "asks": [[4632.5, 1335.0], [4633.25, 701.0], [4633.5, 2635.0], [4633.75, 3869.0], [4634.0, 9835.0], [4634.25, 7018.0], [4634.5, 31351.0], [4635.0, 9868.0], [4635.25, 32894.0], [4635.75, 1324.0], [4636.0, 397.0], [4636.25, 10953.0], [4636.5, 38922.0], [4637.25, 10341.0], [4637.5, 1324.0], [4637.75, 37690.0], [4638.0, 1324.0], [4638.25, 397.0], [4638.5, 1324.0], [4638.75, 1597.0]]}}}
{"jsonrpc": "2.0", "method": "subscription", "params": {"channel": "book.ETH-22AUG25.none.20.100ms", "data": {"timestamp": 1755185547688, "change_id": 81420472384, "instrument_name": "ETH-22AUG25", "bids": [[4630.5, 300.0], [4630.25, 1650.0], [4630.0, 2335.0], [4629.75, 9405.0], [4629.5, 31351.0], [4629.25, 300.0], [4629.0, 3599.0], [4628.75, 8830.0], [4628.5, 397.0], [4628.25, 1324.0], [4628.0, 952.0], [4627.75, 3339.0], [4627.5, 3400.0], [4627.25, 11333.0], [4627.0, 600.0], [4626.75, 2402.0], [4626.5, 1340.0], [4626.25, 390.0], [4626.0, 1300.0], [4625.75, 390.0]], "asks": [[4632.5, 1335.0], [4633.25, 701.0], [4633.5, 2635.0], [4633.75, 3869.0], [4634.0, 9835.0], [4634.25, 7018.0], [4634.5, 31351.0], [4635.0, 9868.0], [4635.25, 32894.0], [4635.75, 1324.0], [4636.0, 397.0], [4636.25, 10953.0], [4636.5, 38922.0], [4637.25, 10341.0], [4637.5, 1324.0], [4637.75, 37690.0], [4638.0, 1324.0], [4638.25, 397.0], [4638.5, 1324.0], [4638.75, 1597.0]]}}}
{"jsonrpc": "2.0", "method": "subscription", "params": {"channel": "book.ETH-15AUG25.none.20.100ms", "data": {"timestamp": 1755185547893, "change_id": 81420472459, "instrument_name": "ETH-15AUG25", "bids": [[4623.0, 2000.0], [4621.75, 335.0], [4621.5, 2210.0], [4621.25, 2210.0], [4621.0, 11232.0], [4620.75, 37574.0], [4620.25, 600.0], [4620.0, 2369.0], [4619.75, 4327.0], [4619.5, 10327.0], [4618.25, 369.0], [4618.0, 1229.0], [4617.75, 366.0], [4617.5, 8561.0], [4617.25, 24828.0], [4617.0, 1188.0], [4616.75, 1569.0], [4616.5, 5231.0], [4616.25, 5329.0], [4616.0, 17763.0]], "asks": [[4623.25, 2626.0], [4623.5, 2000.0], [4623.75, 1700.0], [4624.0, 11336.0], [4624.25, 10350.0], [4624.5, 10361.0], [4624.75, 8661.0], [4625.0, 6662.0], [4625.5, 6780.0], [4625.75, 30174.0], [4626.0, 7500.0], [4626.5, 3963.0], [4626.75, 13210.0], [4627.0, 969.0], [4627.25, 3229.0], [4628.25, 3321.0], [4628.5, 11225.0], [4628.75, 369.0], [4629.0, 1229.0], [4629.25, 369.0]]}}}
{"jsonrpc": "2.0", "method": "subscription", "params": {"channel": "book.ETH-15AUG25.none.20.100ms", "data": {"timestamp": 1755185548324, "change_id": 81420473095, "instrument_name": "ETH-15AUG25", "bids": [[4623.0, 2000.0], [4622.0, 13342.0], [4621.75, 53485.0], [4621.5, 4396.0], [4621.25, 9710.0], [4621.0, 11232.0], [4620.75, 30074.0], [4620.25, 600.0], [4620.0, 2369.0], [4619.75, 4327.0], [4619.5, 10327.0], [4618.25, 369.0], [4618.0, 1229.0], [4617.75, 366.0], [4617.5, 8561.0], [4617.25, 24828.0], [4617.0, 1188.0], [4616.75, 1569.0], [4616.5, 5231.0], [4616.25, 5329.0]], "asks": [[4623.25, 2626.0], [4623.75, 1700.0], [4624.0, 9611.0], [4624.25, 10871.0], [4624.5, 12361.0], [4624.75, 8661.0], [4625.0, 6662.0], [4625.5, 6780.0], [4625.75, 30074.0], [4626.5, 3963.0], [4626.75, 20710.0], [4627.0, 969.0], [4627.25, 3329.0], [4628.25, 3321.0], [4628.5, 11225.0], [4628.75, 369.0], [4629.0, 1229.0], [4629.25, 369.0], [4629.5, 1229.0], [4630.0, 7934.0]]}}}
{"jsonrpc": "2.0", "method": "subscription", "params": {"channel": "book.ETH-22AUG25.none.20.100ms", "data": {"timestamp": 1755185548298, "change_id": 81420473057, "instrument_name": "ETH-22AUG25", "bids": [[4630.5, 300.0], [4630.25, 1650.0], [4630.0, 2335.0], [4629.75, 9405.0], [4629.5, 33601.0], [4629.25, 7800.0], [4629.0, 1399.0], [4628.75, 1330.0], [4628.5, 397.0], [4628.25, 1324.0], [4628.0, 401.0], [4627.75, 1335.0], [4627.5, 3400.0], [4627.25, 11333.0], [4627.0, 600.0], [4626.75, 2402.0], [4626.5, 1340.0], [4626.25, 390.0], [4626.0, 1300.0], [4625.75, 390.0]], "asks": [[4633.0, 1635.0], [4633.25, 1300.0], [4633.5, 1300.0], [4633.75, 1650.0], [4634.0, 2635.0], [4634.25, 8018.0], [4634.5, 31351.0], [4634.75, 11470.0], [4635.0, 19132.0], [4635.25, 19661.0], [4635.5, 397.0], [4635.75, 1324.0], [4636.0, 397.0], [4636.25, 10953.0], [4636.5, 38922.0], [4637.25, 10738.0], [4637.5, 12212.0], [4637.75, 37690.0], [4638.0, 1324.0], [4638.25, 397.0]]}}}
{"jsonrpc": "2.0", "method": "subscription", "params": {"channel": "book.ETH-15AUG25.none.20.100ms", "data": {"timestamp": 1755185548649, "change_id": 81420474003, "instrument_name": "ETH-15AUG25", "bids": [[4623.0, 2000.0], [4622.0, 13342.0], [4621.75, 60985.0], [4621.5, 2210.0], [4621.25, 2210.0], [4621.0, 11232.0], [4620.75, 30074.0], [4620.25, 600.0], [4620.0, 2369.0], [4619.75, 4327.0], [4619.5, 10327.0], [4618.25, 369.0], [4618.0, 1229.0], [4617.75, 366.0], [4617.5, 8561.0], [4617.25, 24828.0], [4617.0, 1188.0], [4616.75, 1569.0], [4616.5, 5231.0], [4616.25, 5329.0]], "asks": [[4623.25, 2626.0], [4623.75, 1700.0], [4624.0, 8362.0], [4624.25, 10871.0], [4624.5, 12361.0], [4624.75, 9661.0], [4625.0, 6662.0], [4625.5, 6780.0], [4625.75, 30074.0], [4626.0, 100.0], [4626.5, 3963.0], [4626.75, 13210.0], [4627.0, 969.0], [4627.25, 10729.0], [4628.25, 3321.0], [4628.5, 11225.0], [4628.75, 369.0], [4629.0, 1229.0], [4629.25, 369.0], [4629.5, 1229.0]]}}}
{"jsonrpc": "2.0", "method": "subscription", "params": {"channel": "book.ETH-22AUG25.none.20.100ms", "data": {"timestamp": 1755185548634, "change_id": 81420473936, "instrument_name": "ETH-22AUG25", "bids": [[4631.0, 300.0], [4630.75, 1650.0], [4630.5, 2635.0], [4630.25, 1650.0], [4630.0, 4585.0], [4629.75, 16905.0], [4629.5, 31351.0], [4629.25, 300.0], [4629.0, 1399.0], [4628.75, 1330.0], [4628.5, 397.0], [4628.25, 1324.0], [4628.0, 401.0], [4627.75, 1335.0], [4627.5, 3400.0], [4627.25, 11333.0], [4627.0, 600.0], [4626.75, 2402.0], [4626.5, 1340.0], [4626.25, 390.0]], "asks": [[4633.25, 1663.0], [4633.5, 2635.0], [4633.75, 1650.0], [4634.0, 2635.0], [4634.25, 8018.0], [4634.5, 31351.0], [4634.75, 3970.0], [4635.0, 19132.0], [4635.25, 27161.0], [4635.5, 397.0], [4635.75, 1324.0], [4636.0, 397.0], [4636.25, 10953.0], [4636.5, 38922.0], [4636.75, 1335.0], [4637.25, 10738.0], [4637.5, 12212.0], [4637.75, 37690.0], [4638.0, 1324.0], [4638.25, 397.0]]}}}
