{"jsonrpc": "2.0", "id": 1, "result": ["book.ETH-21NOV25.none.20.100ms"], "usIn": 1763270551064308, "usOut": 1763270551064701, "usDiff": 393, "testnet": false}
{"jsonrpc": "2.0", "method": "subscription", "params": {"channel": "book.ETH-21NOV25.none.20.100ms", "data": {"timestamp": 1763270551015, "change_id": 97092336165, "instrument_name": "ETH-21NOV25", "bids": [[3207.5, 3289.0], [3207.25, 1419.0], [3207.0, 1330.0], [3206.25, 1100.0], [3206.0, 4730.0], [3205.75, 12160.0], [3204.25, 4260.0], [3204.0, 14271.0], [3203.75, 329.0], [3203.5, 1101.0], [3203.25, 5519.0], [3203.0, 24812.0], [3202.75, 7372.0], [3202.5, 24697.0], [3202.25, 1315.0], [3202.0, 4407.0], [3200.75, 48590.0], [3198.75, 17630.0], [3198.5, 40000.0], [3198.25, 400.0]], "asks": [[3208.0, 373.0], [3208.25, 1866.0], [3208.5, 2189.0], [3208.75, 328.0], [3209.0, 1180.0], [3209.25, 328.0], [3209.5, 1100.0], [3209.75, 328.0], [3210.0, 1100.0], [3210.25, 6615.0], [3210.5, 24640.0], [3212.25, 4164.0], [3212.5, 13949.0], [3213.25, 7627.0], [3213.5, 25550.0], [3214.75, 13039.0], [3215.0, 49414.0], [3216.0, 19.0], [3217.25, 400.0], [3217.5, 40000.0]]}}}
{"jsonrpc": "2.0", "method": "subscription", "params": {"channel": "book.ETH-21NOV25.none.20.100ms", "data": {"timestamp": 1763270551398, "change_id": 97092336870, "instrument_name": "ETH-21NOV25", "bids": [[3207.75, 3289.0], [3207.5, 1100.0], [3207.25, 1419.0], [3207.0, 1330.0], [3206.25, 1100.0], [3206.0, 4730.0], [3205.75, 12160.0], [3204.25, 4260.0], [3204.0, 14271.0], [3203.75, 329.0], [3203.5, 1101.0], [3203.25, 5519.0], [3203.0, 24812.0], [3202.75, 7372.0], [3202.5, 24697.0], [3202.25, 1315.0], [3202.0, 4407.0], [3200.75, 48590.0], [3198.75, 17630.0], [3198.5, 40000.0]], "asks": [[3208.25, 1250.0], [3208.5, 653.0], [3208.75, 2517.0], [3209.0, 1180.0], [3209.25, 328.0], [3209.5, 1100.0], [3209.75, 328.0], [3210.0, 1100.0], [3210.25, 6615.0], [3210.5, 24640.0], [3212.25, 4164.0], [3212.5, 13949.0], [3213.25, 7627.0], [3213.5, 25550.0], [3214.75, 13039.0], [3215.0, 49414.0], [3216.0, 19.0], [3217.25, 400.0], [3217.5, 40000.0], [3217.75, 500.0]]}}}
{"jsonrpc": "2.0", "method": "subscription", "params": {"channel": "book.ETH-21NOV25.none.20.100ms", "data": {"timestamp": 1763270552018, "change_id": 97092337604, "instrument_name": "ETH-21NOV25", "bids": [[3208.0, 3289.0], [3207.75, 1100.0], [3207.5, 1562.0], [3207.25, 2350.0], [3207.0, 80.0], [3206.5, 328.0], [3206.25, 1100.0], [3206.0, 4730.0], [3205.75, 12160.0], [3204.25, 4260.0], [3204.0, 14271.0], [3203.75, 329.0], [3203.5, 1101.0], [3203.25, 5519.0], [3203.0, 24812.0], [3202.75, 7372.0], [3202.5, 24697.0], [3202.25, 1315.0], [3202.0, 4407.0], [3200.75, 48590.0]], "asks": [[3208.5, 943.0], [3208.75, 3767.0], [3209.0, 1180.0], [3209.25, 328.0], [3209.5, 1100.0], [3209.75, 328.0], [3210.0, 1100.0], [3210.25, 6615.0], [3210.5, 24640.0], [3212.25, 4164.0], [3212.5, 13949.0], [3213.25, 7627.0], [3213.5, 25550.0], [3214.75, 13039.0], [3215.0, 49414.0], [3216.0, 19.0], [3217.25, 400.0], [3217.5, 40000.0], [3217.75, 500.0], [3218.0, 19.0]]}}}
{"jsonrpc": "2.0", "method": "subscription", "params": {"channel": "book.ETH-21NOV25.none.20.100ms", "data": {"timestamp": 1763270552103, "change_id": 97092337915, "instrument_name": "ETH-21NOV25", "bids": [[3208.0, 3289.0], [3207.75, 1100.0], [3207.5, 2678.0], [3207.25, 1100.0], [3207.0, 80.0], [3206.5, 328.0], [3206.25, 1100.0], [3206.0, 4730.0], [3205.75, 12160.0], [3204.25, 4260.0], [3204.0, 14271.0], [3203.75, 329.0], [3203.5, 1101.0], [3203.25, 5519.0], [3203.0, 24812.0], [3202.75, 7372.0], [3202.5, 24697.0], [3202.25, 1315.0], [3202.0, 4407.0], [3200.75, 48590.0]], "asks": [[3208.5, 290.0], [3208.75, 2214.0], [3209.0, 3369.0], [3209.25, 328.0], [3209.5, 1100.0], [3209.75, 328.0], [3210.0, 1100.0], [3210.25, 6615.0], [3210.5, 24640.0], [3212.25, 4164.0], [3212.5, 13949.0], [3213.25, 7627.0], [3213.5, 25550.0], [3214.75, 13039.0], [3215.0, 49414.0], [3216.0, 19.0], [3217.25, 400.0], [3217.5, 40000.0], [3217.75, 500.0], [3218.0, 19.0]]}}}
{"jsonrpc": "2.0", "method": "subscription", "params": {"channel": "book.ETH-21NOV25.none.20.100ms", "data": {"timestamp": 1763270552590, "change_id": 97092338685, "instrument_name": "ETH-21NOV25", "bids": [[3208.0, 3289.0], [3207.75, 1100.0], [3207.5, 2678.0], [3207.25, 1100.0], [3207.0, 80.0], [3206.5, 328.0], [3206.25, 1100.0], [3206.0, 13260.0], [3204.25, 4260.0], [3204.0, 14271.0], [3203.75, 329.0], [3203.5, 8036.0], [3203.25, 24812.0], [3202.75, 7372.0], [3202.5, 24697.0], [3202.25, 1315.0], [3202.0, 4407.0], [3200.75, 48590.0], [3198.75, 17630.0], [3198.5, 40000.0]], "asks": [[3208.5, 290.0], [3208.75, 2214.0], [3209.0, 3369.0], [3209.25, 328.0], [3209.5, 1100.0], [3209.75, 328.0], [3210.0, 1100.0], [3210.25, 6615.0], [3210.5, 24640.0], [3212.25, 4164.0], [3212.5, 13949.0], [3213.25, 7627.0], [3213.5, 25550.0], [3214.75, 13039.0], [3215.0, 49414.0], [3216.0, 19.0], [3217.25, 400.0], [3217.5, 40000.0], [3217.75, 500.0], [3218.0, 19.0]]}}}
{"jsonrpc": "2.0", "method": "subscription", "params": {"channel": "book.ETH-21NOV25.none.20.100ms", "data": {"timestamp": 1763270553015, "change_id": 97092339154, "instrument_name": "ETH-21NOV25", "bids": [[3207.5, 3289.0], [3207.25, 1100.0], [3207.0, 1330.0], [3206.75, 328.0], [3206.5, 1428.0], [3206.25, 4193.0], [3206.0, 12160.0], [3204.25, 4260.0], [3204.0, 14271.0], [3203.75, 329.0], [3203.5, 8036.0], [3203.25, 24812.0], [3202.75, 7372.0], [3202.5, 24697.0], [3202.25, 1315.0], [3202.0, 4407.0], [3200.75, 48590.0], [3198.75, 17630.0], [3198.5, 40000.0], [3198.25, 400.0]], "asks": [[3208.0, 328.0], [3208.25, 2043.0], [3208.5, 3729.0], [3208.75, 328.0], [3209.0, 1180.0], [3209.25, 328.0], [3209.5, 1100.0], [3209.75, 328.0], [3210.0, 1100.0], [3210.25, 6615.0], [3210.5, 24640.0], [3212.25, 4164.0], [3212.5, 13949.0], [3213.25, 7627.0], [3213.5, 25550.0], [3214.75, 13039.0], [3215.0, 49414.0], [3216.0, 19.0], [3217.25, 400.0], [3217.5, 40000.0]]}}}
{"jsonrpc": "2.0", "method": "subscription", "params": {"channel": "book.ETH-21NOV25.none.20.100ms", "data": {"timestamp": 1763270553199, "change_id": 97092339604, "instrument_name": "ETH-21NOV25", "bids": [[3207.75, 3289.0], [3207.5, 1100.0], [3207.25, 1497.0], [3207.0, 1330.0], [3206.75, 328.0], [3206.5, 1428.0], [3206.25, 4193.0], [3206.0, 12160.0], [3204.25, 4260.0], [3204.0, 14271.0], [3203.75, 329.0], [3203.5, 8036.0], [3203.25, 24812.0], [3202.75, 7372.0], [3202.5, 24697.0], [3202.25, 1315.0], [3202.0, 4407.0], [3200.75, 48590.0], [3198.75, 17630.0], [3198.5, 40000.0]], "asks": [[3208.25, 943.0], [3208.5, 3729.0], [3208.75, 328.0], [3209.0, 3417.0], [3209.25, 10279.0], [3209.5, 1100.0], [3209.75, 328.0], [3210.0, 1100.0], [3210.25, 6615.0], [3210.5, 24640.0], [3212.25, 4164.0], [3212.5, 13949.0], [3213.25, 7627.0], [3213.5, 25550.0], [3214.75, 13039.0], [3215.0, 49414.0], [3216.0, 19.0], [3217.25, 400.0], [3217.5, 40000.0], [3217.75, 500.0]]}}}
{"jsonrpc": "2.0", "method": "subscription", "params": {"channel": "book.ETH-21NOV25.none.20.100ms", "data": {"timestamp": 1763270553648, "change_id": 97092340376, "instrument_name": "ETH-21NOV25", "bids": [[3207.5, 3289.0], [3207.25, 2350.0], [3207.0, 80.0], [3206.75, 328.0], [3206.5, 1428.0], [3206.25, 4193.0], [3206.0, 12160.0], [3204.25, 4260.0], [3204.0, 14271.0], [3203.75, 329.0], [3203.5, 8036.0], [3203.25, 24812.0], [3202.75, 7372.0], [3202.5, 24697.0], [3202.25, 1315.0], [3202.0, 4407.0], [3200.75, 48590.0], [3198.75, 17630.0], [3198.5, 40000.0], [3198.25, 400.0]], "asks": [[3208.25, 943.0], [3208.5, 3729.0], [3208.75, 328.0], [3209.0, 1180.0], [3209.25, 328.0], [3209.5, 1100.0], [3209.75, 328.0], [3210.0, 1100.0], [3210.25, 6615.0], [3210.5, 24640.0], [3212.25, 4164.0], [3212.5, 13949.0], [3213.25, 7627.0], [3213.5, 25550.0], [3214.75, 13039.0], [3215.0, 49414.0], [3216.0, 19.0], [3217.25, 400.0], [3217.5, 40000.0], [3217.75, 500.0]]}}}
{"jsonrpc": "2.0", "method": "subscription", "params": {"channel": "book.ETH-21NOV25.none.20.100ms", "data": {"timestamp": 1763270554004, "change_id": 97092340992, "instrument_name": "ETH-21NOV25", "bids": [[3206.5, 1428.0], [3206.25, 4193.0], [3204.25, 4260.0], [3204.0, 14271.0], [3203.75, 329.0], [3203.5, 1101.0], [3202.75, 7372.0], [3202.5, 24697.0], [3202.25, 1315.0], [3202.0, 4407.0], [3200.75, 48590.0], [3198.75, 17630.0], [3198.5, 40000.0], [3198.25, 400.0], [3197.5, 49247.0], [3194.75, 45.0], [3193.75, 40000.0], [3193.5, 76795.0], [3193.25, 2.0], [3192.0, 20965.0]], "asks": [[3207.5, 328.0], [3207.75, 1428.0], [3208.0, 1428.0], [3208.25, 2043.0], [3208.5, 3729.0], [3208.75, 328.0], [3209.0, 1180.0], [3209.25, 328.0], [3209.5, 1100.0], [3209.75, 328.0], [3210.0, 1100.0], [3210.25, 6615.0], [3210.5, 24640.0], [3212.25, 4164.0], [3212.5, 13949.0], [3213.25, 7627.0], [3213.5, 25550.0], [3214.75, 13039.0], [3215.0, 49414.0], [3216.0, 19.0]]}}}
{"jsonrpc": "2.0", "method": "subscription", "params": {"channel": "book.ETH-21NOV25.none.20.100ms", "data": {"timestamp": 1763270554336, "change_id": 97092343755, "instrument_name": "ETH-21NOV25", "bids": [[3206.5, 3289.0], [3206.25, 1100.0], [3205.75, 80.0], [3204.25, 4260.0], [3204.0, 14271.0], [3203.75, 329.0], [3203.5, 1101.0], [3202.75, 3630.0], [3202.5, 12160.0], [3202.25, 7113.0], [3202.0, 29104.0], [3201.25, 24812.0], [3201.0, 9324.0], [3200.75, 48590.0], [3198.75, 17630.0], [3198.5, 40000.0], [3198.25, 400.0], [3197.5, 49247.0], [3194.75, 45.0], [3193.75, 40000.0]], "asks": [[3207.25, 654.0], [3207.5, 2517.0], [3207.75, 2678.0], [3208.0, 1342.0], [3208.25, 1497.0], [3208.5, 80.0], [3208.75, 328.0], [3209.0, 1100.0], [3209.25, 328.0], [3209.5, 1100.0], [3209.75, 328.0], [3210.0, 1100.0], [3210.25, 6615.0], [3210.5, 38755.0], [3213.5, 25550.0], [3214.75, 13039.0], [3215.0, 49414.0], [3216.0, 19.0], [3217.25, 400.0], [3217.5, 40000.0]]}}}
{"jsonrpc": "2.0", "method": "subscription", "params": {"channel": "book.ETH-21NOV25.none.20.100ms", "data": {"timestamp": 1763270554649, "change_id": 97092344282, "instrument_name": "ETH-21NOV25", "bids": [[3206.75, 3289.0], [3206.5, 1100.0], [3206.25, 2350.0], [3206.0, 1400.0], [3205.75, 18514.0], [3204.25, 4260.0], [3204.0, 14271.0], [3203.75, 329.0], [3203.5, 1101.0], [3203.25, 3630.0], [3203.0, 12160.0], [3202.25, 7113.0], [3202.0, 29104.0], [3201.25, 24812.0], [3201.0, 9324.0], [3200.75, 48590.0], [3198.75, 17630.0], [3198.5, 40000.0], [3198.25, 400.0], [3197.5, 49247.0]], "asks": [[3207.5, 1271.0], [3207.75, 4867.0], [3208.0, 1342.0], [3208.25, 1100.0], [3208.5, 80.0], [3208.75, 328.0], [3209.0, 1100.0], [3209.25, 328.0], [3209.5, 1100.0], [3209.75, 328.0], [3210.0, 1100.0], [3210.25, 6615.0], [3210.5, 38755.0], [3213.5, 25550.0], [3214.75, 13039.0], [3215.0, 49414.0], [3216.0, 19.0], [3217.25, 400.0], [3217.5, 40000.0], [3217.75, 500.0]]}}}
{"jsonrpc": "2.0", "method": "subscription", "params": {"channel": "book.ETH-21NOV25.none.20.100ms", "data": {"timestamp": 1763270554974, "change_id": 97092344842, "instrument_name": "ETH-21NOV25", "bids": [[3207.0, 3289.0], [3206.5, 1100.0], [3206.25, 2678.0], [3206.0, 2500.0], [3205.75, 18514.0], [3204.25, 4260.0], [3204.0, 14271.0], [3203.5, 2878.0], [3203.25, 12160.0], [3202.25, 7113.0], [3202.0, 24697.0], [3201.25, 24812.0], [3201.0, 9324.0], [3200.75, 48590.0], [3198.5, 40000.0], [3198.25, 400.0], [3197.5, 49247.0], [3194.75, 45.0], [3193.75, 40000.0], [3193.5, 76795.0]], "asks": [[3207.5, 1578.0], [3207.75, 2040.0], [3208.0, 3531.0], [3208.25, 1452.0], [3208.5, 1180.0], [3208.75, 328.0], [3209.0, 1100.0], [3210.25, 6615.0], [3210.5, 38755.0], [3213.25, 7627.0], [3213.5, 25550.0], [3214.75, 13039.0], [3215.0, 49414.0], [3216.0, 19.0], [3217.25, 400.0], [3217.5, 40000.0], [3217.75, 500.0], [3218.0, 19.0], [3219.0, 19.0], [3219.5, 51127.0]]}}}
{"jsonrpc": "2.0", "method": "subscription", "params": {"channel": "book.ETH-21NOV25.none.20.100ms", "data": {"timestamp": 1763270555146, "change_id": 97092345352, "instrument_name": "ETH-21NOV25", "bids": [[3207.0, 3289.0], [3206.5, 1755.0], [3206.25, 2758.0], [3206.0, 2500.0], [3205.75, 18434.0], [3204.25, 4260.0], [3204.0, 14271.0], [3203.5, 2878.0], [3203.25, 12160.0], [3202.25, 7113.0], [3202.0, 24697.0], [3201.25, 24812.0], [3201.0, 9324.0], [3200.75, 48590.0], [3198.5, 40000.0], [3198.25, 400.0], [3197.5, 49247.0], [3194.75, 45.0], [3193.75, 40000.0], [3193.5, 76795.0]], "asks": [[3207.5, 1578.0], [3207.75, 2040.0], [3208.0, 3531.0], [3208.25, 1452.0], [3208.5, 1180.0], [3208.75, 328.0], [3209.0, 1100.0], [3210.25, 6615.0], [3210.5, 38755.0], [3213.25, 7627.0], [3213.5, 25550.0], [3214.75, 13039.0], [3215.0, 49414.0], [3216.0, 19.0], [3217.25, 400.0], [3217.5, 40000.0], [3217.75, 500.0], [3218.0, 19.0], [3219.0, 19.0], [3219.5, 51127.0]]}}}
{"jsonrpc": "2.0", "method": "subscription", "params": {"channel": "book.ETH-21NOV25.none.20.100ms", "data": {"timestamp": 1763270555367, "change_id": 97092345921, "instrument_name": "ETH-21NOV25", "bids": [[3207.0, 3289.0], [3206.5, 1755.0], [3206.25, 2758.0], [3206.0, 1100.0], [3204.25, 4260.0], [3204.0, 14271.0], [3203.5, 2878.0], [3203.25, 12160.0], [3202.25, 7113.0], [3202.0, 24697.0], [3201.25, 24812.0], [3201.0, 9324.0], [3200.75, 48590.0], [3198.5, 40000.0], [3198.25, 400.0], [3197.5, 49247.0], [3194.75, 45.0], [3193.75, 40000.0], [3193.5, 76795.0], [3193.25, 2.0]], "asks": [[3207.5, 1578.0], [3207.75, 2040.0], [3208.0, 3531.0], [3208.25, 1452.0], [3208.5, 1180.0], [3208.75, 328.0], [3209.0, 1100.0], [3210.25, 6615.0], [3210.5, 38755.0], [3213.25, 7627.0], [3213.5, 25550.0], [3214.75, 13039.0], [3215.0, 49414.0], [3216.0, 19.0], [3217.25, 400.0], [3217.5, 40000.0], [3217.75, 500.0], [3218.0, 19.0], [3219.0, 19.0], [3219.5, 51127.0]]}}}
{"jsonrpc": "2.0", "method": "subscription", "params": {"channel": "book.ETH-21NOV25.none.20.100ms", "data": {"timestamp": 1763270555960, "change_id": 97092346556, "instrument_name": "ETH-21NOV25", "bids": [[3207.0, 3289.0], [3206.75, 1100.0], [3206.5, 2350.0], [3206.25, 80.0], [3204.25, 4260.0], [3204.0, 14271.0], [3203.5, 2878.0], [3203.25, 12160.0], [3202.25, 7113.0], [3202.0, 24697.0], [3201.25, 24812.0], [3201.0, 9324.0], [3200.75, 48590.0], [3198.5, 40000.0], [3198.25, 400.0], [3197.5, 49247.0], [3194.75, 45.0], [3193.75, 40000.0], [3193.5, 76795.0], [3193.25, 2.0]], "asks": [[3207.5, 1578.0], [3207.75, 2040.0], [3208.0, 3531.0], [3208.25, 1100.0], [3208.5, 80.0], [3210.25, 6615.0], [3210.5, 38755.0], [3213.25, 7627.0], [3213.5, 25550.0], [3214.75, 13039.0], [3215.0, 49414.0], [3216.0, 19.0], [3217.25, 400.0], [3217.5, 40000.0], [3217.75, 500.0], [3218.0, 19.0], [3219.0, 19.0], [3219.5, 51127.0], [3221.0, 19.0], [3222.0, 21074.0]]}}}
{"jsonrpc": "2.0", "method": "subscription", "params": {"channel": "book.ETH-21NOV25.none.20.100ms", "data": {"timestamp": 1763270556288, "change_id": 97092347454, "instrument_name": "ETH-21NOV25", "bids": [[3207.25, 3289.0], [3207.0, 1100.0], [3206.75, 1450.0], [3206.5, 2350.0], [3206.25, 80.0], [3204.25, 4260.0], [3204.0, 14271.0], [3202.75, 3630.0], [3202.5, 12160.0], [3202.25, 7113.0], [3202.0, 24697.0], [3201.25, 24812.0], [3201.0, 9324.0], [3200.75, 48590.0], [3198.5, 40000.0], [3198.25, 400.0], [3197.5, 49247.0], [3194.75, 45.0], [3193.75, 40000.0], [3193.5, 76795.0]], "asks": [[3207.75, 373.0], [3208.0, 2201.0], [3208.25, 3289.0], [3208.5, 80.0], [3210.25, 9019.0], [3210.5, 24640.0], [3212.5, 4345.0], [3212.75, 14557.0], [3213.25, 7627.0], [3213.5, 25550.0], [3214.75, 13039.0], [3215.0, 49414.0], [3216.0, 19.0], [3217.25, 400.0], [3217.5, 40000.0], [3217.75, 500.0], [3218.0, 19.0], [3219.0, 19.0], [3219.5, 51127.0], [3221.0, 19.0]]}}}
{"jsonrpc": "2.0", "method": "subscription", "params": {"channel": "book.ETH-21NOV25.none.20.100ms", "data": {"timestamp": 1763270556517, "change_id": 97092347925, "instrument_name": "ETH-21NOV25", "bids": [[3207.25, 3289.0], [3207.0, 1100.0], [3206.75, 2700.0], [3206.5, 1100.0], [3206.25, 80.0], [3204.25, 4260.0], [3204.0, 14271.0], [3202.75, 3630.0], [3202.5, 12160.0], [3202.25, 7113.0], [3202.0, 24697.0], [3201.25, 24812.0], [3201.0, 9324.0], [3200.75, 48590.0], [3198.5, 40000.0], [3198.25, 400.0], [3197.5, 49247.0], [3194.75, 45.0], [3193.75, 40000.0], [3193.5, 76795.0]], "asks": [[3207.75, 373.0], [3208.0, 2201.0], [3208.25, 3289.0], [3208.5, 80.0], [3210.25, 9019.0], [3210.5, 24640.0], [3210.75, 14280.0], [3213.25, 7627.0], [3213.5, 25550.0], [3214.75, 13039.0], [3215.0, 49414.0], [3216.0, 19.0], [3217.25, 400.0], [3217.5, 40000.0], [3217.75, 500.0], [3218.0, 19.0], [3219.0, 19.0], [3219.5, 51127.0], [3221.0, 19.0], [3222.0, 21074.0]]}}}
{"jsonrpc": "2.0", "method": "subscription", "params": {"channel": "book.ETH-21NOV25.none.20.100ms", "data": {"timestamp": 1763270556951, "change_id": 97092348601, "instrument_name": "ETH-21NOV25", "bids": [[3206.75, 3289.0], [3206.5, 1497.0], [3206.25, 1330.0], [3204.75, 328.0], [3204.5, 1100.0], [3204.25, 4260.0], [3204.0, 14271.0], [3202.75, 3630.0], [3202.5, 12160.0], [3202.25, 7113.0], [3202.0, 24697.0], [3201.25, 24812.0], [3201.0, 9324.0], [3200.75, 48590.0], [3198.5, 40000.0], [3198.25, 400.0], [3197.5, 49247.0], [3194.75, 45.0], [3193.75, 40000.0], [3193.5, 76795.0]], "asks": [[3207.5, 979.0], [3207.75, 3439.0], [3208.0, 242.0], [3208.25, 1100.0], [3208.5, 80.0], [3210.25, 9019.0], [3210.5, 24640.0], [3210.75, 14280.0], [3213.25, 7627.0], [3213.5, 25550.0], [3214.75, 13039.0], [3215.0, 49414.0], [3216.0, 19.0], [3217.25, 400.0], [3217.5, 40000.0], [3217.75, 500.0], [3218.0, 19.0], [3219.0, 19.0], [3219.5, 51127.0], [3221.0, 19.0]]}}}
{"jsonrpc": "2.0", "method": "subscription", "params": {"channel": "book.ETH-21NOV25.none.20.100ms", "data": {"timestamp": 1763270557111, "change_id": 97092348908, "instrument_name": "ETH-21NOV25", "bids": [[3206.75, 3289.0], [3206.5, 1100.0], [3206.25, 80.0], [3204.75, 328.0], [3204.5, 1100.0], [3204.25, 4260.0], [3204.0, 15521.0], [3202.75, 3630.0], [3202.5, 12160.0], [3202.25, 7113.0], [3202.0, 24697.0], [3201.25, 24812.0], [3201.0, 9324.0], [3200.75, 48590.0], [3198.5, 40000.0], [3198.25, 400.0], [3197.5, 49247.0], [3194.75, 45.0], [3193.75, 40000.0], [3193.5, 76795.0]], "asks": [[3207.5, 979.0], [3207.75, 3439.0], [3208.0, 242.0], [3208.25, 1100.0], [3208.5, 80.0], [3210.25, 9019.0], [3210.5, 24640.0], [3210.75, 14280.0], [3213.25, 7627.0], [3213.5, 25550.0], [3214.75, 13039.0], [3215.0, 49414.0], [3216.0, 19.0], [3217.25, 400.0], [3217.5, 40000.0], [3217.75, 500.0], [3218.0, 19.0], [3219.0, 19.0], [3219.5, 51127.0], [3221.0, 19.0]]}}}
{"jsonrpc": "2.0", "method": "subscription", "params": {"channel": "book.ETH-21NOV25.none.20.100ms", "data": {"timestamp": 1763270557550, "change_id": 97092349824, "instrument_name": "ETH-21NOV25", "bids": [[3206.75, 3289.0], [3206.5, 1100.0], [3206.25, 80.0], [3204.75, 328.0], [3204.5, 1100.0], [3204.25, 5510.0], [3204.0, 14271.0], [3203.0, 12160.0], [3202.25, 7113.0], [3202.0, 24697.0], [3201.5, 24812.0], [3201.0, 9324.0], [3200.75, 48590.0], [3198.5, 40000.0], [3198.25, 400.0], [3197.5, 49247.0], [3194.75, 45.0], [3193.75, 40000.0], [3193.5, 76795.0], [3193.25, 2.0]], "asks": [[3207.5, 949.0], [3207.75, 3439.0], [3208.0, 242.0], [3208.25, 1100.0], [3208.5, 80.0], [3210.25, 9019.0], [3210.5, 24640.0], [3210.75, 14280.0], [3213.25, 7627.0], [3213.5, 25550.0], [3214.75, 13039.0], [3215.0, 49414.0], [3216.0, 19.0], [3217.25, 400.0], [3217.5, 40000.0], [3217.75, 500.0], [3218.0, 19.0], [3219.0, 19.0], [3219.5, 51127.0], [3221.0, 19.0]]}}}
{"jsonrpc": "2.0", "method": "subscription", "params": {"channel": "book.ETH-21NOV25.none.20.100ms", "data": {"timestamp": 1763270557938, "change_id": 97092350136, "instrument_name": "ETH-21NOV25", "bids": [[3206.75, 3289.0], [3206.5, 1100.0], [3206.25, 80.0], [3205.0, 1100.0], [3204.75, 1578.0], [3204.5, 1100.0], [3204.25, 4260.0], [3204.0, 14271.0], [3203.25, 3630.0], [3203.0, 12160.0], [3202.25, 7113.0], [3202.0, 24697.0], [3201.5, 24812.0], [3201.0, 9324.0], [3200.75, 48590.0], [3198.5, 40000.0], [3198.25, 400.0], [3197.5, 49247.0], [3194.75, 45.0], [3193.75, 40000.0]], "asks": [[3207.5, 949.0], [3207.75, 3439.0], [3208.0, 242.0], [3208.25, 1100.0], [3208.5, 80.0], [3210.25, 9019.0], [3210.5, 24640.0], [3210.75, 14280.0], [3213.25, 7627.0], [3213.5, 25550.0], [3214.75, 13039.0], [3215.0, 49414.0], [3216.0, 19.0], [3217.25, 400.0], [3217.5, 40000.0], [3217.75, 500.0], [3218.0, 19.0], [3219.0, 19.0], [3219.5, 51127.0], [3221.0, 19.0]]}}}
{"jsonrpc": "2.0", "method": "subscription", "params": {"channel": "book.ETH-21NOV25.none.20.100ms", "data": {"timestamp": 1763270558205, "change_id": 97092350603, "instrument_name": "ETH-21NOV25", "bids": [[3207.0, 2189.0], [3206.75, 1100.0], [3206.5, 1100.0], [3206.25, 80.0], [3205.0, 1100.0], [3204.75, 1578.0], [3204.5, 1100.0], [3204.25, 4260.0], [3204.0, 14271.0], [3203.25, 3630.0], [3203.0, 12160.0], [3202.25, 7113.0], [3202.0, 24697.0], [3201.5, 24812.0], [3201.0, 9324.0], [3200.75, 48590.0], [3198.5, 40000.0], [3198.25, 400.0], [3197.5, 49247.0], [3194.75, 45.0]], "asks": [[3207.5, 373.0], [3207.75, 1903.0], [3208.0, 2431.0], [3208.25, 1100.0], [3208.5, 80.0], [3210.25, 9019.0], [3210.5, 24640.0], [3210.75, 14280.0], [3213.25, 7627.0], [3213.5, 25550.0], [3214.75, 13039.0], [3215.0, 49414.0], [3216.0, 19.0], [3217.25, 400.0], [3217.5, 40000.0], [3217.75, 500.0], [3218.0, 19.0], [3219.0, 19.0], [3219.5, 51127.0], [3221.0, 19.0]]}}}
{"jsonrpc": "2.0", "method": "subscription", "params": {"channel": "book.ETH-21NOV25.none.20.100ms", "data": {"timestamp": 1763270558605, "change_id": 97092351179, "instrument_name": "ETH-21NOV25", "bids": [[3207.0, 2189.0], [3206.75, 1100.0], [3206.5, 1100.0], [3206.25, 80.0], [3205.0, 2350.0], [3204.75, 328.0], [3204.5, 1100.0], [3204.25, 4260.0], [3204.0, 14271.0], [3203.25, 3630.0], [3203.0, 12160.0], [3202.25, 7113.0], [3202.0, 24697.0], [3201.5, 24812.0], [3201.0, 9324.0], [3200.75, 48590.0], [3198.75, 17630.0], [3198.5, 40000.0], [3198.25, 400.0], [3197.5, 49247.0]], "asks": [[3207.5, 1903.0], [3207.75, 2189.0], [3208.0, 242.0], [3208.25, 1100.0], [3208.5, 80.0], [3210.25, 9019.0], [3210.5, 24640.0], [3210.75, 14280.0], [3213.25, 7627.0], [3213.5, 25550.0], [3214.75, 13039.0], [3215.0, 49414.0], [3216.0, 19.0], [3217.25, 400.0], [3217.5, 40000.0], [3217.75, 500.0], [3218.0, 19.0], [3219.0, 19.0], [3219.5, 51127.0], [3221.0, 19.0]]}}}
{"jsonrpc": "2.0", "method": "subscription", "params": {"channel": "book.ETH-21NOV25.none.20.100ms", "data": {"timestamp": 1763270558953, "change_id": 97092351414, "instrument_name": "ETH-21NOV25", "bids": [[3207.0, 3289.0], [3206.5, 1100.0], [3206.25, 80.0], [3205.25, 2350.0], [3205.0, 1100.0], [3204.75, 328.0], [3204.5, 1100.0], [3204.25, 4260.0], [3204.0, 14271.0], [3203.25, 3630.0], [3203.0, 12160.0], [3202.25, 7113.0], [3202.0, 24697.0], [3201.5, 24812.0], [3201.0, 9324.0], [3200.75, 48590.0], [3198.75, 17630.0], [3198.5, 40000.0], [3198.25, 400.0], [3197.5, 49247.0]], "asks": [[3207.5, 1903.0], [3207.75, 2189.0], [3208.0, 242.0], [3208.25, 1100.0], [3208.5, 80.0], [3210.25, 9019.0], [3210.5, 24640.0], [3210.75, 14280.0], [3213.25, 7627.0], [3213.5, 25550.0], [3214.75, 13039.0], [3215.0, 49414.0], [3216.0, 19.0], [3217.25, 400.0], [3217.5, 40000.0], [3217.75, 500.0], [3218.0, 19.0], [3219.0, 19.0], [3219.5, 51127.0], [3221.0, 19.0]]}}}
{"jsonrpc": "2.0", "method": "subscription", "params": {"channel": "book.ETH-21NOV25.none.20.100ms", "data": {"timestamp": 1763270559328, "change_id": 97092351993, "instrument_name": "ETH-21NOV25", "bids": [[3207.0, 3289.0], [3206.5, 1100.0], [3206.25, 80.0], [3205.5, 1250.0], [3205.25, 1100.0], [3205.0, 1100.0], [3204.75, 328.0], [3204.5, 1100.0], [3204.25, 4260.0], [3204.0, 14271.0], [3203.25, 3630.0], [3203.0, 12160.0], [3202.25, 7113.0], [3202.0, 24697.0], [3201.5, 24812.0], [3201.0, 9324.0], [3200.75, 48590.0], [3198.75, 17630.0], [3198.5, 40000.0], [3198.25, 400.0]], "asks": [[3207.5, 1903.0], [3207.75, 2189.0], [3208.0, 242.0], [3208.25, 1100.0], [3208.5, 80.0], [3210.25, 9019.0], [3210.5, 24640.0], [3210.75, 14280.0], [3213.25, 7627.0], [3213.5, 25550.0], [3214.75, 13039.0], [3215.0, 49414.0], [3216.0, 19.0], [3217.25, 400.0], [3217.5, 40000.0], [3217.75, 500.0], [3218.0, 19.0], [3219.0, 19.0], [3219.5, 51127.0], [3221.0, 19.0]]}}}
{"jsonrpc": "2.0", "method": "subscription", "params": {"channel": "book.ETH-21NOV25.none.20.100ms", "data": {"timestamp": 1763270559929, "change_id": 97092352560, "instrument_name": "ETH-21NOV25", "bids": [[3207.0, 3289.0], [3206.5, 1100.0], [3206.25, 80.0], [3205.75, 1473.0], [3205.5, 1250.0], [3205.0, 1100.0], [3204.75, 328.0], [3204.5, 1100.0], [3204.25, 4260.0], [3204.0, 14271.0], [3203.25, 3630.0], [3203.0, 12160.0], [3202.25, 7113.0], [3202.0, 24697.0], [3201.5, 24812.0], [3201.0, 9324.0], [3200.75, 48590.0], [3198.75, 17630.0], [3198.5, 40000.0], [3198.25, 400.0]], "asks": [[3207.5, 1903.0], [3207.75, 2189.0], [3208.0, 242.0], [3208.25, 1100.0], [3208.5, 80.0], [3210.25, 9019.0], [3210.5, 24640.0], [3210.75, 14280.0], [3213.25, 7627.0], [3213.5, 25550.0], [3214.75, 13039.0], [3215.0, 49414.0], [3216.0, 19.0], [3217.25, 400.0], [3217.5, 40000.0], [3217.75, 500.0], [3218.0, 19.0], [3219.0, 19.0], [3219.5, 51127.0], [3221.0, 19.0]]}}}
{"jsonrpc": "2.0", "method": "subscription", "params": {"channel": "book.ETH-21NOV25.none.20.100ms", "data": {"timestamp": 1763270560210, "change_id": 97092353048, "instrument_name": "ETH-21NOV25", "bids": [[3206.75, 1100.0], [3206.5, 3289.0], [3206.25, 80.0], [3206.0, 328.0], [3205.75, 1473.0], [3205.5, 1250.0], [3205.0, 1100.0], [3204.75, 328.0], [3204.5, 1100.0], [3204.25, 4260.0], [3204.0, 14271.0], [3202.5, 12160.0], [3202.25, 7113.0], [3202.0, 24697.0], [3201.5, 24812.0], [3201.0, 9324.0], [3200.75, 48590.0], [3198.75, 17630.0], [3198.5, 40000.0], [3198.25, 400.0]], "asks": [[3207.25, 979.0], [3207.5, 3439.0], [3208.0, 242.0], [3208.25, 1100.0], [3208.5, 80.0], [3210.25, 9019.0], [3210.5, 24640.0], [3210.75, 14280.0], [3213.25, 7627.0], [3213.5, 25550.0], [3214.75, 13039.0], [3215.0, 49414.0], [3216.0, 19.0], [3217.25, 400.0], [3217.5, 40000.0], [3217.75, 500.0], [3218.0, 19.0], [3219.0, 19.0], [3219.5, 51127.0], [3221.0, 19.0]]}}}
{"jsonrpc": "2.0", "method": "subscription", "params": {"channel": "book.ETH-21NOV25.none.20.100ms", "data": {"timestamp": 1763270560613, "change_id": 97092353683, "instrument_name": "ETH-21NOV25", "bids": [[3207.0, 3289.0], [3206.75, 1100.0], [3206.5, 1100.0], [3206.25, 80.0], [3206.0, 328.0], [3205.75, 2723.0], [3205.0, 1100.0], [3204.75, 328.0], [3204.5, 1100.0], [3204.25, 4260.0], [3204.0, 14271.0], [3202.5, 12160.0], [3202.25, 7113.0], [3202.0, 24697.0], [3201.5, 24812.0], [3201.0, 9324.0], [3200.75, 48590.0], [3198.75, 17630.0], [3198.5, 40000.0], [3198.25, 400.0]], "asks": [[3207.5, 1250.0], [3207.75, 653.0], [3208.0, 2431.0], [3208.25, 1100.0], [3208.5, 80.0], [3210.25, 9019.0], [3210.5, 24640.0], [3210.75, 14280.0], [3213.25, 7627.0], [3213.5, 25550.0], [3214.75, 13039.0], [3215.0, 49414.0], [3216.0, 19.0], [3217.25, 400.0], [3217.5, 40000.0], [3217.75, 500.0], [3218.0, 19.0], [3219.0, 19.0], [3219.5, 51127.0], [3221.0, 19.0]]}}}
{"jsonrpc": "2.0", "method": "subscription", "params": {"channel": "book.ETH-21NOV25.none.20.100ms", "data": {"timestamp": 1763270560906, "change_id": 97092353916, "instrument_name": "ETH-21NOV25", "bids": [[3207.0, 3289.0], [3206.5, 1100.0], [3206.25, 408.0], [3206.0, 1428.0], [3205.75, 1250.0], [3205.0, 1100.0], [3204.75, 328.0], [3204.5, 1100.0], [3204.25, 4260.0], [3204.0, 14271.0], [3202.5, 12160.0], [3202.25, 7113.0], [3202.0, 24697.0], [3201.5, 24812.0], [3201.0, 9324.0], [3200.75, 48590.0], [3198.75, 17630.0], [3198.5, 40000.0], [3198.25, 400.0], [3197.5, 49247.0]], "asks": [[3207.5, 1578.0], [3207.75, 1753.0], [3208.0, 2431.0], [3208.25, 1100.0], [3208.5, 80.0], [3210.25, 9019.0], [3210.5, 24640.0], [3210.75, 14280.0], [3213.25, 7627.0], [3213.5, 25550.0], [3214.75, 13039.0], [3215.0, 49414.0], [3216.0, 19.0], [3217.25, 400.0], [3217.5, 40000.0], [3217.75, 500.0], [3218.0, 19.0], [3219.0, 19.0], [3219.5, 51127.0], [3221.0, 19.0]]}}}
{"jsonrpc": "2.0", "method": "subscription", "params": {"channel": "book.ETH-21NOV25.none.20.100ms", "data": {"timestamp": 1763270561039, "change_id": 97092353990, "instrument_name": "ETH-21NOV25", "bids": [[3207.0, 3289.0], [3206.5, 1100.0], [3206.25, 740.0], [3206.0, 2678.0], [3205.25, 328.0], [3205.0, 1100.0], [3204.75, 328.0], [3204.5, 1100.0], [3204.25, 4260.0], [3204.0, 14271.0], [3202.5, 12160.0], [3202.25, 7113.0], [3202.0, 24697.0], [3201.5, 24812.0], [3201.0, 9324.0], [3200.75, 48590.0], [3198.75, 17630.0], [3198.5, 40000.0], [3198.25, 400.0], [3197.5, 49247.0]], "asks": [[3207.5, 1578.0], [3207.75, 1753.0], [3208.0, 2431.0], [3208.25, 1100.0], [3208.5, 80.0], [3210.25, 9019.0], [3210.5, 24640.0], [3210.75, 14280.0], [3213.25, 7627.0], [3213.5, 25550.0], [3214.75, 13039.0], [3215.0, 49414.0], [3216.0, 19.0], [3217.25, 400.0], [3217.5, 40000.0], [3217.75, 500.0], [3218.0, 19.0], [3219.0, 19.0], [3219.5, 51127.0], [3221.0, 19.0]]}}}
{"jsonrpc": "2.0", "method": "subscription", "params": {"channel": "book.ETH-21NOV25.none.20.100ms", "data": {"timestamp": 1763270561585, "change_id": 97092355023, "instrument_name": "ETH-21NOV25", "bids": [[3207.25, 3289.0], [3207.0, 1100.0], [3206.75, 328.0], [3206.5, 1100.0], [3206.25, 740.0], [3206.0, 2678.0], [3205.25, 328.0], [3205.0, 1100.0], [3204.75, 328.0], [3204.5, 1100.0], [3204.25, 4260.0], [3204.0, 14271.0], [3202.5, 12160.0], [3202.25, 7113.0], [3202.0, 24697.0], [3201.5, 24812.0], [3201.0, 9324.0], [3200.75, 48590.0], [3198.75, 22037.0], [3198.5, 40000.0]], "asks": [[3207.75, 290.0], [3208.0, 2201.0], [3208.25, 3289.0], [3208.5, 80.0], [3210.25, 9019.0], [3210.5, 24640.0], [3210.75, 14280.0], [3213.25, 7627.0], [3213.5, 25550.0], [3214.75, 13039.0], [3215.0, 49414.0], [3216.0, 19.0], [3217.25, 400.0], [3217.5, 40000.0], [3217.75, 500.0], [3218.0, 19.0], [3219.0, 19.0], [3219.5, 51127.0], [3221.0, 19.0], [3222.0, 21074.0]]}}}
{"jsonrpc": "2.0", "method": "subscription", "params": {"channel": "book.ETH-21NOV25.none.20.100ms", "data": {"timestamp": 1763270561896, "change_id": 97092355405, "instrument_name": "ETH-21NOV25", "bids": [[3207.25, 3289.0], [3207.0, 1100.0], [3206.75, 328.0], [3206.5, 1497.0], [3206.25, 1330.0], [3205.5, 1100.0], [3205.25, 328.0], [3205.0, 1100.0], [3204.75, 328.0], [3204.5, 1100.0], [3204.25, 4260.0], [3204.0, 14271.0], [3202.5, 12160.0], [3202.25, 7113.0], [3202.0, 24697.0], [3201.5, 24812.0], [3201.0, 9324.0], [3200.75, 48590.0], [3198.75, 22037.0], [3198.5, 40000.0]], "asks": [[3207.75, 1390.0], [3208.0, 2201.0], [3208.25, 3289.0], [3208.5, 80.0], [3209.75, 328.0], [3210.0, 1100.0], [3210.25, 9019.0], [3210.5, 24640.0], [3210.75, 14280.0], [3213.25, 7627.0], [3213.5, 25550.0], [3214.75, 13039.0], [3215.0, 49414.0], [3216.0, 19.0], [3217.25, 400.0], [3217.5, 40000.0], [3217.75, 500.0], [3218.0, 19.0], [3219.0, 19.0], [3219.5, 51127.0]]}}}
{"jsonrpc": "2.0", "method": "subscription", "params": {"channel": "book.ETH-21NOV25.none.20.100ms", "data": {"timestamp": 1763270562241, "change_id": 97092355883, "instrument_name": "ETH-21NOV25", "bids": [[3207.25, 3289.0], [3207.0, 1100.0], [3206.75, 328.0], [3206.5, 2350.0], [3206.25, 80.0], [3205.75, 328.0], [3205.5, 1100.0], [3205.25, 328.0], [3205.0, 1100.0], [3204.75, 328.0], [3204.5, 1100.0], [3204.25, 4260.0], [3204.0, 14271.0], [3202.75, 3630.0], [3202.5, 12160.0], [3202.25, 7113.0], [3202.0, 24697.0], [3201.5, 24812.0], [3201.0, 9324.0], [3200.75, 48590.0]], "asks": [[3207.75, 290.0], [3208.0, 2201.0], [3208.25, 3289.0], [3208.5, 80.0], [3209.75, 328.0], [3210.0, 1100.0], [3210.25, 9019.0], [3210.5, 24640.0], [3210.75, 14280.0], [3213.25, 7627.0], [3213.5, 25550.0], [3214.75, 13039.0], [3215.0, 49414.0], [3216.0, 19.0], [3217.25, 400.0], [3217.5, 40000.0], [3217.75, 500.0], [3218.0, 19.0], [3219.0, 19.0], [3219.5, 51127.0]]}}}
{"jsonrpc": "2.0", "method": "subscription", "params": {"channel": "book.ETH-21NOV25.none.20.100ms", "data": {"timestamp": 1763270562362, "change_id": 97092356157, "instrument_name": "ETH-21NOV25", "bids": [[3207.25, 1100.0], [3207.0, 3289.0], [3206.75, 328.0], [3206.5, 2350.0], [3206.25, 80.0], [3205.75, 328.0], [3205.5, 1100.0], [3205.25, 328.0], [3205.0, 1100.0], [3204.75, 328.0], [3204.5, 1100.0], [3204.25, 4260.0], [3204.0, 14271.0], [3202.75, 3630.0], [3202.5, 12160.0], [3202.25, 7113.0], [3202.0, 24697.0], [3201.5, 24812.0], [3201.0, 9324.0], [3200.75, 48590.0]], "asks": [[3207.75, 290.0], [3208.0, 2201.0], [3208.25, 3289.0], [3208.5, 80.0], [3209.75, 328.0], [3210.0, 1100.0], [3210.25, 9019.0], [3210.5, 24640.0], [3210.75, 14280.0], [3213.25, 7627.0], [3213.5, 25550.0], [3214.75, 13039.0], [3215.0, 49414.0], [3216.0, 19.0], [3217.25, 400.0], [3217.5, 40000.0], [3217.75, 500.0], [3218.0, 19.0], [3219.0, 19.0], [3219.5, 51127.0]]}}}
{"jsonrpc": "2.0", "method": "subscription", "params": {"channel": "book.ETH-21NOV25.none.20.100ms", "data": {"timestamp": 1763270562883, "change_id": 97092356714, "instrument_name": "ETH-21NOV25", "bids": [[3207.0, 3289.0], [3206.75, 328.0], [3206.5, 2350.0], [3206.25, 408.0], [3206.0, 1100.0], [3204.25, 4260.0], [3204.0, 14271.0], [3202.75, 3630.0], [3202.5, 12160.0], [3202.25, 7113.0], [3202.0, 24697.0], [3201.5, 24812.0], [3201.0, 9324.0], [3200.75, 48590.0], [3198.75, 22037.0], [3198.5, 40000.0], [3198.25, 400.0], [3197.5, 49247.0], [3194.75, 45.0], [3193.75, 40000.0]], "asks": [[3207.5, 328.0], [3207.75, 2089.0], [3208.0, 3681.0], [3208.25, 1100.0], [3208.5, 80.0], [3209.5, 1100.0], [3209.75, 328.0], [3210.0, 1100.0], [3210.25, 9019.0], [3210.5, 24640.0], [3210.75, 14280.0], [3213.25, 7627.0], [3213.5, 25550.0], [3214.75, 13039.0], [3215.0, 49414.0], [3216.0, 19.0], [3217.25, 400.0], [3217.5, 40000.0], [3217.75, 500.0], [3218.0, 19.0]]}}}
{"jsonrpc": "2.0", "method": "subscription", "params": {"channel": "book.ETH-21NOV25.none.20.100ms", "data": {"timestamp": 1763270563244, "change_id": 97092357477, "instrument_name": "ETH-21NOV25", "bids": [[3206.75, 1100.0], [3206.5, 3289.0], [3206.25, 1658.0], [3206.0, 1100.0], [3204.25, 4260.0], [3204.0, 14271.0], [3202.75, 3630.0], [3202.5, 12160.0], [3202.25, 7113.0], [3202.0, 24697.0], [3201.5, 24812.0], [3201.0, 9324.0], [3200.75, 48590.0], [3198.75, 22037.0], [3198.5, 40000.0], [3198.25, 400.0], [3197.5, 49247.0], [3194.75, 45.0], [3193.75, 40000.0], [3193.5, 76795.0]], "asks": [[3207.25, 943.0], [3207.5, 4099.0], [3207.75, 1100.0], [3208.0, 242.0], [3208.25, 1100.0], [3208.5, 80.0], [3209.25, 328.0], [3209.5, 1100.0], [3209.75, 328.0], [3210.0, 1100.0], [3210.25, 9019.0], [3210.5, 24640.0], [3210.75, 14280.0], [3213.25, 7627.0], [3213.5, 25550.0], [3214.75, 13039.0], [3215.0, 49414.0], [3216.0, 19.0], [3217.25, 400.0], [3217.5, 40000.0]]}}}
{"jsonrpc": "2.0", "method": "subscription", "params": {"channel": "book.ETH-21NOV25.none.20.100ms", "data": {"timestamp": 1763270563343, "change_id": 97092357802, "instrument_name": "ETH-21NOV25", "bids": [[3206.75, 1100.0], [3206.5, 3289.0], [3206.25, 1658.0], [3206.0, 1100.0], [3204.25, 4260.0], [3204.0, 14271.0], [3203.25, 3630.0], [3203.0, 12160.0], [3202.25, 7113.0], [3202.0, 24697.0], [3201.25, 24812.0], [3201.0, 9324.0], [3200.75, 48590.0], [3198.75, 22037.0], [3198.5, 40000.0], [3198.25, 400.0], [3197.5, 49247.0], [3194.75, 45.0], [3193.75, 40000.0], [3193.5, 76795.0]], "asks": [[3207.25, 943.0], [3207.5, 4099.0], [3207.75, 1100.0], [3208.0, 322.0], [3208.25, 1100.0], [3209.25, 328.0], [3209.5, 1100.0], [3209.75, 328.0], [3210.0, 1100.0], [3210.25, 9019.0], [3210.5, 24640.0], [3210.75, 14280.0], [3213.25, 7627.0], [3213.5, 25550.0], [3214.75, 13039.0], [3215.0, 49414.0], [3216.0, 19.0], [3217.25, 400.0], [3217.5, 40000.0], [3217.75, 500.0]]}}}
{"jsonrpc": "2.0", "method": "subscription", "params": {"channel": "book.ETH-21NOV25.none.20.100ms", "data": {"timestamp": 1763270563872, "change_id": 97092358389, "instrument_name": "ETH-21NOV25", "bids": [[3206.75, 1100.0], [3206.5, 3289.0], [3206.25, 1330.0], [3204.75, 328.0], [3204.5, 1100.0], [3204.25, 4260.0], [3204.0, 14271.0], [3203.25, 3630.0], [3203.0, 12160.0], [3202.25, 8214.0], [3202.0, 24697.0], [3201.25, 24812.0], [3201.0, 9324.0], [3200.75, 48590.0], [3198.75, 22037.0], [3198.5, 40000.0], [3198.25, 400.0], [3197.5, 49247.0], [3194.75, 45.0], [3193.75, 40000.0]], "asks": [[3207.25, 943.0], [3207.5, 4099.0], [3207.75, 1100.0], [3208.0, 80.0], [3209.0, 1100.0], [3209.25, 328.0], [3209.5, 1100.0], [3209.75, 328.0], [3210.0, 1100.0], [3210.25, 9019.0], [3210.5, 24640.0], [3210.75, 14280.0], [3213.25, 7627.0], [3213.5, 25550.0], [3214.75, 13039.0], [3215.0, 49414.0], [3216.0, 19.0], [3217.25, 400.0], [3217.5, 40000.0], [3217.75, 500.0]]}}}
{"jsonrpc": "2.0", "method": "subscription", "params": {"channel": "book.ETH-21NOV25.none.20.100ms", "data": {"timestamp": 1763270563982, "change_id": 97092358460, "instrument_name": "ETH-21NOV25", "bids": [[3206.5, 3289.0], [3206.25, 1330.0], [3204.75, 328.0], [3204.5, 1100.0], [3204.25, 4260.0], [3204.0, 14271.0], [3203.25, 3630.0], [3203.0, 12160.0], [3202.25, 8214.0], [3202.0, 24697.0], [3201.25, 24812.0], [3201.0, 9324.0], [3200.75, 48590.0], [3198.75, 22037.0], [3198.5, 40000.0], [3198.25, 400.0], [3197.5, 49247.0], [3194.75, 45.0], [3193.75, 40000.0], [3193.5, 76795.0]], "asks": [[3207.25, 943.0], [3207.5, 4099.0], [3207.75, 1100.0], [3208.0, 80.0], [3209.0, 1100.0], [3209.25, 328.0], [3209.5, 1100.0], [3209.75, 328.0], [3210.0, 1100.0], [3210.25, 9019.0], [3210.5, 24640.0], [3210.75, 14280.0], [3213.25, 7627.0], [3213.5, 25550.0], [3214.75, 13039.0], [3215.0, 49414.0], [3216.0, 19.0], [3217.25, 400.0], [3217.5, 40000.0], [3217.75, 500.0]]}}}
{"jsonrpc": "2.0", "method": "subscription", "params": {"channel": "book.ETH-21NOV25.none.20.100ms", "data": {"timestamp": 1763270564386, "change_id": 97092359154, "instrument_name": "ETH-21NOV25", "bids": [[3206.5, 3289.0], [3206.25, 1330.0], [3204.75, 328.0], [3204.5, 1100.0], [3204.25, 4260.0], [3204.0, 14271.0], [3203.25, 3630.0], [3203.0, 12160.0], [3202.25, 8214.0], [3202.0, 24697.0], [3201.75, 4407.0], [3201.25, 24812.0], [3201.0, 9324.0], [3200.75, 48590.0], [3198.75, 17630.0], [3198.5, 40000.0], [3198.25, 400.0], [3197.5, 49247.0], [3194.75, 45.0], [3193.75, 40000.0]], "asks": [[3207.25, 943.0], [3207.5, 4099.0], [3207.75, 1100.0], [3208.0, 80.0], [3208.75, 328.0], [3209.0, 1100.0], [3209.25, 328.0], [3209.5, 1100.0], [3209.75, 328.0], [3210.0, 1100.0], [3210.25, 9019.0], [3210.5, 24640.0], [3210.75, 14280.0], [3213.25, 7627.0], [3213.5, 25550.0], [3214.75, 13039.0], [3215.0, 49414.0], [3216.0, 19.0], [3217.25, 400.0], [3217.5, 40000.0]]}}}
{"jsonrpc": "2.0", "method": "subscription", "params": {"channel": "book.ETH-21NOV25.none.20.100ms", "data": {"timestamp": 1763270564861, "change_id": 97092359638, "instrument_name": "ETH-21NOV25", "bids": [[3206.5, 3289.0], [3206.25, 1330.0], [3206.0, 2069.0], [3205.75, 9263.0], [3204.75, 328.0], [3204.5, 1100.0], [3204.25, 4260.0], [3204.0, 14271.0], [3203.25, 3630.0], [3203.0, 12160.0], [3202.25, 8214.0], [3202.0, 24697.0], [3201.75, 4407.0], [3201.25, 24812.0], [3201.0, 9324.0], [3200.75, 48590.0], [3198.75, 17630.0], [3198.5, 40000.0], [3198.25, 400.0], [3197.5, 49247.0]], "asks": [[3207.0, 328.0], [3207.25, 2043.0], [3207.5, 4099.0], [3207.75, 1100.0], [3208.0, 80.0], [3208.5, 1100.0], [3208.75, 328.0], [3209.0, 1100.0], [3209.25, 328.0], [3209.5, 1100.0], [3209.75, 328.0], [3210.0, 1100.0], [3210.25, 9019.0], [3210.5, 24640.0], [3210.75, 14280.0], [3213.25, 7627.0], [3213.5, 25550.0], [3214.75, 13039.0], [3215.0, 49414.0], [3216.0, 19.0]]}}}
{"jsonrpc": "2.0", "method": "subscription", "params": {"channel": "book.ETH-21NOV25.none.20.100ms", "data": {"timestamp": 1763270565212, "change_id": 97092360116, "instrument_name": "ETH-21NOV25", "bids": [[3206.75, 3289.0], [3206.5, 1100.0], [3206.25, 1658.0], [3206.0, 2069.0], [3205.75, 9263.0], [3204.75, 328.0], [3204.5, 1100.0], [3204.25, 4260.0], [3204.0, 14271.0], [3203.25, 3630.0], [3203.0, 12160.0], [3202.25, 8214.0], [3202.0, 24697.0], [3201.75, 4407.0], [3201.25, 24812.0], [3201.0, 9324.0], [3200.75, 48590.0], [3198.75, 17630.0], [3198.5, 40000.0], [3198.25, 400.0]], "asks": [[3207.25, 943.0], [3207.5, 4099.0], [3207.75, 1100.0], [3208.0, 80.0], [3208.5, 1100.0], [3208.75, 328.0], [3209.0, 1100.0], [3209.25, 328.0], [3209.5, 1100.0], [3209.75, 328.0], [3210.0, 1100.0], [3210.25, 9019.0], [3210.5, 24640.0], [3210.75, 14280.0], [3213.25, 7627.0], [3213.5, 25550.0], [3214.75, 13039.0], [3215.0, 49414.0], [3216.0, 19.0], [3217.25, 400.0]]}}}
{"jsonrpc": "2.0", "method": "subscription", "params": {"channel": "book.ETH-21NOV25.none.20.100ms", "data": {"timestamp": 1763270565486, "change_id": 97092360613, "instrument_name": "ETH-21NOV25", "bids": [[3206.75, 3289.0], [3206.5, 1100.0], [3206.25, 1658.0], [3206.0, 2069.0], [3205.75, 9263.0], [3204.75, 328.0], [3204.5, 1100.0], [3204.25, 4260.0], [3204.0, 14271.0], [3203.5, 12160.0], [3202.5, 329.0], [3202.25, 8214.0], [3202.0, 24697.0], [3201.75, 4407.0], [3201.5, 24812.0], [3201.0, 9324.0], [3200.75, 48590.0], [3198.75, 17630.0], [3198.5, 40000.0], [3198.25, 400.0]], "asks": [[3207.25, 289.0], [3207.5, 2190.0], [3207.75, 3289.0], [3208.0, 80.0], [3208.25, 328.0], [3208.5, 1100.0], [3208.75, 328.0], [3209.0, 1100.0], [3209.25, 328.0], [3209.5, 1100.0], [3209.75, 328.0], [3210.0, 1100.0], [3210.25, 9019.0], [3210.5, 24640.0], [3210.75, 14280.0], [3213.25, 7627.0], [3213.5, 25550.0], [3214.75, 13039.0], [3215.0, 49414.0], [3216.0, 19.0]]}}}
{"jsonrpc": "2.0", "method": "subscription", "params": {"channel": "book.ETH-21NOV25.none.20.100ms", "data": {"timestamp": 1763270565869, "change_id": 97092360910, "instrument_name": "ETH-21NOV25", "bids": [[3206.75, 2189.0], [3206.5, 1100.0], [3206.25, 2758.0], [3206.0, 2069.0], [3205.75, 9263.0], [3204.75, 328.0], [3204.5, 1100.0], [3204.25, 4260.0], [3204.0, 14271.0], [3203.5, 12160.0], [3202.5, 329.0], [3202.25, 8214.0], [3202.0, 24697.0], [3201.75, 4407.0], [3201.5, 24812.0], [3201.0, 9324.0], [3200.75, 48590.0], [3198.75, 17630.0], [3198.5, 40000.0], [3198.25, 400.0]], "asks": [[3207.25, 289.0], [3207.5, 2190.0], [3207.75, 3641.0], [3208.0, 1180.0], [3208.25, 328.0], [3208.5, 1100.0], [3208.75, 328.0], [3209.0, 1100.0], [3210.25, 9019.0], [3210.5, 24640.0], [3210.75, 14280.0], [3213.25, 7627.0], [3213.5, 25550.0], [3214.75, 13039.0], [3215.0, 49414.0], [3216.0, 19.0], [3217.25, 400.0], [3217.5, 40000.0], [3217.75, 500.0], [3218.0, 19.0]]}}}
{"jsonrpc": "2.0", "method": "subscription", "params": {"channel": "book.ETH-21NOV25.none.20.100ms", "data": {"timestamp": 1763270566149, "change_id": 97092361255, "instrument_name": "ETH-21NOV25", "bids": [[3206.5, 3289.0], [3206.25, 2758.0], [3206.0, 2069.0], [3205.75, 9263.0], [3204.75, 328.0], [3204.5, 1100.0], [3204.25, 4260.0], [3204.0, 14271.0], [3203.5, 12160.0], [3202.5, 329.0], [3202.25, 8214.0], [3202.0, 24697.0], [3201.75, 4407.0], [3201.5, 24812.0], [3201.0, 9324.0], [3200.75, 48590.0], [3198.75, 17630.0], [3198.5, 40000.0], [3198.25, 400.0], [3197.5, 49247.0]], "asks": [[3207.25, 990.0], [3207.5, 3767.0], [3207.75, 1452.0], [3208.0, 1180.0], [3208.25, 328.0], [3208.5, 1100.0], [3208.75, 328.0], [3209.0, 1100.0], [3210.25, 9019.0], [3210.5, 24640.0], [3210.75, 14280.0], [3213.25, 7627.0], [3213.5, 25550.0], [3214.75, 13039.0], [3215.0, 49414.0], [3216.0, 19.0], [3217.25, 400.0], [3217.5, 40000.0], [3217.75, 500.0], [3218.0, 19.0]]}}}
{"jsonrpc": "2.0", "method": "subscription", "params": {"channel": "book.ETH-21NOV25.none.20.100ms", "data": {"timestamp": 1763270566838, "change_id": 97092362086, "instrument_name": "ETH-21NOV25", "bids": [[3206.75, 3289.0], [3206.5, 1100.0], [3206.25, 2758.0], [3206.0, 2069.0], [3205.75, 9263.0], [3204.75, 328.0], [3204.5, 1100.0], [3204.25, 4260.0], [3204.0, 14271.0], [3203.5, 12160.0], [3202.5, 329.0], [3202.25, 8214.0], [3202.0, 24697.0], [3201.75, 4407.0], [3201.5, 24812.0], [3201.0, 9324.0], [3200.75, 48590.0], [3198.75, 17630.0], [3198.5, 40000.0], [3198.25, 400.0]], "asks": [[3207.25, 289.0], [3207.5, 2190.0], [3207.75, 3641.0], [3208.0, 1180.0], [3210.25, 9019.0], [3210.5, 24640.0], [3210.75, 14280.0], [3213.25, 7627.0], [3213.5, 25550.0], [3214.75, 13039.0], [3215.0, 49414.0], [3216.0, 19.0], [3217.25, 400.0], [3217.5, 40000.0], [3217.75, 500.0], [3218.0, 19.0], [3219.0, 19.0], [3219.5, 51127.0], [3221.0, 19.0], [3222.0, 21074.0]]}}}
{"jsonrpc": "2.0", "method": "subscription", "params": {"channel": "book.ETH-21NOV25.none.20.100ms", "data": {"timestamp": 1763270567110, "change_id": 97092362440, "instrument_name": "ETH-21NOV25", "bids": [[3206.5, 3289.0], [3206.25, 2758.0], [3206.0, 2069.0], [3205.75, 9263.0], [3204.75, 328.0], [3204.5, 1100.0], [3204.25, 4260.0], [3204.0, 14271.0], [3203.5, 12160.0], [3202.5, 329.0], [3202.25, 8214.0], [3202.0, 24697.0], [3201.75, 4407.0], [3201.5, 24812.0], [3201.0, 9324.0], [3200.75, 48590.0], [3198.75, 17630.0], [3198.5, 40000.0], [3198.25, 400.0], [3197.5, 49247.0]], "asks": [[3207.25, 990.0], [3207.5, 3767.0], [3207.75, 1452.0], [3208.0, 1180.0], [3210.25, 9019.0], [3210.5, 24640.0], [3210.75, 14280.0], [3213.25, 7627.0], [3213.5, 25550.0], [3214.75, 13039.0], [3215.0, 49414.0], [3216.0, 19.0], [3217.25, 400.0], [3217.5, 40000.0], [3217.75, 500.0], [3218.0, 19.0], [3219.0, 19.0], [3219.5, 51127.0], [3221.0, 19.0], [3222.0, 21074.0]]}}}
{"jsonrpc": "2.0", "method": "subscription", "params": {"channel": "book.ETH-21NOV25.none.20.100ms", "data": {"timestamp": 1763270567811, "change_id": 97092363230, "instrument_name": "ETH-21NOV25", "bids": [[3206.5, 3289.0], [3206.25, 2758.0], [3206.0, 2069.0], [3205.75, 9263.0], [3204.75, 328.0], [3204.5, 1100.0], [3204.25, 4260.0], [3204.0, 14271.0], [3203.5, 12160.0], [3202.5, 329.0], [3202.25, 8214.0], [3202.0, 24697.0], [3201.75, 4407.0], [3201.5, 24812.0], [3201.0, 9324.0], [3200.75, 48590.0], [3198.75, 17630.0], [3198.5, 40000.0], [3198.25, 400.0], [3197.5, 49247.0]], "asks": [[3207.25, 990.0], [3207.5, 3767.0], [3207.75, 1100.0], [3208.0, 80.0], [3210.25, 9019.0], [3210.5, 24640.0], [3210.75, 14280.0], [3213.25, 7627.0], [3213.5, 25550.0], [3214.75, 13039.0], [3215.0, 49414.0], [3216.0, 19.0], [3217.25, 400.0], [3217.5, 40000.0], [3217.75, 500.0], [3218.0, 19.0], [3219.0, 19.0], [3219.5, 51127.0], [3221.0, 19.0], [3222.0, 21074.0]]}}}
{"jsonrpc": "2.0", "method": "subscription", "params": {"channel": "book.ETH-21NOV25.none.20.100ms", "data": {"timestamp": 1763270568816, "change_id": 97092364317, "instrument_name": "ETH-21NOV25", "bids": [[3206.5, 3289.0], [3206.25, 2758.0], [3206.0, 2069.0], [3205.75, 9263.0], [3204.75, 328.0], [3204.5, 1100.0], [3204.25, 4260.0], [3204.0, 14271.0], [3203.5, 12160.0], [3202.5, 329.0], [3202.25, 8214.0], [3202.0, 24697.0], [3201.75, 4407.0], [3201.5, 24812.0], [3201.0, 9324.0], [3200.75, 48590.0], [3198.75, 17630.0], [3198.5, 40000.0], [3198.25, 400.0], [3197.5, 49247.0]], "asks": [[3207.0, 328.0], [3207.25, 2090.0], [3207.5, 3767.0], [3207.75, 1100.0], [3208.0, 80.0], [3210.25, 9019.0], [3210.5, 24640.0], [3210.75, 14280.0], [3213.25, 7627.0], [3213.5, 25550.0], [3214.75, 13039.0], [3215.0, 49414.0], [3216.0, 19.0], [3217.25, 400.0], [3217.5, 40000.0], [3217.75, 500.0], [3218.0, 19.0], [3219.0, 19.0], [3219.5, 51127.0], [3221.0, 19.0]]}}}
{"jsonrpc": "2.0", "method": "subscription", "params": {"channel": "book.ETH-21NOV25.none.20.100ms", "data": {"timestamp": 1763270568911, "change_id": 97092364332, "instrument_name": "ETH-21NOV25", "bids": [[3206.5, 3289.0], [3206.25, 2758.0], [3206.0, 2069.0], [3205.75, 9263.0], [3204.75, 328.0], [3204.5, 1100.0], [3204.25, 4260.0], [3204.0, 14271.0], [3203.5, 12160.0], [3202.5, 329.0], [3202.25, 8214.0], [3202.0, 24697.0], [3201.75, 4407.0], [3201.5, 24812.0], [3201.0, 9324.0], [3200.75, 48590.0], [3198.75, 17630.0], [3198.5, 40000.0], [3198.25, 400.0], [3197.5, 49247.0]], "asks": [[3207.25, 990.0], [3207.5, 3767.0], [3207.75, 1100.0], [3208.0, 80.0], [3210.25, 9019.0], [3210.5, 24640.0], [3210.75, 14280.0], [3213.25, 7627.0], [3213.5, 25550.0], [3214.75, 13039.0], [3215.0, 49414.0], [3216.0, 19.0], [3217.25, 400.0], [3217.5, 40000.0], [3217.75, 500.0], [3218.0, 19.0], [3219.0, 19.0], [3219.5, 51127.0], [3221.0, 19.0], [3222.0, 21074.0]]}}}
{"jsonrpc": "2.0", "method": "subscription", "params": {"channel": "book.ETH-21NOV25.none.20.100ms", "data": {"timestamp": 1763270569455, "change_id": 97092365082, "instrument_name": "ETH-21NOV25", "bids": [[3206.5, 3289.0], [3206.25, 2758.0], [3206.0, 2069.0], [3205.75, 9263.0], [3204.75, 328.0], [3204.5, 1100.0], [3204.25, 4260.0], [3204.0, 14271.0], [3203.75, 12160.0], [3202.5, 329.0], [3202.25, 8214.0], [3202.0, 24697.0], [3201.75, 4407.0], [3201.25, 24812.0], [3201.0, 9324.0], [3200.75, 48590.0], [3198.75, 17630.0], [3198.5, 40000.0], [3198.25, 400.0], [3197.5, 49247.0]], "asks": [[3207.0, 373.0], [3207.25, 1866.0], [3207.5, 2517.0], [3207.75, 1100.0], [3208.0, 80.0], [3210.25, 9019.0], [3210.5, 24640.0], [3210.75, 14280.0], [3213.25, 7627.0], [3213.5, 25550.0], [3214.75, 13039.0], [3215.0, 49414.0], [3216.0, 19.0], [3217.25, 400.0], [3217.5, 40000.0], [3217.75, 500.0], [3218.0, 19.0], [3219.0, 19.0], [3219.5, 51127.0], [3221.0, 19.0]]}}}
{"jsonrpc": "2.0", "method": "subscription", "params": {"channel": "book.ETH-21NOV25.none.20.100ms", "data": {"timestamp": 1763270569826, "change_id": 97092365920, "instrument_name": "ETH-21NOV25", "bids": [[3206.0, 3289.0], [3205.75, 10513.0], [3205.5, 80.0], [3203.75, 3630.0], [3203.5, 12160.0], [3203.25, 4110.0], [3203.0, 13769.0], [3202.5, 329.0], [3202.25, 8214.0], [3202.0, 24697.0], [3201.75, 4407.0], [3201.25, 24812.0], [3201.0, 9324.0], [3200.75, 48590.0], [3198.75, 17630.0], [3198.5, 40000.0], [3198.25, 400.0], [3197.5, 49247.0], [3194.75, 45.0], [3193.5, 76795.0]], "asks": [[3206.75, 1753.0], [3207.0, 2843.0], [3207.25, 2350.0], [3207.5, 328.0], [3207.75, 1100.0], [3208.0, 80.0], [3210.25, 9019.0], [3210.5, 24640.0], [3210.75, 14280.0], [3213.25, 7627.0], [3213.5, 25550.0], [3214.75, 13039.0], [3215.0, 49414.0], [3216.0, 19.0], [3217.25, 400.0], [3217.5, 40000.0], [3217.75, 500.0], [3218.0, 19.0], [3219.0, 19.0], [3219.5, 51127.0]]}}}
{"jsonrpc": "2.0", "method": "subscription", "params": {"channel": "book.ETH-21NOV25.none.20.100ms", "data": {"timestamp": 1763270570067, "change_id": 97092366210, "instrument_name": "ETH-21NOV25", "bids": [[3206.0, 4539.0], [3205.5, 80.0], [3203.75, 3630.0], [3203.5, 12160.0], [3203.25, 4110.0], [3203.0, 13769.0], [3202.5, 329.0], [3202.25, 8214.0], [3202.0, 24697.0], [3201.75, 4407.0], [3201.25, 24812.0], [3201.0, 9324.0], [3200.75, 48590.0], [3198.75, 17630.0], [3198.5, 40000.0], [3198.25, 400.0], [3197.5, 49247.0], [3194.75, 45.0], [3193.5, 76795.0], [3193.25, 2.0]], "asks": [[3206.75, 943.0], [3207.0, 3812.0], [3207.25, 1100.0], [3207.5, 328.0], [3207.75, 1100.0], [3208.0, 80.0], [3210.25, 9019.0], [3210.5, 24640.0], [3210.75, 14280.0], [3213.25, 7627.0], [3213.5, 25550.0], [3214.75, 13039.0], [3215.0, 49414.0], [3216.0, 19.0], [3217.25, 400.0], [3217.5, 40000.0], [3217.75, 500.0], [3218.0, 19.0], [3219.0, 19.0], [3219.5, 51127.0]]}}}
{"jsonrpc": "2.0", "method": "subscription", "params": {"channel": "book.ETH-21NOV25.none.20.100ms", "data": {"timestamp": 1763270570413, "change_id": 97092366897, "instrument_name": "ETH-21NOV25", "bids": [[3206.25, 3289.0], [3206.0, 2350.0], [3205.75, 912.0], [3205.5, 18512.0], [3203.75, 3630.0], [3203.5, 12160.0], [3203.25, 4110.0], [3203.0, 13769.0], [3202.5, 329.0], [3202.25, 8214.0], [3202.0, 24697.0], [3201.75, 4407.0], [3201.25, 24812.0], [3201.0, 9324.0], [3200.75, 48590.0], [3198.75, 17630.0], [3198.5, 40000.0], [3198.25, 400.0], [3197.5, 49247.0], [3194.75, 45.0]], "asks": [[3207.0, 2184.0], [3207.25, 3289.0], [3207.5, 328.0], [3207.75, 1100.0], [3208.0, 80.0], [3210.25, 9019.0], [3210.5, 24640.0], [3210.75, 14280.0], [3213.25, 7627.0], [3213.5, 25550.0], [3214.75, 13039.0], [3215.0, 49414.0], [3216.0, 19.0], [3217.25, 400.0], [3217.5, 40000.0], [3217.75, 500.0], [3218.0, 19.0], [3219.0, 19.0], [3219.5, 51127.0], [3221.0, 19.0]]}}}
{"jsonrpc": "2.0", "method": "subscription", "params": {"channel": "book.ETH-21NOV25.none.20.100ms", "data": {"timestamp": 1763270570799, "change_id": 97092367410, "instrument_name": "ETH-21NOV25", "bids": [[3206.25, 3289.0], [3206.0, 2678.0], [3205.75, 2012.0], [3205.5, 18512.0], [3203.75, 3630.0], [3203.5, 12160.0], [3203.25, 4110.0], [3203.0, 13769.0], [3202.5, 329.0], [3202.25, 8214.0], [3202.0, 24697.0], [3201.75, 4407.0], [3201.25, 24812.0], [3201.0, 9324.0], [3200.75, 48590.0], [3198.75, 17630.0], [3198.5, 40000.0], [3198.25, 400.0], [3197.5, 49247.0], [3194.75, 45.0]], "asks": [[3206.75, 1073.0], [3207.0, 4249.0], [3207.25, 1100.0], [3207.5, 328.0], [3207.75, 1100.0], [3208.0, 80.0], [3210.25, 9019.0], [3210.5, 24640.0], [3210.75, 14280.0], [3213.25, 7627.0], [3213.5, 25550.0], [3214.75, 13039.0], [3215.0, 49414.0], [3216.0, 19.0], [3217.25, 400.0], [3217.5, 40000.0], [3217.75, 500.0], [3218.0, 19.0], [3219.0, 19.0], [3219.5, 51127.0]]}}}
{"jsonrpc": "2.0", "method": "subscription", "params": {"channel": "book.ETH-21NOV25.none.20.100ms", "data": {"timestamp": 1763270571590, "change_id": 97092368497, "instrument_name": "ETH-21NOV25", "bids": [[3206.5, 1526.0], [3206.25, 1100.0], [3206.0, 2678.0], [3205.75, 2012.0], [3205.5, 18512.0], [3203.75, 3630.0], [3203.5, 12160.0], [3203.25, 4110.0], [3203.0, 13769.0], [3202.5, 329.0], [3202.25, 8214.0], [3202.0, 24697.0], [3201.75, 4407.0], [3201.25, 24812.0], [3201.0, 9324.0], [3200.75, 48590.0], [3198.75, 17630.0], [3198.5, 40000.0], [3198.25, 400.0], [3197.5, 49247.0]], "asks": [[3207.0, 4249.0], [3207.25, 1100.0], [3207.5, 328.0], [3207.75, 1100.0], [3208.0, 80.0], [3210.25, 9019.0], [3210.5, 24640.0], [3210.75, 14280.0], [3213.25, 7627.0], [3213.5, 25550.0], [3214.75, 13039.0], [3215.0, 49414.0], [3216.0, 19.0], [3217.25, 400.0], [3217.5, 40000.0], [3217.75, 500.0], [3218.0, 19.0], [3219.0, 19.0], [3219.5, 51127.0], [3221.0, 19.0]]}}}
{"jsonrpc": "2.0", "method": "subscription", "params": {"channel": "book.ETH-21NOV25.none.20.100ms", "data": {"timestamp": 1763270572807, "change_id": 97092369864, "instrument_name": "ETH-21NOV25", "bids": [[3206.5, 2626.0], [3206.25, 1100.0], [3206.0, 2678.0], [3205.75, 1100.0], [3205.5, 80.0], [3203.75, 3630.0], [3203.5, 12160.0], [3203.25, 4110.0], [3203.0, 13769.0], [3202.5, 329.0], [3202.25, 8214.0], [3202.0, 24697.0], [3201.75, 4407.0], [3201.25, 24812.0], [3201.0, 9324.0], [3200.75, 48590.0], [3198.75, 17630.0], [3198.5, 40000.0], [3198.25, 400.0], [3197.5, 49247.0]], "asks": [[3207.0, 3149.0], [3207.25, 1100.0], [3207.5, 328.0], [3207.75, 1100.0], [3208.0, 80.0], [3210.25, 9019.0], [3210.5, 24640.0], [3210.75, 14280.0], [3213.25, 7627.0], [3213.5, 25550.0], [3214.75, 13039.0], [3215.0, 49414.0], [3216.0, 19.0], [3217.25, 400.0], [3217.5, 40000.0], [3217.75, 500.0], [3218.0, 19.0], [3219.0, 19.0], [3219.5, 51127.0], [3221.0, 19.0]]}}}
{"jsonrpc": "2.0", "method": "subscription", "params": {"channel": "book.ETH-21NOV25.none.20.100ms", "data": {"timestamp": 1763270573160, "change_id": 97092370254, "instrument_name": "ETH-21NOV25", "bids": [[3206.5, 1526.0], [3206.25, 1100.0], [3206.0, 1428.0], [3205.75, 19533.0], [3205.5, 80.0], [3203.75, 3630.0], [3203.5, 12533.0], [3203.25, 5360.0], [3203.0, 13769.0], [3202.5, 329.0], [3202.25, 8214.0], [3202.0, 24697.0], [3201.75, 4407.0], [3201.25, 24812.0], [3201.0, 9324.0], [3200.75, 48590.0], [3198.75, 17630.0], [3198.5, 40000.0], [3198.25, 400.0], [3197.5, 49247.0]], "asks": [[3207.0, 3149.0], [3207.25, 1100.0], [3207.5, 328.0], [3207.75, 1100.0], [3208.0, 80.0], [3210.25, 9019.0], [3210.5, 24640.0], [3210.75, 14280.0], [3213.25, 7627.0], [3213.5, 25550.0], [3214.75, 13039.0], [3215.0, 49414.0], [3216.0, 19.0], [3217.25, 400.0], [3217.5, 40000.0], [3217.75, 500.0], [3218.0, 19.0], [3219.0, 19.0], [3219.5, 51127.0], [3221.0, 19.0]]}}}
{"jsonrpc": "2.0", "method": "subscription", "params": {"channel": "book.ETH-21NOV25.none.20.100ms", "data": {"timestamp": 1763270573449, "change_id": 97092370696, "instrument_name": "ETH-21NOV25", "bids": [[3206.5, 1526.0], [3206.25, 1100.0], [3206.0, 1428.0], [3205.75, 1100.0], [3205.5, 80.0], [3203.75, 3630.0], [3203.5, 13410.0], [3203.25, 4110.0], [3203.0, 13769.0], [3202.5, 329.0], [3202.25, 8214.0], [3202.0, 24697.0], [3201.75, 4407.0], [3201.25, 24812.0], [3201.0, 9324.0], [3200.75, 48590.0], [3198.75, 17630.0], [3198.5, 40000.0], [3198.25, 400.0], [3197.5, 49247.0]], "asks": [[3207.0, 3149.0], [3207.25, 1100.0], [3207.5, 328.0], [3207.75, 1100.0], [3208.0, 80.0], [3210.25, 9019.0], [3210.5, 24640.0], [3210.75, 14280.0], [3213.25, 7627.0], [3213.5, 25550.0], [3214.75, 13039.0], [3215.0, 49414.0], [3216.0, 19.0], [3217.25, 400.0], [3217.5, 40000.0], [3217.75, 500.0], [3218.0, 19.0], [3219.0, 19.0], [3219.5, 51127.0], [3221.0, 19.0]]}}}
{"jsonrpc": "2.0", "method": "subscription", "params": {"channel": "book.ETH-21NOV25.none.20.100ms", "data": {"timestamp": 1763270573759, "change_id": 97092370919, "instrument_name": "ETH-21NOV25", "bids": [[3206.5, 1526.0], [3206.25, 1100.0], [3206.0, 328.0], [3205.75, 1100.0], [3205.5, 80.0], [3204.0, 1250.0], [3203.75, 3630.0], [3203.5, 12160.0], [3203.25, 4110.0], [3203.0, 13769.0], [3202.5, 329.0], [3202.25, 8214.0], [3202.0, 24697.0], [3201.75, 4407.0], [3201.25, 24812.0], [3201.0, 9324.0], [3200.75, 48590.0], [3198.75, 17630.0], [3198.5, 40000.0], [3198.25, 400.0]], "asks": [[3207.0, 4249.0], [3207.25, 1100.0], [3207.5, 328.0], [3207.75, 1100.0], [3208.0, 80.0], [3210.25, 9019.0], [3210.5, 24640.0], [3210.75, 14280.0], [3213.25, 7627.0], [3213.5, 25550.0], [3214.75, 13039.0], [3215.0, 49414.0], [3216.0, 19.0], [3217.25, 400.0], [3217.5, 40000.0], [3217.75, 500.0], [3218.0, 19.0], [3219.0, 19.0], [3219.5, 51127.0], [3221.0, 19.0]]}}}
{"jsonrpc": "2.0", "method": "subscription", "params": {"channel": "book.ETH-21NOV25.none.20.100ms", "data": {"timestamp": 1763270573980, "change_id": 97092371229, "instrument_name": "ETH-21NOV25", "bids": [[3206.25, 2626.0], [3205.75, 1100.0], [3205.5, 80.0], [3204.0, 1250.0], [3203.75, 3630.0], [3203.5, 12160.0], [3203.25, 4110.0], [3203.0, 13769.0], [3202.5, 329.0], [3202.25, 8214.0], [3202.0, 24697.0], [3201.75, 4407.0], [3201.25, 24812.0], [3201.0, 9324.0], [3200.75, 48590.0], [3198.75, 17630.0], [3198.5, 40000.0], [3198.25, 400.0], [3197.5, 49247.0], [3194.75, 45.0]], "asks": [[3206.75, 2227.0], [3207.0, 2723.0], [3207.25, 1100.0], [3207.5, 408.0], [3207.75, 1100.0], [3210.25, 9019.0], [3210.5, 24640.0], [3210.75, 14280.0], [3213.25, 7627.0], [3213.5, 25550.0], [3214.75, 13039.0], [3215.0, 49414.0], [3216.0, 19.0], [3217.25, 400.0], [3217.5, 40000.0], [3217.75, 500.0], [3218.0, 19.0], [3219.0, 19.0], [3219.5, 51127.0], [3221.0, 19.0]]}}}
{"jsonrpc": "2.0", "method": "subscription", "params": {"channel": "book.ETH-21NOV25.none.20.100ms", "data": {"timestamp": 1763270574448, "change_id": 97092371918, "instrument_name": "ETH-21NOV25", "bids": [[3206.25, 2626.0], [3205.75, 1548.0], [3205.5, 18512.0], [3204.0, 1250.0], [3203.75, 3630.0], [3203.5, 12160.0], [3203.25, 4110.0], [3203.0, 13769.0], [3202.5, 329.0], [3202.25, 8214.0], [3202.0, 24697.0], [3201.75, 4407.0], [3201.25, 24812.0], [3201.0, 9324.0], [3200.75, 48590.0], [3198.75, 17630.0], [3198.5, 40000.0], [3198.25, 400.0], [3197.5, 49247.0], [3194.75, 45.0]], "asks": [[3206.75, 2227.0], [3207.0, 2723.0], [3207.25, 1100.0], [3207.5, 408.0], [3207.75, 1100.0], [3210.25, 9019.0], [3210.5, 24640.0], [3210.75, 14280.0], [3213.25, 7627.0], [3213.5, 25550.0], [3214.75, 13039.0], [3215.0, 49414.0], [3216.0, 19.0], [3217.25, 400.0], [3217.5, 40000.0], [3217.75, 500.0], [3218.0, 19.0], [3219.0, 19.0], [3219.5, 51127.0], [3221.0, 19.0]]}}}
{"jsonrpc": "2.0", "method": "subscription", "params": {"channel": "book.ETH-21NOV25.none.20.100ms", "data": {"timestamp": 1763270574810, "change_id": 97092372362, "instrument_name": "ETH-21NOV25", "bids": [[3206.25, 2560.0], [3205.75, 1100.0], [3205.5, 80.0], [3204.5, 373.0], [3204.25, 1250.0], [3203.75, 3630.0], [3203.5, 12160.0], [3203.25, 4110.0], [3203.0, 13769.0], [3202.5, 329.0], [3202.25, 8214.0], [3202.0, 24697.0], [3201.75, 4407.0], [3201.25, 24812.0], [3201.0, 9324.0], [3200.75, 48590.0], [3198.75, 17630.0], [3198.25, 400.0], [3197.5, 49247.0], [3196.5, 40000.0]], "asks": [[3206.75, 2933.0], [3207.0, 1623.0], [3207.25, 1100.0], [3207.5, 80.0], [3210.25, 9019.0], [3210.5, 24640.0], [3210.75, 14280.0], [3213.25, 7627.0], [3213.5, 25550.0], [3214.75, 13039.0], [3215.0, 49414.0], [3216.0, 19.0], [3217.25, 400.0], [3217.5, 40000.0], [3217.75, 500.0], [3218.0, 19.0], [3219.0, 19.0], [3219.5, 51127.0], [3221.0, 19.0], [3222.0, 21074.0]]}}}
{"jsonrpc": "2.0", "method": "subscription", "params": {"channel": "book.ETH-21NOV25.none.20.100ms", "data": {"timestamp": 1763270574863, "change_id": 97092372541, "instrument_name": "ETH-21NOV25", "bids": [[3206.25, 2560.0], [3205.75, 1100.0], [3205.5, 80.0], [3204.5, 373.0], [3204.25, 1250.0], [3203.25, 4110.0], [3203.0, 17399.0], [3202.75, 12160.0], [3202.5, 329.0], [3202.25, 8214.0], [3202.0, 24697.0], [3201.75, 4407.0], [3201.0, 34136.0], [3200.75, 48590.0], [3198.75, 17630.0], [3198.25, 400.0], [3197.5, 49247.0], [3196.5, 40000.0], [3194.75, 45.0], [3193.5, 76795.0]], "asks": [[3206.75, 1861.0], [3207.0, 3083.0], [3207.25, 1100.0], [3207.5, 80.0], [3210.25, 9019.0], [3210.5, 24640.0], [3210.75, 14280.0], [3213.25, 7627.0], [3213.5, 25550.0], [3214.75, 13039.0], [3215.0, 49414.0], [3216.0, 19.0], [3217.25, 400.0], [3217.5, 40000.0], [3217.75, 500.0], [3218.0, 19.0], [3219.0, 19.0], [3219.5, 51127.0], [3221.0, 19.0], [3222.0, 21074.0]]}}}
{"jsonrpc": "2.0", "method": "subscription", "params": {"channel": "book.ETH-21NOV25.none.20.100ms", "data": {"timestamp": 1763270575214, "change_id": 97092373006, "instrument_name": "ETH-21NOV25", "bids": [[3206.25, 2560.0], [3205.75, 1100.0], [3205.5, 80.0], [3204.5, 1250.0], [3203.25, 4110.0], [3203.0, 17399.0], [3202.75, 12160.0], [3202.5, 329.0], [3202.25, 8214.0], [3202.0, 24697.0], [3201.75, 4407.0], [3201.0, 34136.0], [3200.75, 48590.0], [3198.75, 17630.0], [3198.25, 400.0], [3197.5, 49247.0], [3196.5, 40000.0], [3194.75, 45.0], [3193.5, 76795.0], [3193.25, 2.0]], "asks": [[3206.75, 1861.0], [3207.0, 3083.0], [3207.25, 1100.0], [3207.5, 80.0], [3210.25, 9019.0], [3210.5, 24640.0], [3210.75, 14280.0], [3213.25, 7627.0], [3213.5, 25550.0], [3214.75, 13039.0], [3215.0, 49414.0], [3216.0, 19.0], [3217.25, 400.0], [3217.5, 40000.0], [3217.75, 500.0], [3218.0, 19.0], [3219.0, 19.0], [3219.5, 51127.0], [3221.0, 19.0], [3222.0, 21074.0]]}}}
{"jsonrpc": "2.0", "method": "subscription", "params": {"channel": "book.ETH-21NOV25.none.20.100ms", "data": {"timestamp": 1763270575793, "change_id": 97092373545, "instrument_name": "ETH-21NOV25", "bids": [[3206.25, 2560.0], [3205.75, 1569.0], [3205.5, 12204.0], [3205.0, 373.0], [3204.75, 1250.0], [3203.25, 4110.0], [3203.0, 17399.0], [3202.75, 12160.0], [3202.5, 329.0], [3202.25, 8214.0], [3202.0, 24697.0], [3201.75, 4407.0], [3201.0, 34136.0], [3200.75, 48590.0], [3198.75, 17630.0], [3198.25, 400.0], [3197.5, 49247.0], [3196.5, 40000.0], [3194.75, 45.0], [3193.5, 76795.0]], "asks": [[3206.75, 1861.0], [3207.0, 3083.0], [3207.25, 1100.0], [3207.5, 80.0], [3210.25, 9019.0], [3210.5, 24640.0], [3210.75, 14280.0], [3213.25, 7627.0], [3213.5, 25550.0], [3214.75, 13039.0], [3215.0, 49414.0], [3216.0, 19.0], [3217.25, 400.0], [3217.5, 40000.0], [3217.75, 500.0], [3218.0, 19.0], [3219.0, 19.0], [3219.5, 51127.0], [3221.0, 19.0], [3222.0, 21074.0]]}}}
{"jsonrpc": "2.0", "method": "subscription", "params": {"channel": "book.ETH-21NOV25.none.20.100ms", "data": {"timestamp": 1763270576133, "change_id": 97092374682, "instrument_name": "ETH-21NOV25", "bids": [[3207.5, 1460.0], [3206.75, 1100.0], [3206.5, 1100.0], [3206.25, 1100.0], [3206.0, 80.0], [3205.75, 1100.0], [3205.5, 12124.0], [3205.0, 1250.0], [3203.0, 13769.0], [3202.25, 1101.0], [3202.0, 24697.0], [3201.75, 4407.0], [3201.25, 24812.0], [3201.0, 9324.0], [3200.75, 48590.0], [3198.75, 17630.0], [3198.25, 400.0], [3197.5, 49247.0], [3196.5, 40000.0], [3194.75, 45.0]], "asks": [[3207.75, 1428.0], [3208.0, 1362.0], [3208.25, 1100.0], [3208.5, 1100.0], [3208.75, 80.0], [3210.25, 6615.0], [3210.5, 24640.0], [3211.25, 3521.0], [3211.5, 13647.0], [3213.5, 25550.0], [3215.0, 49414.0], [3216.0, 19.0], [3217.25, 400.0], [3217.5, 40000.0], [3217.75, 500.0], [3218.0, 19.0], [3219.0, 19.0], [3219.5, 51127.0], [3221.0, 19.0], [3222.0, 21074.0]]}}}
{"jsonrpc": "2.0", "method": "subscription", "params": {"channel": "book.ETH-21NOV25.none.20.100ms", "data": {"timestamp": 1763270576425, "change_id": 97092376220, "instrument_name": "ETH-21NOV25", "bids": [[3206.75, 2560.0], [3206.5, 1100.0], [3206.25, 1100.0], [3206.0, 80.0], [3205.75, 1100.0], [3205.5, 13374.0], [3203.25, 12160.0], [3203.0, 13769.0], [3202.25, 1101.0], [3202.0, 24697.0], [3201.75, 4407.0], [3201.25, 24812.0], [3200.75, 48590.0], [3198.75, 17630.0], [3198.25, 400.0], [3197.5, 49247.0], [3196.5, 40000.0], [3194.75, 45.0], [3193.5, 76795.0], [3193.25, 2.0]], "asks": [[3207.5, 1460.0], [3207.75, 1250.0], [3208.0, 1100.0], [3208.25, 1100.0], [3208.5, 1100.0], [3208.75, 80.0], [3210.5, 24640.0], [3211.5, 13647.0], [3213.5, 25550.0], [3215.0, 49414.0], [3216.0, 19.0], [3217.25, 400.0], [3217.5, 40000.0], [3217.75, 500.0], [3218.0, 19.0], [3219.0, 19.0], [3219.5, 51127.0], [3221.0, 19.0], [3222.0, 21074.0], [3222.75, 2.0]]}}}
{"jsonrpc": "2.0", "method": "subscription", "params": {"channel": "book.ETH-21NOV25.none.20.100ms", "data": {"timestamp": 1763270576727, "change_id": 97092377258, "instrument_name": "ETH-21NOV25", "bids": [[3206.75, 2560.0], [3206.25, 1452.0], [3206.0, 1508.0], [3205.75, 1473.0], [3205.5, 1250.0], [3203.75, 3630.0], [3203.5, 12160.0], [3203.25, 4110.0], [3203.0, 13769.0], [3202.5, 329.0], [3202.25, 8473.0], [3202.0, 24697.0], [3201.75, 4407.0], [3201.5, 24812.0], [3200.75, 48590.0], [3198.75, 17630.0], [3198.25, 400.0], [3197.5, 49247.0], [3196.5, 40000.0], [3194.75, 45.0]], "asks": [[3207.25, 809.0], [3207.5, 2710.0], [3207.75, 328.0], [3208.0, 1100.0], [3208.25, 80.0], [3210.25, 7355.0], [3210.5, 24640.0], [3211.25, 3666.0], [3211.5, 13647.0], [3213.5, 25550.0], [3215.0, 49414.0], [3216.0, 19.0], [3217.25, 400.0], [3217.5, 40000.0], [3217.75, 500.0], [3218.0, 19.0], [3219.0, 19.0], [3219.5, 51127.0], [3221.0, 19.0], [3222.0, 21074.0]]}}}
{"jsonrpc": "2.0", "method": "subscription", "params": {"channel": "book.ETH-21NOV25.none.20.100ms", "data": {"timestamp": 1763270577279, "change_id": 97092378300, "instrument_name": "ETH-21NOV25", "bids": [[3207.0, 2560.0], [3206.75, 1100.0], [3206.5, 328.0], [3206.25, 1452.0], [3206.0, 1840.0], [3205.75, 2350.0], [3203.75, 3630.0], [3203.5, 12160.0], [3203.25, 4110.0], [3203.0, 13769.0], [3202.5, 329.0], [3202.25, 8473.0], [3202.0, 24697.0], [3201.75, 4407.0], [3201.5, 24812.0], [3200.75, 48590.0], [3198.75, 17630.0], [3198.25, 400.0], [3197.5, 49247.0], [3196.5, 40000.0]], "asks": [[3207.5, 1686.0], [3207.75, 1788.0], [3208.0, 1100.0], [3208.25, 80.0], [3210.25, 7355.0], [3210.5, 24640.0], [3211.25, 3666.0], [3211.5, 13647.0], [3213.5, 25550.0], [3215.0, 49414.0], [3216.0, 19.0], [3217.25, 400.0], [3217.5, 40000.0], [3217.75, 500.0], [3218.0, 19.0], [3219.0, 19.0], [3219.5, 51127.0], [3221.0, 19.0], [3222.0, 21074.0], [3222.75, 2.0]]}}}
{"jsonrpc": "2.0", "method": "subscription", "params": {"channel": "book.ETH-21NOV25.none.20.100ms", "data": {"timestamp": 1763270577714, "change_id": 97092378885, "instrument_name": "ETH-21NOV25", "bids": [[3207.0, 2560.0], [3206.75, 1100.0], [3206.5, 1428.0], [3206.25, 1452.0], [3206.0, 1330.0], [3203.75, 3630.0], [3203.5, 12160.0], [3203.25, 4110.0], [3203.0, 13769.0], [3202.5, 329.0], [3202.25, 8473.0], [3202.0, 24697.0], [3201.75, 4407.0], [3201.5, 24812.0], [3200.75, 48590.0], [3198.75, 17630.0], [3198.25, 400.0], [3197.5, 49247.0], [3196.5, 40000.0], [3194.75, 45.0]], "asks": [[3207.5, 753.0], [3207.75, 3038.0], [3208.0, 1100.0], [3208.25, 80.0], [3210.25, 7355.0], [3210.5, 24640.0], [3211.25, 3666.0], [3211.5, 13647.0], [3213.5, 25550.0], [3215.0, 49414.0], [3216.0, 19.0], [3217.25, 400.0], [3217.5, 40000.0], [3217.75, 500.0], [3218.0, 19.0], [3219.0, 19.0], [3219.5, 51127.0], [3221.0, 19.0], [3222.0, 21074.0], [3222.75, 2.0]]}}}
{"jsonrpc": "2.0", "method": "subscription", "params": {"channel": "book.ETH-21NOV25.none.20.100ms", "data": {"timestamp": 1763270578703, "change_id": 97092380143, "instrument_name": "ETH-21NOV25", "bids": [[3207.0, 2560.0], [3206.75, 1100.0], [3206.5, 2678.0], [3206.25, 1100.0], [3206.0, 80.0], [3203.75, 3630.0], [3203.5, 12160.0], [3203.25, 4110.0], [3203.0, 13769.0], [3202.5, 329.0], [3202.25, 8473.0], [3202.0, 24697.0], [3201.75, 4407.0], [3201.5, 24812.0], [3200.75, 48590.0], [3198.75, 17630.0], [3198.25, 400.0], [3197.5, 49247.0], [3196.5, 40000.0], [3194.75, 45.0]], "asks": [[3207.5, 753.0], [3207.75, 3038.0], [3208.0, 1100.0], [3208.25, 80.0], [3210.25, 7355.0], [3210.5, 24640.0], [3211.25, 3666.0], [3211.5, 13647.0], [3213.5, 25550.0], [3215.0, 49414.0], [3216.0, 19.0], [3217.25, 400.0], [3217.5, 40000.0], [3217.75, 500.0], [3218.0, 19.0], [3219.0, 19.0], [3219.5, 51127.0], [3221.0, 19.0], [3222.0, 21074.0], [3222.75, 2.0]]}}}
{"jsonrpc": "2.0", "method": "subscription", "params": {"channel": "book.ETH-21NOV25.none.20.100ms", "data": {"timestamp": 1763270579716, "change_id": 97092382025, "instrument_name": "ETH-21NOV25", "bids": [[3207.25, 2560.0], [3207.0, 1100.0], [3206.75, 2350.0], [3206.5, 80.0], [3203.75, 3630.0], [3203.5, 12160.0], [3203.25, 4110.0], [3203.0, 13769.0], [3202.5, 329.0], [3202.25, 8473.0], [3202.0, 49509.0], [3201.75, 4407.0], [3200.75, 48590.0], [3198.75, 17630.0], [3198.25, 400.0], [3197.5, 49247.0], [3196.5, 40000.0], [3194.75, 45.0], [3193.5, 76795.0], [3193.25, 2.0]], "asks": [[3207.75, 764.0], [3208.0, 3220.0], [3208.25, 2678.0], [3208.5, 1428.0], [3208.75, 1100.0], [3209.0, 80.0], [3210.0, 6728.0], [3210.25, 24640.0], [3211.25, 13960.0], [3213.25, 5678.0], [3213.5, 25550.0], [3214.75, 13732.0], [3215.0, 49414.0], [3216.0, 19.0], [3217.25, 400.0], [3217.5, 40000.0], [3218.0, 19.0], [3219.0, 19.0], [3219.5, 51127.0], [3221.0, 19.0]]}}}
{"jsonrpc": "2.0", "method": "subscription", "params": {"channel": "book.ETH-21NOV25.none.20.100ms", "data": {"timestamp": 1763270580054, "change_id": 97092382589, "instrument_name": "ETH-21NOV25", "bids": [[3207.0, 2560.0], [3206.75, 2350.0], [3206.5, 1606.0], [3206.25, 8325.0], [3204.25, 3630.0], [3204.0, 12160.0], [3203.25, 4110.0], [3203.0, 13769.0], [3202.75, 5815.0], [3202.5, 25141.0], [3202.25, 8473.0], [3202.0, 24697.0], [3201.75, 4407.0], [3200.75, 48590.0], [3198.75, 17630.0], [3198.25, 400.0], [3197.5, 49247.0], [3196.5, 40000.0], [3194.75, 45.0], [3193.5, 76795.0]], "asks": [[3207.5, 436.0], [3207.75, 2224.0], [3208.0, 2678.0], [3208.25, 1428.0], [3208.5, 1428.0], [3208.75, 1100.0], [3209.0, 80.0], [3210.0, 6728.0], [3210.25, 24640.0], [3210.5, 500.0], [3211.0, 3063.0], [3211.25, 13960.0], [3213.25, 5678.0], [3213.5, 25550.0], [3214.75, 13732.0], [3215.0, 49414.0], [3216.0, 19.0], [3217.25, 400.0], [3217.5, 40000.0], [3218.0, 19.0]]}}}
{"jsonrpc": "2.0", "method": "subscription", "params": {"channel": "book.ETH-21NOV25.none.20.100ms", "data": {"timestamp": 1763270580391, "change_id": 97092383331, "instrument_name": "ETH-21NOV25", "bids": [[3207.0, 2560.0], [3206.75, 2350.0], [3206.5, 80.0], [3204.25, 3630.0], [3204.0, 12160.0], [3203.25, 4110.0], [3203.0, 13769.0], [3202.5, 4263.0], [3202.25, 33285.0], [3202.0, 24697.0], [3201.75, 4407.0], [3200.75, 48590.0], [3198.75, 17630.0], [3198.25, 400.0], [3197.5, 49247.0], [3196.5, 40000.0], [3194.75, 45.0], [3193.5, 76795.0], [3193.25, 2.0], [3191.5, 750.0]], "asks": [[3207.5, 436.0], [3207.75, 2224.0], [3208.0, 2678.0], [3208.25, 1428.0], [3208.5, 1508.0], [3208.75, 1100.0], [3210.0, 6728.0], [3210.25, 24640.0], [3210.5, 500.0], [3211.0, 3063.0], [3211.25, 13960.0], [3213.25, 5678.0], [3213.5, 25550.0], [3214.75, 13732.0], [3215.0, 49414.0], [3216.0, 19.0], [3217.25, 400.0], [3217.5, 40000.0], [3218.0, 19.0], [3219.0, 19.0]]}}}
{"jsonrpc": "2.0", "method": "subscription", "params": {"channel": "book.ETH-21NOV25.none.20.100ms", "data": {"timestamp": 1763270580682, "change_id": 97092383707, "instrument_name": "ETH-21NOV25", "bids": [[3207.0, 2560.0], [3206.75, 2350.0], [3206.5, 80.0], [3204.25, 3630.0], [3204.0, 12160.0], [3203.25, 4110.0], [3203.0, 13769.0], [3202.5, 4263.0], [3202.25, 33285.0], [3202.0, 24697.0], [3201.75, 4407.0], [3200.75, 48590.0], [3198.75, 17630.0], [3198.25, 400.0], [3197.5, 49247.0], [3196.5, 40000.0], [3194.75, 45.0], [3193.5, 76795.0], [3193.25, 2.0], [3191.5, 750.0]], "asks": [[3207.5, 753.0], [3207.75, 2710.0], [3208.0, 328.0], [3208.25, 1100.0], [3208.5, 80.0], [3209.5, 328.0], [3209.75, 1100.0], [3210.0, 6728.0], [3210.25, 24640.0], [3210.5, 500.0], [3211.0, 3063.0], [3211.25, 13960.0], [3213.25, 5678.0], [3213.5, 25550.0], [3214.75, 13732.0], [3215.0, 49414.0], [3216.0, 19.0], [3217.25, 400.0], [3217.5, 40000.0], [3218.0, 19.0]]}}}
{"jsonrpc": "2.0", "method": "subscription", "params": {"channel": "book.ETH-21NOV25.none.20.100ms", "data": {"timestamp": 1763270581219, "change_id": 97092384401, "instrument_name": "ETH-21NOV25", "bids": [[3207.25, 2560.0], [3207.0, 1100.0], [3206.75, 2350.0], [3206.5, 80.0], [3204.25, 3630.0], [3204.0, 12160.0], [3203.25, 4110.0], [3203.0, 13769.0], [3202.5, 4263.0], [3202.25, 33285.0], [3202.0, 24697.0], [3201.75, 4407.0], [3200.75, 48590.0], [3198.75, 17630.0], [3198.25, 400.0], [3197.5, 49247.0], [3196.5, 40000.0], [3194.75, 45.0], [3193.5, 76795.0], [3193.25, 2.0]], "asks": [[3207.75, 1686.0], [3208.0, 1788.0], [3208.25, 1100.0], [3208.5, 80.0], [3209.5, 328.0], [3209.75, 1100.0], [3210.0, 6728.0], [3210.25, 24640.0], [3210.5, 500.0], [3211.0, 3063.0], [3211.25, 13960.0], [3213.25, 5678.0], [3213.5, 25550.0], [3214.75, 13732.0], [3215.0, 49414.0], [3216.0, 19.0], [3217.25, 400.0], [3217.5, 40000.0], [3218.0, 19.0], [3219.0, 19.0]]}}}
{"jsonrpc": "2.0", "method": "subscription", "params": {"channel": "book.ETH-21NOV25.none.20.100ms", "data": {"timestamp": 1763270581755, "change_id": 97092385086, "instrument_name": "ETH-21NOV25", "bids": [[3207.25, 1460.0], [3207.0, 1100.0], [3206.75, 2350.0], [3206.5, 80.0], [3204.25, 3630.0], [3204.0, 12160.0], [3203.25, 4110.0], [3203.0, 13769.0], [3202.5, 4263.0], [3202.25, 33285.0], [3202.0, 24697.0], [3201.75, 4407.0], [3200.75, 48590.0], [3198.75, 17630.0], [3198.25, 400.0], [3197.5, 49247.0], [3196.5, 40000.0], [3194.75, 45.0], [3193.5, 76795.0], [3193.25, 2.0]], "asks": [[3207.75, 2350.0], [3208.0, 328.0], [3208.25, 1100.0], [3208.5, 80.0], [3209.0, 328.0], [3209.25, 1100.0], [3209.5, 328.0], [3209.75, 1100.0], [3210.0, 6728.0], [3210.25, 24640.0], [3210.5, 500.0], [3211.0, 3063.0], [3211.25, 13960.0], [3213.25, 5678.0], [3213.5, 25550.0], [3214.75, 13732.0], [3215.0, 49414.0], [3216.0, 19.0], [3217.25, 400.0], [3217.5, 40000.0]]}}}
{"jsonrpc": "2.0", "method": "subscription", "params": {"channel": "book.ETH-21NOV25.none.20.100ms", "data": {"timestamp": 1763270581757, "change_id": 97092385090, "instrument_name": "ETH-21NOV25", "bids": [[3207.25, 1460.0], [3207.0, 1100.0], [3206.75, 2350.0], [3206.5, 80.0], [3204.25, 3630.0], [3204.0, 12160.0], [3203.25, 4110.0], [3203.0, 13769.0], [3202.5, 4263.0], [3202.25, 33285.0], [3202.0, 24697.0], [3201.75, 4407.0], [3200.75, 48590.0], [3198.75, 17630.0], [3198.25, 400.0], [3197.5, 49247.0], [3196.5, 40000.0], [3194.75, 45.0], [3193.5, 76795.0], [3193.25, 2.0]], "asks": [[3207.75, 3810.0], [3208.0, 328.0], [3208.25, 1100.0], [3208.5, 80.0], [3209.0, 328.0], [3209.25, 1100.0], [3209.5, 328.0], [3209.75, 1100.0], [3210.0, 6728.0], [3210.25, 24640.0], [3210.5, 500.0], [3211.0, 3063.0], [3211.25, 13960.0], [3213.25, 5678.0], [3213.5, 25550.0], [3214.75, 13732.0], [3215.0, 49414.0], [3216.0, 19.0], [3217.25, 400.0], [3217.5, 40000.0]]}}}
{"jsonrpc": "2.0", "method": "subscription", "params": {"channel": "book.ETH-21NOV25.none.20.100ms", "data": {"timestamp": 1763270582660, "change_id": 97092386291, "instrument_name": "ETH-21NOV25", "bids": [[3207.25, 1460.0], [3207.0, 1100.0], [3206.75, 2350.0], [3206.5, 80.0], [3204.25, 3630.0], [3204.0, 12160.0], [3203.25, 4110.0], [3203.0, 13769.0], [3202.5, 4263.0], [3202.25, 33285.0], [3202.0, 24697.0], [3201.75, 4407.0], [3200.75, 48590.0], [3198.75, 17630.0], [3198.25, 400.0], [3197.5, 49247.0], [3196.5, 40000.0], [3194.75, 45.0], [3193.5, 76795.0], [3193.25, 2.0]], "asks": [[3207.75, 2786.0], [3208.0, 1788.0], [3208.25, 1100.0], [3208.5, 408.0], [3208.75, 1100.0], [3209.0, 328.0], [3209.25, 1100.0], [3209.5, 328.0], [3209.75, 1100.0], [3210.0, 6728.0], [3210.25, 24640.0], [3210.5, 500.0], [3211.0, 3063.0], [3211.25, 13960.0], [3213.25, 5678.0], [3213.5, 25550.0], [3214.75, 13732.0], [3215.0, 49414.0], [3216.0, 19.0], [3217.25, 400.0]]}}}
{"jsonrpc": "2.0", "method": "subscription", "params": {"channel": "book.ETH-21NOV25.none.20.100ms", "data": {"timestamp": 1763270583380, "change_id": 97092387255, "instrument_name": "ETH-21NOV25", "bids": [[3207.0, 1460.0], [3206.75, 1100.0], [3206.5, 453.0], [3206.25, 1250.0], [3204.25, 3630.0], [3204.0, 12160.0], [3203.25, 4110.0], [3203.0, 13769.0], [3202.75, 1315.0], [3202.5, 8670.0], [3202.25, 33285.0], [3202.0, 24697.0], [3200.75, 48590.0], [3198.75, 17630.0], [3198.25, 400.0], [3197.5, 49247.0], [3196.5, 40000.0], [3194.75, 45.0], [3193.5, 76795.0], [3193.25, 2.0]], "asks": [[3207.5, 1048.0], [3207.75, 3810.0], [3208.0, 328.0], [3208.25, 1100.0], [3208.5, 408.0], [3208.75, 1100.0], [3209.0, 328.0], [3209.25, 1100.0], [3209.5, 328.0], [3209.75, 1100.0], [3210.0, 6728.0], [3210.25, 24640.0], [3210.5, 500.0], [3211.0, 3063.0], [3211.25, 13960.0], [3213.25, 5678.0], [3213.5, 25550.0], [3214.75, 13732.0], [3215.0, 49414.0], [3216.0, 19.0]]}}}
{"jsonrpc": "2.0", "method": "subscription", "params": {"channel": "book.ETH-21NOV25.none.20.100ms", "data": {"timestamp": 1763270583706, "change_id": 97092387589, "instrument_name": "ETH-21NOV25", "bids": [[3207.0, 1460.0], [3206.75, 1100.0], [3206.5, 1330.0], [3204.25, 3630.0], [3204.0, 12160.0], [3203.25, 4110.0], [3203.0, 13769.0], [3202.75, 1315.0], [3202.5, 9771.0], [3202.25, 32184.0], [3202.0, 24697.0], [3200.75, 48590.0], [3198.75, 17630.0], [3198.25, 400.0], [3197.5, 49247.0], [3196.5, 40000.0], [3194.75, 45.0], [3193.5, 76795.0], [3193.25, 2.0], [3191.5, 750.0]], "asks": [[3207.5, 2148.0], [3207.75, 3810.0], [3208.0, 328.0], [3208.25, 1100.0], [3208.5, 408.0], [3208.75, 1100.0], [3209.0, 328.0], [3209.25, 1100.0], [3209.5, 328.0], [3209.75, 1100.0], [3210.0, 6728.0], [3210.25, 24640.0], [3210.5, 500.0], [3211.0, 3063.0], [3211.25, 13960.0], [3213.25, 5678.0], [3213.5, 25550.0], [3214.75, 13732.0], [3215.0, 49414.0], [3216.0, 19.0]]}}}
{"jsonrpc": "2.0", "method": "subscription", "params": {"channel": "book.ETH-21NOV25.none.20.100ms", "data": {"timestamp": 1763270584637, "change_id": 97092388698, "instrument_name": "ETH-21NOV25", "bids": [[3207.0, 2560.0], [3206.75, 1100.0], [3206.5, 1330.0], [3204.25, 3630.0], [3204.0, 12160.0], [3203.25, 4110.0], [3203.0, 13769.0], [3202.75, 1315.0], [3202.5, 9771.0], [3202.25, 32184.0], [3202.0, 24697.0], [3200.75, 48590.0], [3198.75, 17630.0], [3198.25, 400.0], [3197.5, 49247.0], [3196.5, 40000.0], [3194.75, 45.0], [3193.5, 76795.0], [3193.25, 2.0], [3191.5, 750.0]], "asks": [[3207.5, 3051.0], [3207.75, 2560.0], [3208.0, 328.0], [3208.25, 1100.0], [3208.5, 408.0], [3208.75, 1100.0], [3209.0, 328.0], [3209.25, 1100.0], [3209.5, 328.0], [3209.75, 1100.0], [3210.0, 6728.0], [3210.25, 24640.0], [3210.5, 500.0], [3211.0, 3063.0], [3211.25, 13960.0], [3213.25, 5678.0], [3213.5, 25550.0], [3214.75, 13732.0], [3215.0, 49414.0], [3216.0, 19.0]]}}}
{"jsonrpc": "2.0", "method": "subscription", "params": {"channel": "book.ETH-21NOV25.none.20.100ms", "data": {"timestamp": 1763270584788, "change_id": 97092388797, "instrument_name": "ETH-21NOV25", "bids": [[3207.0, 1460.0], [3206.75, 1100.0], [3206.5, 1330.0], [3204.25, 3630.0], [3204.0, 12160.0], [3203.25, 4110.0], [3203.0, 13769.0], [3202.75, 1315.0], [3202.5, 9771.0], [3202.25, 32184.0], [3202.0, 24697.0], [3200.75, 48590.0], [3198.75, 17630.0], [3198.25, 400.0], [3197.5, 49247.0], [3196.5, 40000.0], [3194.75, 45.0], [3193.5, 76795.0], [3193.25, 2.0], [3191.5, 750.0]], "asks": [[3207.5, 3051.0], [3207.75, 2560.0], [3208.0, 328.0], [3208.25, 1100.0], [3208.5, 408.0], [3208.75, 1100.0], [3209.0, 328.0], [3209.25, 1100.0], [3209.5, 328.0], [3209.75, 1100.0], [3210.0, 6728.0], [3210.25, 24640.0], [3210.5, 500.0], [3211.0, 3063.0], [3211.25, 13960.0], [3213.25, 5678.0], [3213.5, 25550.0], [3214.75, 13732.0], [3215.0, 49414.0], [3216.0, 19.0]]}}}
{"jsonrpc": "2.0", "method": "subscription", "params": {"channel": "book.ETH-21NOV25.none.20.100ms", "data": {"timestamp": 1763270585386, "change_id": 97092389711, "instrument_name": "ETH-21NOV25", "bids": [[3207.0, 1460.0], [3206.75, 1100.0], [3206.5, 1330.0], [3204.75, 3630.0], [3204.5, 12160.0], [3203.25, 4110.0], [3203.0, 13769.0], [3202.75, 1315.0], [3202.5, 9771.0], [3202.25, 32184.0], [3202.0, 24697.0], [3200.75, 48590.0], [3198.75, 17630.0], [3198.25, 400.0], [3197.5, 49247.0], [3196.5, 40000.0], [3194.75, 45.0], [3193.5, 76795.0], [3193.25, 2.0], [3191.5, 750.0]], "asks": [[3207.5, 3051.0], [3207.75, 2560.0], [3208.0, 328.0], [3208.25, 1100.0], [3208.5, 408.0], [3208.75, 1100.0], [3209.0, 328.0], [3209.25, 1100.0], [3209.5, 328.0], [3209.75, 1100.0], [3210.0, 6728.0], [3210.25, 24640.0], [3210.5, 500.0], [3211.0, 3063.0], [3211.25, 13960.0], [3213.25, 5678.0], [3213.5, 25550.0], [3214.75, 13732.0], [3215.0, 49414.0], [3216.0, 19.0]]}}}
{"jsonrpc": "2.0", "method": "subscription", "params": {"channel": "book.ETH-21NOV25.none.20.100ms", "data": {"timestamp": 1763270585719, "change_id": 97092390008, "instrument_name": "ETH-21NOV25", "bids": [[3206.75, 2560.0], [3206.5, 1330.0], [3205.25, 328.0], [3205.0, 1100.0], [3204.75, 3630.0], [3204.5, 12160.0], [3203.25, 4110.0], [3203.0, 13769.0], [3202.75, 1315.0], [3202.5, 9771.0], [3202.25, 32184.0], [3202.0, 24697.0], [3200.75, 48590.0], [3198.75, 17630.0], [3198.25, 400.0], [3197.5, 49247.0], [3196.5, 40000.0], [3194.75, 45.0], [3193.5, 76795.0], [3193.25, 2.0]], "asks": [[3207.25, 702.0], [3207.5, 2678.0], [3207.75, 1100.0], [3208.0, 328.0], [3208.25, 1100.0], [3208.5, 408.0], [3208.75, 1100.0], [3209.0, 328.0], [3209.25, 1100.0], [3209.5, 328.0], [3209.75, 1100.0], [3210.0, 6728.0], [3210.25, 24640.0], [3210.5, 500.0], [3211.0, 3063.0], [3211.25, 13960.0], [3213.25, 5678.0], [3213.5, 25550.0], [3214.75, 13732.0], [3215.0, 49414.0]]}}}
{"jsonrpc": "2.0", "method": "subscription", "params": {"channel": "book.ETH-21NOV25.none.20.100ms", "data": {"timestamp": 1763270586027, "change_id": 97092390828, "instrument_name": "ETH-21NOV25", "bids": [[3206.25, 1100.0], [3206.0, 2350.0], [3205.75, 80.0], [3203.25, 4110.0], [3203.0, 13769.0], [3202.75, 1315.0], [3202.5, 5837.0], [3202.25, 7372.0], [3202.0, 24697.0], [3201.25, 24812.0], [3200.75, 48590.0], [3198.75, 17630.0], [3198.25, 400.0], [3197.5, 49247.0], [3196.5, 40000.0], [3194.75, 45.0], [3193.5, 76795.0], [3193.25, 2.0], [3191.5, 750.0], [3190.75, 11.0]], "asks": [[3206.75, 1788.0], [3207.0, 1100.0], [3207.25, 702.0], [3207.5, 2678.0], [3207.75, 1100.0], [3208.0, 408.0], [3208.25, 1100.0], [3208.5, 328.0], [3208.75, 5964.0], [3209.0, 24968.0], [3209.25, 1100.0], [3209.5, 328.0], [3209.75, 1100.0], [3210.5, 500.0], [3211.0, 3063.0], [3211.25, 13960.0], [3213.25, 5678.0], [3213.5, 25550.0], [3214.75, 13732.0], [3215.0, 49414.0]]}}}
{"jsonrpc": "2.0", "method": "subscription", "params": {"channel": "book.ETH-21NOV25.none.20.100ms", "data": {"timestamp": 1763270586377, "change_id": 97092391825, "instrument_name": "ETH-21NOV25", "bids": [[3206.75, 1460.0], [3206.5, 1428.0], [3206.25, 1724.0], [3206.0, 2350.0], [3205.75, 1815.0], [3205.5, 10439.0], [3204.5, 3630.0], [3204.25, 12160.0], [3204.0, 500.0], [3203.25, 4110.0], [3203.0, 13769.0], [3202.75, 1315.0], [3202.5, 5837.0], [3202.25, 7372.0], [3202.0, 24697.0], [3201.25, 24812.0], [3200.75, 48590.0], [3198.75, 17630.0], [3198.25, 400.0], [3197.5, 49247.0]], "asks": [[3207.25, 328.0], [3207.5, 1760.0], [3207.75, 2976.0], [3208.0, 2346.0], [3208.25, 1100.0], [3208.5, 328.0], [3208.75, 6044.0], [3209.0, 24968.0], [3209.25, 1100.0], [3209.5, 328.0], [3209.75, 1100.0], [3210.5, 500.0], [3211.0, 3063.0], [3211.25, 13960.0], [3213.25, 5678.0], [3213.5, 25550.0], [3214.75, 13732.0], [3215.0, 49414.0], [3216.0, 19.0], [3217.25, 400.0]]}}}
{"jsonrpc": "2.0", "method": "subscription", "params": {"channel": "book.ETH-21NOV25.none.20.100ms", "data": {"timestamp": 1763270586709, "change_id": 97092392319, "instrument_name": "ETH-21NOV25", "bids": [[3206.5, 2560.0], [3206.25, 1724.0], [3206.0, 2350.0], [3205.75, 1815.0], [3204.75, 1886.0], [3204.5, 12160.0], [3204.0, 500.0], [3203.25, 4110.0], [3203.0, 13769.0], [3202.75, 1315.0], [3202.5, 5837.0], [3202.25, 7372.0], [3202.0, 24697.0], [3201.5, 24812.0], [3200.75, 48590.0], [3198.75, 17630.0], [3198.25, 400.0], [3197.5, 49247.0], [3196.5, 40000.0], [3194.75, 45.0]], "asks": [[3207.0, 764.0], [3207.25, 2888.0], [3207.5, 1760.0], [3207.75, 2350.0], [3208.0, 328.0], [3208.25, 1508.0], [3208.5, 1428.0], [3208.75, 5964.0], [3209.0, 24968.0], [3210.5, 500.0], [3211.0, 3063.0], [3211.25, 13960.0], [3213.25, 5678.0], [3213.5, 25550.0], [3214.75, 13732.0], [3215.0, 49414.0], [3216.0, 19.0], [3217.25, 400.0], [3217.5, 40000.0], [3218.0, 19.0]]}}}
{"jsonrpc": "2.0", "method": "subscription", "params": {"channel": "book.ETH-21NOV25.none.20.100ms", "data": {"timestamp": 1763270586979, "change_id": 97092393208, "instrument_name": "ETH-21NOV25", "bids": [[3206.25, 2560.0], [3206.0, 1100.0], [3205.75, 80.0], [3204.75, 3389.0], [3204.5, 12160.0], [3204.0, 500.0], [3203.25, 4110.0], [3203.0, 13769.0], [3202.75, 2565.0], [3202.5, 5837.0], [3202.25, 7372.0], [3202.0, 24697.0], [3201.5, 24812.0], [3200.75, 48590.0], [3198.75, 17630.0], [3198.25, 400.0], [3197.5, 49247.0], [3196.5, 40000.0], [3194.75, 45.0], [3193.5, 76795.0]], "asks": [[3206.75, 436.0], [3207.0, 2120.0], [3207.25, 2678.0], [3207.5, 1428.0], [3207.75, 1180.0], [3208.0, 328.0], [3208.25, 1428.0], [3208.5, 1428.0], [3208.75, 5964.0], [3209.0, 24968.0], [3210.5, 500.0], [3211.0, 3063.0], [3211.25, 13960.0], [3213.25, 5678.0], [3213.5, 25550.0], [3214.75, 13732.0], [3215.0, 49414.0], [3216.0, 19.0], [3217.25, 400.0], [3217.5, 40000.0]]}}}
{"jsonrpc": "2.0", "method": "subscription", "params": {"channel": "book.ETH-21NOV25.none.20.100ms", "data": {"timestamp": 1763270587290, "change_id": 97092393826, "instrument_name": "ETH-21NOV25", "bids": [[3206.25, 2560.0], [3206.0, 1100.0], [3205.75, 854.0], [3205.5, 6621.0], [3204.75, 3389.0], [3204.5, 12160.0], [3204.0, 500.0], [3203.25, 4110.0], [3203.0, 15019.0], [3202.75, 1315.0], [3202.5, 5837.0], [3202.25, 7372.0], [3202.0, 24697.0], [3201.5, 24812.0], [3200.75, 48590.0], [3198.75, 17630.0], [3198.25, 400.0], [3197.5, 49247.0], [3196.5, 40000.0], [3194.75, 45.0]], "asks": [[3206.75, 436.0], [3207.0, 2120.0], [3207.25, 2678.0], [3207.5, 1428.0], [3207.75, 1180.0], [3208.0, 328.0], [3208.25, 1428.0], [3208.5, 1428.0], [3208.75, 5964.0], [3209.0, 24968.0], [3210.5, 500.0], [3211.0, 3063.0], [3211.25, 13960.0], [3213.25, 5678.0], [3213.5, 25550.0], [3214.75, 13732.0], [3215.0, 49414.0], [3216.0, 19.0], [3217.25, 400.0], [3217.5, 40000.0]]}}}
{"jsonrpc": "2.0", "method": "subscription", "params": {"channel": "book.ETH-21NOV25.none.20.100ms", "data": {"timestamp": 1763270587693, "change_id": 97092394434, "instrument_name": "ETH-21NOV25", "bids": [[3206.5, 2560.0], [3206.0, 1452.0], [3205.75, 2528.0], [3205.5, 6621.0], [3204.75, 3389.0], [3204.5, 12160.0], [3204.0, 500.0], [3203.75, 1250.0], [3203.25, 4110.0], [3203.0, 13769.0], [3202.75, 1315.0], [3202.5, 5837.0], [3202.25, 7372.0], [3202.0, 24697.0], [3201.5, 24812.0], [3200.75, 48590.0], [3198.75, 17630.0], [3198.25, 400.0], [3197.5, 49247.0], [3196.5, 40000.0]], "asks": [[3207.0, 1048.0], [3207.25, 4138.0], [3207.5, 1428.0], [3207.75, 1180.0], [3208.0, 328.0], [3208.25, 1428.0], [3208.5, 1428.0], [3208.75, 5964.0], [3209.0, 24968.0], [3210.5, 500.0], [3211.0, 3063.0], [3211.25, 13960.0], [3213.25, 5678.0], [3213.5, 25550.0], [3214.75, 13732.0], [3215.0, 49414.0], [3216.0, 19.0], [3217.25, 400.0], [3217.5, 40000.0], [3218.0, 19.0]]}}}
{"jsonrpc": "2.0", "method": "subscription", "params": {"channel": "book.ETH-21NOV25.none.20.100ms", "data": {"timestamp": 1763270587960, "change_id": 97092394867, "instrument_name": "ETH-21NOV25", "bids": [[3207.0, 1460.0], [3206.5, 1100.0], [3206.25, 328.0], [3206.0, 1452.0], [3205.75, 2528.0], [3205.5, 6621.0], [3204.75, 3389.0], [3204.5, 12160.0], [3204.0, 1750.0], [3203.25, 4110.0], [3203.0, 13769.0], [3202.75, 1315.0], [3202.5, 5837.0], [3202.25, 7372.0], [3202.0, 24697.0], [3201.5, 24812.0], [3200.75, 48590.0], [3198.75, 17630.0], [3198.25, 400.0], [3197.5, 49247.0]], "asks": [[3207.5, 3220.0], [3207.75, 2350.0], [3208.0, 328.0], [3208.25, 1428.0], [3208.5, 1508.0], [3208.75, 5964.0], [3209.0, 24968.0], [3210.5, 500.0], [3211.0, 3063.0], [3211.25, 13960.0], [3213.25, 5678.0], [3213.5, 25550.0], [3214.75, 13732.0], [3215.0, 49414.0], [3216.0, 19.0], [3217.25, 400.0], [3217.5, 40000.0], [3218.0, 19.0], [3219.0, 19.0], [3219.5, 51127.0]]}}}
{"jsonrpc": "2.0", "method": "subscription", "params": {"channel": "book.ETH-21NOV25.none.20.100ms", "data": {"timestamp": 1763270588360, "change_id": 97092396257, "instrument_name": "ETH-21NOV25", "bids": [[3207.5, 2560.0], [3207.25, 1100.0], [3207.0, 1100.0], [3206.75, 320.0], [3206.5, 1100.0], [3206.25, 408.0], [3206.0, 1100.0], [3204.75, 373.0], [3204.5, 1250.0], [3204.0, 500.0], [3203.25, 4110.0], [3203.0, 13769.0], [3202.75, 8152.0], [3202.5, 5837.0], [3202.25, 7372.0], [3202.0, 24697.0], [3200.75, 48590.0], [3198.75, 17630.0], [3198.25, 400.0], [3197.5, 49247.0]], "asks": [[3208.0, 722.0], [3208.25, 2888.0], [3208.5, 1428.0], [3208.75, 5964.0], [3209.0, 24968.0], [3209.25, 80.0], [3210.5, 500.0], [3211.0, 4167.0], [3211.25, 13960.0], [3213.25, 5678.0], [3213.5, 25550.0], [3214.75, 13732.0], [3215.0, 49414.0], [3216.0, 19.0], [3217.25, 400.0], [3217.5, 40000.0], [3218.0, 19.0], [3219.0, 19.0], [3219.5, 51127.0], [3221.0, 19.0]]}}}
{"jsonrpc": "2.0", "method": "subscription", "params": {"channel": "book.ETH-21NOV25.none.20.100ms", "data": {"timestamp": 1763270588685, "change_id": 97092398750, "instrument_name": "ETH-21NOV25", "bids": [[3208.25, 1460.0], [3207.75, 1428.0], [3207.5, 1100.0], [3207.25, 80.0], [3205.5, 1250.0], [3205.25, 3630.0], [3205.0, 16255.0], [3204.75, 13719.0], [3204.0, 500.0], [3203.5, 4903.0], [3203.25, 24812.0], [3202.5, 5508.0], [3202.0, 24697.0], [3200.75, 48590.0], [3198.75, 17630.0], [3198.25, 400.0], [3197.5, 49247.0], [3196.5, 40000.0], [3194.75, 45.0], [3193.5, 76795.0]], "asks": [[3208.75, 1808.0], [3209.0, 2560.0], [3209.25, 80.0], [3210.0, 5265.0], [3210.25, 24640.0], [3210.5, 500.0], [3211.0, 2899.0], [3211.25, 13960.0], [3213.25, 6517.0], [3213.5, 25550.0], [3215.0, 49414.0], [3216.0, 19.0], [3217.25, 400.0], [3217.5, 40000.0], [3218.0, 19.0], [3219.0, 19.0], [3219.5, 51127.0], [3221.0, 19.0], [3221.5, 76090.0], [3222.0, 21074.0]]}}}
{"jsonrpc": "2.0", "method": "subscription", "params": {"channel": "book.ETH-21NOV25.none.20.100ms", "data": {"timestamp": 1763270588982, "change_id": 97092399531, "instrument_name": "ETH-21NOV25", "bids": [[3208.25, 1460.0], [3207.75, 1428.0], [3207.5, 1100.0], [3207.25, 1818.0], [3207.0, 11954.0], [3206.25, 373.0], [3206.0, 1250.0], [3205.25, 3630.0], [3205.0, 16255.0], [3204.75, 13719.0], [3204.0, 500.0], [3203.0, 24812.0], [3202.5, 5508.0], [3202.0, 24697.0], [3200.75, 48590.0], [3198.75, 17630.0], [3198.5, 40000.0], [3198.25, 400.0], [3197.5, 49247.0], [3194.75, 45.0]], "asks": [[3208.75, 2237.0], [3209.0, 3810.0], [3209.25, 80.0], [3210.0, 4121.0], [3210.25, 24640.0], [3210.5, 500.0], [3211.0, 2899.0], [3211.25, 13960.0], [3213.25, 6517.0], [3213.5, 25550.0], [3215.0, 49414.0], [3216.0, 19.0], [3217.25, 400.0], [3217.5, 40000.0], [3218.0, 19.0], [3219.0, 19.0], [3219.5, 51127.0], [3221.0, 19.0], [3221.5, 76090.0], [3222.0, 21074.0]]}}}
{"jsonrpc": "2.0", "method": "subscription", "params": {"channel": "book.ETH-21NOV25.none.20.100ms", "data": {"timestamp": 1763270589287, "change_id": 97092400274, "instrument_name": "ETH-21NOV25", "bids": [[3207.75, 1100.0], [3207.5, 1100.0], [3207.25, 80.0], [3206.25, 373.0], [3206.0, 1250.0], [3205.25, 3630.0], [3205.0, 16255.0], [3204.75, 13719.0], [3204.0, 500.0], [3203.25, 5359.0], [3203.0, 24812.0], [3202.5, 1101.0], [3202.0, 24697.0], [3200.75, 48590.0], [3198.75, 17630.0], [3198.5, 40000.0], [3198.25, 400.0], [3197.5, 49247.0], [3194.75, 45.0], [3194.0, 4407.0]], "asks": [[3208.25, 1788.0], [3208.5, 1428.0], [3208.75, 1801.0], [3209.0, 2350.0], [3209.25, 80.0], [3210.0, 4121.0], [3210.25, 24640.0], [3210.5, 500.0], [3211.0, 2899.0], [3211.25, 13960.0], [3213.25, 6517.0], [3213.5, 25550.0], [3214.75, 4832.0], [3215.0, 49414.0], [3216.0, 19.0], [3217.25, 400.0], [3217.5, 40000.0], [3218.0, 19.0], [3219.0, 19.0], [3219.5, 51127.0]]}}}
{"jsonrpc": "2.0", "method": "subscription", "params": {"channel": "book.ETH-21NOV25.none.20.100ms", "data": {"timestamp": 1763270589582, "change_id": 97092401115, "instrument_name": "ETH-21NOV25", "bids": [[3207.75, 2560.0], [3207.5, 1100.0], [3207.25, 80.0], [3206.5, 373.0], [3206.25, 1250.0], [3205.25, 3630.0], [3205.0, 16255.0], [3204.75, 13719.0], [3204.0, 500.0], [3203.25, 5359.0], [3203.0, 24812.0], [3202.5, 1101.0], [3202.0, 24697.0], [3200.75, 48590.0], [3198.75, 17630.0], [3198.5, 40000.0], [3198.25, 400.0], [3197.5, 49247.0], [3194.75, 45.0], [3194.0, 4407.0]], "asks": [[3208.25, 764.0], [3208.5, 3261.0], [3208.75, 2678.0], [3209.0, 1100.0], [3209.25, 80.0], [3209.5, 328.0], [3209.75, 1100.0], [3210.0, 4121.0], [3210.25, 24640.0], [3210.5, 500.0], [3211.0, 2899.0], [3211.25, 13960.0], [3213.25, 6517.0], [3213.5, 25550.0], [3214.75, 4832.0], [3215.0, 49414.0], [3216.0, 19.0], [3217.25, 400.0], [3217.5, 40000.0], [3218.0, 19.0]]}}}
{"jsonrpc": "2.0", "method": "subscription", "params": {"channel": "book.ETH-21NOV25.none.20.100ms", "data": {"timestamp": 1763270590296, "change_id": 97092402240, "instrument_name": "ETH-21NOV25", "bids": [[3207.75, 2560.0], [3207.5, 1100.0], [3207.25, 80.0], [3206.75, 373.0], [3206.5, 1250.0], [3205.25, 3630.0], [3205.0, 16255.0], [3204.75, 13719.0], [3204.0, 500.0], [3203.25, 5359.0], [3203.0, 24812.0], [3202.5, 1101.0], [3202.0, 24697.0], [3200.75, 48590.0], [3198.75, 17630.0], [3198.5, 40000.0], [3198.25, 400.0], [3197.5, 49247.0], [3194.75, 45.0], [3194.0, 4407.0]], "asks": [[3208.25, 764.0], [3208.5, 3261.0], [3208.75, 2678.0], [3209.0, 1100.0], [3209.25, 80.0], [3209.5, 328.0], [3209.75, 1100.0], [3210.0, 4121.0], [3210.25, 24640.0], [3210.5, 500.0], [3211.0, 2899.0], [3211.25, 13960.0], [3213.25, 6517.0], [3213.5, 25550.0], [3214.75, 4832.0], [3215.0, 49414.0], [3216.0, 19.0], [3217.25, 400.0], [3217.5, 40000.0], [3218.0, 19.0]]}}}
{"jsonrpc": "2.0", "method": "subscription", "params": {"channel": "book.ETH-21NOV25.none.20.100ms", "data": {"timestamp": 1763270590675, "change_id": 97092402721, "instrument_name": "ETH-21NOV25", "bids": [[3207.5, 1100.0], [3207.25, 80.0], [3206.75, 373.0], [3206.5, 1250.0], [3205.0, 4095.0], [3204.75, 13719.0], [3204.0, 500.0], [3202.75, 25141.0], [3202.5, 1101.0], [3201.0, 10320.0], [3200.75, 48590.0], [3198.75, 17630.0], [3198.5, 40000.0], [3198.25, 400.0], [3197.5, 49247.0], [3194.75, 45.0], [3194.0, 4407.0], [3193.5, 76795.0], [3193.25, 2.0], [3191.5, 750.0]], "asks": [[3208.0, 328.0], [3208.25, 1864.0], [3208.5, 2933.0], [3208.75, 1578.0], [3209.0, 1452.0], [3209.25, 1180.0], [3209.5, 328.0], [3209.75, 1100.0], [3210.0, 4121.0], [3210.25, 24640.0], [3210.5, 500.0], [3211.0, 2899.0], [3211.25, 13960.0], [3213.25, 6517.0], [3213.5, 25550.0], [3214.75, 4832.0], [3215.0, 49414.0], [3216.0, 19.0], [3217.25, 400.0], [3217.5, 40000.0]]}}}
{"jsonrpc": "2.0", "method": "subscription", "params": {"channel": "book.ETH-21NOV25.none.20.100ms", "data": {"timestamp": 1763270590932, "change_id": 97092403209, "instrument_name": "ETH-21NOV25", "bids": [[3207.75, 3762.0], [3207.5, 1100.0], [3207.25, 80.0], [3206.75, 373.0], [3206.5, 1250.0], [3205.5, 3630.0], [3205.25, 12160.0], [3205.0, 4095.0], [3204.75, 13719.0], [3204.0, 500.0], [3203.0, 7406.0], [3202.75, 25141.0], [3202.5, 1101.0], [3201.5, 24697.0], [3201.0, 10320.0], [3200.75, 48590.0], [3198.75, 17630.0], [3198.5, 40000.0], [3198.25, 400.0], [3197.5, 49247.0]], "asks": [[3208.5, 3145.0], [3208.75, 2990.0], [3209.0, 1452.0], [3209.25, 1180.0], [3209.5, 328.0], [3209.75, 1100.0], [3210.0, 4121.0], [3210.25, 24640.0], [3210.5, 500.0], [3211.0, 2899.0], [3211.25, 13960.0], [3213.25, 6517.0], [3213.5, 25550.0], [3214.75, 4832.0], [3215.0, 49414.0], [3216.0, 19.0], [3217.25, 400.0], [3217.5, 40000.0], [3218.0, 19.0], [3219.0, 19.0]]}}}
{"jsonrpc": "2.0", "method": "subscription", "params": {"channel": "book.ETH-21NOV25.none.20.100ms", "data": {"timestamp": 1763270591082, "change_id": 97092403352, "instrument_name": "ETH-21NOV25", "bids": [[3207.75, 2662.0], [3207.5, 1100.0], [3207.25, 80.0], [3206.75, 373.0], [3206.5, 1250.0], [3205.5, 3630.0], [3205.25, 12160.0], [3205.0, 4095.0], [3204.75, 13719.0], [3204.0, 500.0], [3203.0, 7406.0], [3202.75, 25141.0], [3202.5, 1101.0], [3201.5, 24697.0], [3201.0, 10320.0], [3200.75, 48590.0], [3198.75, 17630.0], [3198.5, 40000.0], [3198.25, 400.0], [3197.5, 49247.0]], "asks": [[3208.25, 1802.0], [3208.5, 3145.0], [3208.75, 2990.0], [3209.0, 1452.0], [3209.25, 1180.0], [3209.5, 328.0], [3209.75, 1100.0], [3210.0, 4121.0], [3210.25, 24640.0], [3210.5, 500.0], [3211.0, 2899.0], [3211.25, 13960.0], [3213.25, 6517.0], [3213.5, 25550.0], [3214.75, 4832.0], [3215.0, 49414.0], [3216.0, 19.0], [3217.25, 400.0], [3217.5, 40000.0], [3218.0, 19.0]]}}}
{"jsonrpc": "2.0", "method": "subscription", "params": {"channel": "book.ETH-21NOV25.none.20.100ms", "data": {"timestamp": 1763270591607, "change_id": 97092404286, "instrument_name": "ETH-21NOV25", "bids": [[3207.75, 3762.0], [3207.5, 1100.0], [3207.25, 80.0], [3207.0, 373.0], [3206.75, 1250.0], [3206.0, 328.0], [3205.75, 1100.0], [3205.5, 3630.0], [3205.25, 12160.0], [3205.0, 4095.0], [3204.75, 13719.0], [3204.0, 500.0], [3203.0, 7406.0], [3202.75, 25141.0], [3202.5, 1101.0], [3201.5, 24697.0], [3201.0, 14727.0], [3200.75, 48590.0], [3198.75, 17630.0], [3198.5, 40000.0]], "asks": [[3208.25, 702.0], [3208.5, 3145.0], [3208.75, 2990.0], [3209.0, 1452.0], [3209.25, 1180.0], [3209.5, 328.0], [3209.75, 1100.0], [3210.0, 4121.0], [3210.25, 24640.0], [3210.5, 500.0], [3211.0, 2899.0], [3211.25, 13960.0], [3213.25, 6517.0], [3213.5, 25550.0], [3214.75, 4832.0], [3215.0, 49414.0], [3216.0, 19.0], [3217.25, 400.0], [3217.5, 40000.0], [3218.0, 19.0]]}}}
{"jsonrpc": "2.0", "method": "subscription", "params": {"channel": "book.ETH-21NOV25.none.20.100ms", "data": {"timestamp": 1763270591863, "change_id": 97092404516, "instrument_name": "ETH-21NOV25", "bids": [[3207.75, 1100.0], [3207.5, 3762.0], [3207.25, 80.0], [3207.0, 373.0], [3206.75, 1250.0], [3206.0, 328.0], [3205.75, 1100.0], [3205.5, 3630.0], [3205.25, 12160.0], [3205.0, 4095.0], [3204.75, 13719.0], [3204.0, 500.0], [3203.0, 7406.0], [3202.75, 25141.0], [3202.5, 1101.0], [3201.5, 24697.0], [3201.0, 14727.0], [3200.75, 48590.0], [3198.75, 17630.0], [3198.5, 40000.0]], "asks": [[3208.25, 702.0], [3208.5, 3145.0], [3208.75, 2990.0], [3209.0, 1452.0], [3209.25, 1180.0], [3209.5, 328.0], [3209.75, 1100.0], [3210.0, 4121.0], [3210.25, 24640.0], [3210.5, 500.0], [3211.0, 2899.0], [3211.25, 13960.0], [3213.25, 6517.0], [3213.5, 25550.0], [3214.75, 4832.0], [3215.0, 49414.0], [3216.0, 19.0], [3217.25, 400.0], [3217.5, 40000.0], [3218.0, 19.0]]}}}
