{"jsonrpc": "2.0", "method": "subscription", "params": {"channel": "book.ETH-7MAR25.none.20.100ms", "data": {"timestamp": 1741330144898, "change_id": 61242428487, "instrument_name": "ETH-7MAR25", "bids": [[2181.25, 1.0], [2181.0, 26694.0], [2180.75, 11634.0], [2180.5, 1634.0], [2180.25, 1591.0], [2179.0, 1565.0], [2178.75, 8652.0], [2178.5, 91561.0], [2176.75, 51206.0], [2176.0, 24291.0], [2175.75, 1571.0], [2175.5, 48667.0], [2174.75, 1584.0], [2174.5, 38404.0], [2174.25, 1561.0], [2173.75, 1634.0], [2173.5, 40000.0], [2173.25, 1580.0], [2173.0, 17892.0], [2172.75, 52558.0]], "asks": [[2181.5, 147084.0], [2181.75, 2232.0], [2182.0, 1634.0], [2182.25, 11634.0], [2182.5, 1591.0], [2182.75, 1634.0], [2183.0, 9618.0], [2183.25, 7910.0], [2183.75, 1634.0], [2184.0, 39975.0], [2184.25, 52118.0], [2184.5, 1618.0], [2185.0, 1638.0], [2185.25, 18968.0], [2185.75, 1591.0], [2186.0, 50728.0], [2187.0, 1638.0], [2188.25, 1561.0], [2188.5, 89132.0], [2188.75, 1621.0]]}}}
{"jsonrpc": "2.0", "method": "subscription", "params": {"channel": "book.ETH-14MAR25.none.20.100ms", "data": {"timestamp": 1741330145105, "change_id": 61242428659, "instrument_name": "ETH-14MAR25", "bids": [[2183.5, 26500.0], [2183.25, 2840.0], [2183.0, 11906.0], [2182.75, 1179.0], [2182.5, 5079.0], [2182.25, 15218.0], [2182.0, 1180.0], [2180.5, 1220.0], [2180.25, 8278.0], [2180.0, 23727.0], [2179.75, 91198.0], [2178.25, 500.0], [2177.0, 1198.0], [2176.75, 17526.0], [2176.25, 1174.0], [2176.0, 500.0], [2175.75, 23877.0], [2175.5, 41198.0], [2174.75, 23452.0], [2174.0, 1217.0]], "asks": [[2183.75, 10120.0], [2184.25, 7919.0], [2184.5, 5079.0], [2184.75, 5098.0], [2185.0, 5098.0], [2185.25, 9148.0], [2186.0, 1000.0], [2186.5, 1220.0], [2186.75, 23982.0], [2188.0, 1720.0], [2188.25, 15964.0], [2188.5, 91596.0], [2188.75, 1190.0], [2189.0, 18585.0], [2189.75, 41185.0], [2190.25, 91174.0], [2191.5, 1185.0], [2192.0, 46847.0], [2192.25, 1170.0], [2192.75, 500.0]]}}}
{"jsonrpc": "2.0", "method": "subscription", "params": {"channel": "book.ETH-7MAR25.none.20.100ms", "data": {"timestamp": 1741330144987, "change_id": 61242428595, "instrument_name": "ETH-7MAR25", "bids": [[2181.25, 1.0], [2181.0, 26694.0], [2180.75, 13866.0], [2180.5, 1634.0], [2180.25, 1591.0], [2179.0, 1565.0], [2178.75, 8652.0], [2178.5, 91561.0], [2176.75, 51206.0], [2176.0, 24291.0], [2175.75, 1571.0], [2175.5, 48667.0], [2174.75, 1584.0], [2174.5, 38404.0], [2174.25, 1561.0], [2173.75, 1634.0], [2173.5, 40000.0], [2173.25, 1580.0], [2173.0, 17892.0], [2172.75, 52558.0]], "asks": [[2181.5, 149316.0], [2182.0, 1634.0], [2182.25, 11634.0], [2182.5, 1591.0], [2182.75, 1634.0], [2183.0, 9618.0], [2183.25, 7910.0], [2183.75, 1634.0], [2184.0, 39975.0], [2184.25, 52118.0], [2184.5, 1618.0], [2185.0, 1638.0], [2185.25, 18968.0], [2185.75, 1591.0], [2186.0, 50728.0], [2187.0, 1638.0], [2188.25, 1561.0], [2188.5, 89132.0], [2188.75, 1621.0], [2189.0, 10.0]]}}}
{"jsonrpc": "2.0", "method": "subscription", "params": {"channel": "book.ETH-14MAR25.none.20.100ms", "data": {"timestamp": 1741330145569, "change_id": 61242429305, "instrument_name": "ETH-14MAR25", "bids": [[2183.5, 27700.0], [2183.25, 2840.0], [2183.0, 29371.0], [2182.75, 1179.0], [2182.5, 5079.0], [2182.25, 15218.0], [2180.5, 1220.0], [2180.25, 8278.0], [2180.0, 23727.0], [2179.75, 91198.0], [2178.25, 500.0], [2177.0, 1198.0], [2176.75, 17526.0], [2176.25, 1174.0], [2176.0, 500.0], [2175.75, 23877.0], [2175.5, 41198.0], [2174.75, 23452.0], [2174.0, 1217.0], [2173.75, 181191.0]], "asks": [[2183.75, 10120.0], [2184.25, 6740.0], [2184.5, 5079.0], [2184.75, 5098.0], [2185.0, 5098.0], [2185.25, 1198.0], [2186.0, 1000.0], [2186.25, 1179.0], [2186.5, 1220.0], [2186.75, 23982.0], [2188.0, 1720.0], [2188.25, 15964.0], [2188.5, 91596.0], [2188.75, 1190.0], [2189.0, 18585.0], [2189.75, 41185.0], [2190.25, 91174.0], [2191.5, 1185.0], [2192.0, 46847.0], [2192.25, 1170.0]]}}}
{"jsonrpc": "2.0", "method": "subscription", "params": {"channel": "book.ETH-7MAR25.none.20.100ms", "data": {"timestamp": 1741330145578, "change_id": 61242429331, "instrument_name": "ETH-7MAR25", "bids": [[2181.25, 1600.0], [2181.0, 39928.0], [2180.75, 3866.0], [2180.25, 1591.0], [2179.0, 1565.0], [2178.75, 8652.0], [2178.5, 91561.0], [2176.75, 51206.0], [2176.0, 24291.0], [2175.75, 1571.0], [2175.5, 48667.0], [2174.75, 1584.0], [2174.5, 38404.0], [2174.25, 1561.0], [2173.75, 1634.0], [2173.5, 40000.0], [2173.25, 1580.0], [2173.0, 17892.0], [2172.75, 52558.0], [2172.25, 180000.0]], "asks": [[2181.5, 145484.0], [2182.0, 1634.0], [2182.25, 1634.0], [2182.75, 1634.0], [2183.0, 1634.0], [2183.25, 7910.0], [2183.5, 7918.0], [2183.75, 1634.0], [2184.0, 39975.0], [2184.25, 52118.0], [2184.5, 1618.0], [2185.0, 1638.0], [2185.25, 18968.0], [2185.75, 1591.0], [2186.0, 50728.0], [2187.0, 1638.0], [2188.25, 1561.0], [2188.5, 89132.0], [2188.75, 1621.0], [2189.0, 10.0]]}}}
{"jsonrpc": "2.0", "method": "subscription", "params": {"channel": "book.ETH-14MAR25.none.20.100ms", "data": {"timestamp": 1741330145756, "change_id": 61242429626, "instrument_name": "ETH-14MAR25", "bids": [[2183.5, 33240.0], [2183.25, 3900.0], [2183.0, 11906.0], [2182.75, 1179.0], [2182.5, 5199.0], [2182.25, 11198.0], [2180.5, 1220.0], [2180.25, 8278.0], [2180.0, 23727.0], [2179.75, 91198.0], [2178.25, 500.0], [2177.0, 1198.0], [2176.75, 17526.0], [2176.25, 1174.0], [2176.0, 500.0], [2175.75, 23877.0], [2175.5, 41198.0], [2174.75, 23452.0], [2174.0, 1217.0], [2173.75, 181191.0]], "asks": [[2183.75, 10120.0], [2184.25, 3900.0], [2184.5, 7919.0], [2184.75, 5098.0], [2185.0, 5098.0], [2185.25, 5098.0], [2185.5, 8040.0], [2186.0, 1000.0], [2186.25, 1179.0], [2186.5, 1220.0], [2186.75, 23982.0], [2188.0, 1720.0], [2188.25, 15964.0], [2188.5, 91596.0], [2188.75, 1190.0], [2189.0, 18585.0], [2189.75, 41185.0], [2190.25, 91174.0], [2191.5, 1185.0], [2192.0, 46847.0]]}}}
{"jsonrpc": "2.0", "method": "subscription", "params": {"channel": "book.ETH-7MAR25.none.20.100ms", "data": {"timestamp": 1741330145789, "change_id": 61242429634, "instrument_name": "ETH-7MAR25", "bids": [[2181.25, 1.0], [2181.0, 40526.0], [2180.75, 1634.0], [2180.25, 1591.0], [2179.0, 1565.0], [2178.75, 8652.0], [2178.5, 91561.0], [2176.75, 51206.0], [2176.0, 24291.0], [2175.75, 1571.0], [2175.5, 48667.0], [2174.75, 1584.0], [2174.5, 38404.0], [2174.25, 1561.0], [2173.75, 1634.0], [2173.5, 40000.0], [2173.25, 1580.0], [2173.0, 17892.0], [2172.75, 52558.0], [2172.25, 180000.0]], "asks": [[2181.5, 145484.0], [2182.0, 3866.0], [2182.25, 1634.0], [2182.5, 10000.0], [2182.75, 1634.0], [2183.0, 1634.0], [2183.25, 7910.0], [2183.5, 7918.0], [2183.75, 1634.0], [2184.0, 39975.0], [2184.25, 52118.0], [2184.5, 1618.0], [2185.0, 1638.0], [2185.25, 18968.0], [2185.75, 1591.0], [2186.0, 50728.0], [2187.0, 1638.0], [2188.25, 1561.0], [2188.5, 89132.0], [2188.75, 1621.0]]}}}
{"jsonrpc": "2.0", "method": "subscription", "params": {"channel": "book.ETH-14MAR25.none.20.100ms", "data": {"timestamp": 1741330146236, "change_id": 61242430120, "instrument_name": "ETH-14MAR25", "bids": [[2183.5, 34440.0], [2183.25, 22332.0], [2183.0, 11906.0], [2182.75, 1179.0], [2182.5, 5199.0], [2182.25, 11198.0], [2180.5, 1220.0], [2180.25, 8278.0], [2180.0, 23727.0], [2179.75, 91198.0], [2178.25, 500.0], [2177.0, 1198.0], [2176.75, 17526.0], [2176.25, 1174.0], [2176.0, 500.0], [2175.75, 23877.0], [2175.5, 41198.0], [2174.75, 23452.0], [2174.0, 1217.0], [2173.75, 181191.0]], "asks": [[2183.75, 10120.0], [2184.25, 3900.0], [2184.5, 6740.0], [2184.75, 5098.0], [2185.0, 5098.0], [2185.25, 5098.0], [2185.5, 8297.0], [2186.0, 1000.0], [2186.25, 1179.0], [2186.5, 1220.0], [2186.75, 23982.0], [2188.0, 1720.0], [2188.25, 15964.0], [2188.5, 91596.0], [2188.75, 1190.0], [2189.0, 18585.0], [2189.75, 41185.0], [2190.25, 91174.0], [2191.5, 1185.0], [2192.0, 46847.0]]}}}
{"jsonrpc": "2.0", "method": "subscription", "params": {"channel": "book.ETH-7MAR25.none.20.100ms", "data": {"timestamp": 1741330146238, "change_id": 61242430127, "instrument_name": "ETH-7MAR25", "bids": [[2181.25, 3234.0], [2181.0, 40526.0], [2180.75, 1634.0], [2180.25, 1591.0], [2179.0, 1565.0], [2178.75, 8652.0], [2178.5, 91561.0], [2176.75, 51206.0], [2176.0, 24291.0], [2175.75, 1571.0], [2175.5, 48667.0], [2174.75, 1584.0], [2174.5, 38404.0], [2174.25, 1561.0], [2173.75, 1634.0], [2173.5, 40000.0], [2173.25, 1580.0], [2173.0, 17892.0], [2172.75, 52558.0], [2172.25, 180000.0]], "asks": [[2181.5, 145484.0], [2182.0, 3866.0], [2182.25, 1634.0], [2182.5, 10000.0], [2182.75, 1634.0], [2183.0, 1634.0], [2183.25, 16067.0], [2183.75, 1634.0], [2184.0, 39975.0], [2184.25, 52118.0], [2184.5, 1618.0], [2185.0, 1638.0], [2185.25, 18968.0], [2185.75, 1591.0], [2186.0, 50728.0], [2187.0, 1638.0], [2188.25, 1561.0], [2188.5, 89132.0], [2188.75, 1621.0], [2189.0, 10.0]]}}}
{"jsonrpc": "2.0", "method": "subscription", "params": {"channel": "book.ETH-14MAR25.none.20.100ms", "data": {"timestamp": 1741330146565, "change_id": 61242430608, "instrument_name": "ETH-14MAR25", "bids": [[2183.5, 4040.0], [2183.25, 22332.0], [2183.0, 11906.0], [2182.75, 1299.0], [2182.5, 5079.0], [2182.25, 11198.0], [2180.5, 1220.0], [2180.25, 8278.0], [2180.0, 23727.0], [2179.75, 91198.0], [2178.25, 500.0], [2177.0, 1198.0], [2176.75, 17526.0], [2176.25, 1174.0], [2176.0, 500.0], [2175.75, 23877.0], [2175.5, 41198.0], [2174.75, 23452.0], [2174.0, 1217.0], [2173.75, 181191.0]], "asks": [[2183.75, 10120.0], [2184.25, 3900.0], [2184.5, 6740.0], [2184.75, 5098.0], [2185.0, 5098.0], [2185.25, 5098.0], [2185.75, 8242.0], [2186.0, 1000.0], [2186.25, 1179.0], [2186.5, 1220.0], [2186.75, 23982.0], [2188.0, 1720.0], [2188.25, 15964.0], [2188.5, 91596.0], [2188.75, 1190.0], [2189.0, 18585.0], [2189.75, 41185.0], [2190.25, 91174.0], [2191.5, 1185.0], [2192.0, 46847.0]]}}}
{"jsonrpc": "2.0", "method": "subscription", "params": {"channel": "book.ETH-7MAR25.none.20.100ms", "data": {"timestamp": 1741330146567, "change_id": 61242430609, "instrument_name": "ETH-7MAR25", "bids": [[2181.25, 13234.0], [2181.0, 13077.0], [2180.75, 1634.0], [2180.25, 1591.0], [2179.0, 1565.0], [2178.75, 8652.0], [2178.5, 91561.0], [2176.75, 51206.0], [2176.0, 24291.0], [2175.75, 1571.0], [2175.5, 48667.0], [2174.75, 1584.0], [2174.5, 38404.0], [2174.25, 1561.0], [2173.75, 1634.0], [2173.5, 40000.0], [2173.25, 1580.0], [2173.0, 17892.0], [2172.75, 52558.0], [2172.25, 180000.0]], "asks": [[2181.5, 145484.0], [2182.0, 3866.0], [2182.25, 1634.0], [2182.5, 10000.0], [2182.75, 1634.0], [2183.0, 1634.0], [2183.25, 16067.0], [2183.75, 1634.0], [2184.0, 39975.0], [2184.25, 52118.0], [2184.5, 1618.0], [2185.0, 1638.0], [2185.25, 18968.0], [2185.75, 1591.0], [2186.0, 50728.0], [2187.0, 1638.0], [2188.25, 1561.0], [2188.5, 89132.0], [2188.75, 1621.0], [2189.0, 10.0]]}}}
{"jsonrpc": "2.0", "method": "subscription", "params": {"channel": "book.ETH-14MAR25.none.20.100ms", "data": {"timestamp": 1741330146877, "change_id": 61242431114, "instrument_name": "ETH-14MAR25", "bids": [[2183.5, 30202.0], [2183.25, 21153.0], [2183.0, 11906.0], [2182.75, 1299.0], [2182.5, 5079.0], [2182.25, 11198.0], [2180.5, 1220.0], [2180.25, 8278.0], [2180.0, 23727.0], [2179.75, 91198.0], [2178.25, 500.0], [2177.0, 1198.0], [2176.75, 17526.0], [2176.25, 1174.0], [2176.0, 500.0], [2175.75, 23877.0], [2175.5, 41198.0], [2174.75, 23452.0], [2174.0, 1217.0], [2173.75, 181191.0]], "asks": [[2183.75, 10120.0], [2184.25, 3900.0], [2184.5, 7919.0], [2184.75, 5098.0], [2185.0, 5098.0], [2185.25, 1198.0], [2185.5, 5079.0], [2185.75, 8242.0], [2186.0, 1000.0], [2186.25, 1179.0], [2186.5, 1220.0], [2186.75, 23982.0], [2188.0, 1720.0], [2188.25, 15964.0], [2188.5, 91596.0], [2188.75, 1190.0], [2189.0, 18585.0], [2189.75, 41185.0], [2190.25, 91174.0], [2191.5, 1185.0]]}}}
{"jsonrpc": "2.0", "method": "subscription", "params": {"channel": "book.ETH-7MAR25.none.20.100ms", "data": {"timestamp": 1741330146880, "change_id": 61242431116, "instrument_name": "ETH-7MAR25", "bids": [[2181.25, 11600.0], [2181.0, 30526.0], [2180.75, 1634.0], [2180.25, 1591.0], [2179.0, 1565.0], [2178.75, 8652.0], [2178.5, 91561.0], [2176.75, 51206.0], [2176.0, 24291.0], [2175.75, 1571.0], [2175.5, 48667.0], [2174.75, 1584.0], [2174.5, 38404.0], [2174.25, 1561.0], [2173.75, 1634.0], [2173.5, 40000.0], [2173.25, 1580.0], [2173.0, 17892.0], [2172.75, 52558.0], [2172.25, 180000.0]], "asks": [[2181.5, 145484.0], [2182.0, 3866.0], [2182.25, 1634.0], [2182.5, 10000.0], [2182.75, 1634.0], [2183.0, 1634.0], [2183.25, 16067.0], [2183.75, 1634.0], [2184.0, 39975.0], [2184.25, 52118.0], [2184.5, 1618.0], [2185.0, 1638.0], [2185.25, 18968.0], [2185.75, 1591.0], [2186.0, 50728.0], [2187.0, 1638.0], [2188.25, 1561.0], [2188.5, 89132.0], [2188.75, 1621.0], [2189.0, 10.0]]}}}
{"jsonrpc": "2.0", "method": "subscription", "params": {"channel": "book.ETH-14MAR25.none.20.100ms", "data": {"timestamp": 1741330146961, "change_id": 61242431148, "instrument_name": "ETH-14MAR25", "bids": [[2183.5, 4040.0], [2183.25, 21153.0], [2183.0, 11906.0], [2182.75, 1299.0], [2182.5, 5079.0], [2182.25, 11198.0], [2180.5, 1220.0], [2180.25, 8278.0], [2180.0, 23727.0], [2179.75, 91198.0], [2178.25, 500.0], [2177.0, 1198.0], [2176.75, 17526.0], [2176.25, 1174.0], [2176.0, 500.0], [2175.75, 23877.0], [2175.5, 41198.0], [2174.75, 23452.0], [2174.0, 1217.0], [2173.75, 181191.0]], "asks": [[2183.75, 10120.0], [2184.25, 3900.0], [2184.5, 7919.0], [2184.75, 5098.0], [2185.0, 5098.0], [2185.25, 1198.0], [2185.5, 5079.0], [2185.75, 8242.0], [2186.0, 1000.0], [2186.25, 1179.0], [2186.5, 1220.0], [2186.75, 23982.0], [2188.0, 1720.0], [2188.25, 15964.0], [2188.5, 91596.0], [2188.75, 1190.0], [2189.0, 18585.0], [2189.75, 41185.0], [2190.25, 91174.0], [2191.5, 1185.0]]}}}
{"jsonrpc": "2.0", "method": "subscription", "params": {"channel": "book.ETH-7MAR25.none.20.100ms", "data": {"timestamp": 1741330147219, "change_id": 61242431300, "instrument_name": "ETH-7MAR25", "bids": [[2181.25, 11601.0], [2181.0, 30526.0], [2180.75, 1634.0], [2180.25, 1591.0], [2179.0, 1565.0], [2178.75, 8652.0], [2178.5, 91561.0], [2176.75, 51206.0], [2176.0, 24291.0], [2175.75, 1571.0], [2175.5, 48667.0], [2174.75, 1584.0], [2174.5, 38404.0], [2174.25, 1561.0], [2173.75, 1634.0], [2173.5, 40000.0], [2173.25, 1580.0], [2173.0, 17892.0], [2172.75, 52558.0], [2172.25, 180000.0]], "asks": [[2181.5, 145484.0], [2182.0, 3866.0], [2182.25, 1634.0], [2182.5, 10000.0], [2182.75, 1634.0], [2183.0, 1634.0], [2183.25, 16067.0], [2183.75, 1634.0], [2184.0, 39975.0], [2184.25, 52118.0], [2184.5, 1618.0], [2185.0, 1638.0], [2185.25, 18968.0], [2185.75, 1591.0], [2186.0, 50728.0], [2187.0, 1638.0], [2188.25, 1561.0], [2188.5, 89132.0], [2188.75, 1621.0], [2189.0, 10.0]]}}}
{"jsonrpc": "2.0", "method": "subscription", "params": {"channel": "book.ETH-7MAR25.none.20.100ms", "data": {"timestamp": 1741330147525, "change_id": 61242431671, "instrument_name": "ETH-7MAR25", "bids": [[2181.25, 11601.0], [2181.0, 30526.0], [2180.75, 1634.0], [2180.25, 1591.0], [2179.0, 1565.0], [2178.75, 8652.0], [2178.5, 91561.0], [2176.75, 51206.0], [2176.0, 24291.0], [2175.75, 1571.0], [2175.5, 48667.0], [2174.75, 1584.0], [2174.5, 38404.0], [2174.25, 1561.0], [2173.75, 1634.0], [2173.5, 40000.0], [2173.25, 1580.0], [2173.0, 17892.0], [2172.75, 52558.0], [2172.25, 180000.0]], "asks": [[2181.5, 145484.0], [2182.0, 3866.0], [2182.25, 1634.0], [2182.5, 10000.0], [2182.75, 1634.0], [2183.0, 1634.0], [2183.25, 16067.0], [2183.75, 1634.0], [2184.0, 39975.0], [2184.25, 52118.0], [2184.5, 1618.0], [2185.0, 1638.0], [2185.25, 18968.0], [2185.75, 1591.0], [2186.0, 50728.0], [2187.0, 1638.0], [2188.25, 1561.0], [2188.5, 89132.0], [2188.75, 1621.0], [2189.0, 10.0]]}}}
{"jsonrpc": "2.0", "method": "subscription", "params": {"channel": "book.ETH-14MAR25.none.20.100ms", "data": {"timestamp": 1741330147868, "change_id": 61242432233, "instrument_name": "ETH-14MAR25", "bids": [[2183.5, 2840.0], [2183.25, 17253.0], [2183.0, 11906.0], [2182.75, 5079.0], [2182.5, 5079.0], [2182.25, 11318.0], [2180.5, 1220.0], [2180.25, 8278.0], [2180.0, 23727.0], [2179.75, 91198.0], [2178.25, 500.0], [2177.0, 1198.0], [2176.75, 17526.0], [2176.25, 1174.0], [2176.0, 500.0], [2175.75, 23877.0], [2175.5, 41198.0], [2174.75, 23452.0], [2174.0, 1217.0], [2173.75, 181191.0]], "asks": [[2183.75, 14020.0], [2184.25, 5079.0], [2184.5, 7919.0], [2184.75, 5098.0], [2185.0, 5098.0], [2185.25, 5098.0], [2185.5, 5079.0], [2185.75, 8242.0], [2186.0, 1000.0], [2186.25, 1179.0], [2186.5, 1220.0], [2186.75, 23982.0], [2188.0, 1720.0], [2188.25, 15964.0], [2188.5, 91596.0], [2188.75, 1190.0], [2189.0, 18585.0], [2189.75, 41185.0], [2190.25, 91174.0], [2191.5, 1185.0]]}}}
{"jsonrpc": "2.0", "method": "subscription", "params": {"channel": "book.ETH-7MAR25.none.20.100ms", "data": {"timestamp": 1741330147816, "change_id": 61242432138, "instrument_name": "ETH-7MAR25", "bids": [[2181.25, 10000.0], [2181.0, 26694.0], [2180.75, 3866.0], [2180.25, 1591.0], [2179.0, 1565.0], [2178.75, 8652.0], [2178.5, 91561.0], [2176.75, 51206.0], [2176.0, 24291.0], [2175.75, 38393.0], [2175.5, 48667.0], [2174.75, 1584.0], [2174.5, 1582.0], [2174.25, 1561.0], [2173.75, 1634.0], [2173.5, 40000.0], [2173.25, 1580.0], [2173.0, 17892.0], [2172.75, 52558.0], [2172.25, 180000.0]], "asks": [[2181.5, 147085.0], [2181.75, 2232.0], [2182.0, 1634.0], [2182.25, 1634.0], [2182.5, 10000.0], [2182.75, 1634.0], [2183.0, 1634.0], [2183.25, 16067.0], [2183.75, 1634.0], [2184.0, 39975.0], [2184.25, 52118.0], [2184.5, 1618.0], [2185.0, 1638.0], [2185.25, 18968.0], [2185.75, 1591.0], [2186.0, 50728.0], [2187.0, 1638.0], [2188.25, 1561.0], [2188.5, 89132.0], [2188.75, 1621.0]]}}}
{"jsonrpc": "2.0", "method": "subscription", "params": {"channel": "book.ETH-14MAR25.none.20.100ms", "data": {"timestamp": 1741330148178, "change_id": 61242432595, "instrument_name": "ETH-14MAR25", "bids": [[2183.0, 15946.0], [2182.75, 3900.0], [2182.5, 5079.0], [2182.25, 11318.0], [2180.5, 1220.0], [2180.25, 8278.0], [2180.0, 23727.0], [2179.75, 91198.0], [2178.25, 500.0], [2177.0, 1198.0], [2176.75, 17526.0], [2176.25, 1174.0], [2176.0, 500.0], [2175.75, 23877.0], [2175.5, 41198.0], [2174.75, 23452.0], [2174.0, 1217.0], [2173.75, 181191.0], [2173.5, 1229.0], [2173.0, 45172.0]], "asks": [[2183.5, 10120.0], [2183.75, 3900.0], [2184.0, 1179.0], [2184.25, 7919.0], [2184.5, 5079.0], [2184.75, 5098.0], [2185.0, 5098.0], [2185.25, 6098.0], [2185.5, 5079.0], [2185.75, 8242.0], [2186.5, 1220.0], [2186.75, 23982.0], [2188.0, 1720.0], [2188.25, 15964.0], [2188.5, 91596.0], [2188.75, 1190.0], [2189.0, 18585.0], [2189.75, 41185.0], [2190.25, 91174.0], [2191.5, 1185.0]]}}}
{"jsonrpc": "2.0", "method": "subscription", "params": {"channel": "book.ETH-7MAR25.none.20.100ms", "data": {"timestamp": 1741330148188, "change_id": 61242432605, "instrument_name": "ETH-7MAR25", "bids": [[2181.0, 26694.0], [2180.75, 10000.0], [2180.5, 2232.0], [2179.0, 1565.0], [2178.75, 8652.0], [2178.5, 91561.0], [2176.75, 51206.0], [2176.0, 24291.0], [2175.75, 38393.0], [2175.5, 48667.0], [2174.75, 1584.0], [2174.5, 1582.0], [2174.25, 1561.0], [2173.75, 1634.0], [2173.5, 40000.0], [2173.25, 1580.0], [2173.0, 17892.0], [2172.75, 52558.0], [2172.25, 180000.0], [2171.75, 1601.0]], "asks": [[2181.25, 1.0], [2181.5, 149316.0], [2182.0, 1634.0], [2182.25, 11634.0], [2183.0, 1634.0], [2183.25, 16067.0], [2183.75, 1634.0], [2184.0, 39975.0], [2184.25, 52118.0], [2184.5, 1618.0], [2185.0, 1638.0], [2185.25, 18968.0], [2185.75, 1591.0], [2186.0, 50728.0], [2187.0, 1638.0], [2188.25, 1561.0], [2188.5, 89132.0], [2188.75, 1621.0], [2189.0, 10.0], [2189.75, 77305.0]]}}}
{"jsonrpc": "2.0", "method": "subscription", "params": {"channel": "book.ETH-14MAR25.none.20.100ms", "data": {"timestamp": 1741330148488, "change_id": 61242433240, "instrument_name": "ETH-14MAR25", "bids": [[2183.0, 2840.0], [2182.75, 21363.0], [2182.5, 11960.0], [2182.25, 1318.0], [2181.75, 10000.0], [2180.5, 1220.0], [2180.25, 8278.0], [2180.0, 23727.0], [2179.75, 91198.0], [2178.25, 500.0], [2177.0, 1198.0], [2176.75, 17526.0], [2176.25, 1174.0], [2176.0, 500.0], [2175.75, 23877.0], [2175.5, 41198.0], [2174.75, 23452.0], [2174.0, 1217.0], [2173.75, 181191.0], [2173.5, 1229.0]], "asks": [[2183.25, 13900.0], [2183.5, 120.0], [2183.75, 3900.0], [2184.0, 1179.0], [2184.25, 7919.0], [2184.5, 5079.0], [2184.75, 5098.0], [2185.0, 5098.0], [2185.25, 6098.0], [2185.5, 5079.0], [2185.75, 8242.0], [2186.5, 1220.0], [2186.75, 23982.0], [2188.0, 1720.0], [2188.25, 15964.0], [2188.5, 91596.0], [2188.75, 1190.0], [2189.0, 18585.0], [2189.75, 41185.0], [2190.25, 91174.0]]}}}
{"jsonrpc": "2.0", "method": "subscription", "params": {"channel": "book.ETH-7MAR25.none.20.100ms", "data": {"timestamp": 1741330148538, "change_id": 61242433356, "instrument_name": "ETH-7MAR25", "bids": [[2181.0, 1000.0], [2180.75, 18311.0], [2180.5, 2232.0], [2179.0, 1565.0], [2178.75, 8652.0], [2178.5, 91561.0], [2176.75, 51206.0], [2176.0, 24291.0], [2175.75, 38393.0], [2175.5, 48667.0], [2174.75, 1584.0], [2174.5, 1582.0], [2174.25, 1561.0], [2173.75, 1634.0], [2173.5, 40000.0], [2173.25, 1580.0], [2173.0, 17892.0], [2172.75, 52558.0], [2172.25, 180000.0], [2171.75, 1601.0]], "asks": [[2181.25, 3226.0], [2181.5, 149316.0], [2181.75, 1626.0], [2182.0, 11634.0], [2182.25, 1634.0], [2183.0, 1634.0], [2183.25, 16067.0], [2183.75, 1634.0], [2184.0, 39975.0], [2184.25, 52118.0], [2184.5, 1618.0], [2185.0, 1638.0], [2185.25, 18968.0], [2185.75, 1591.0], [2186.0, 50728.0], [2187.0, 1638.0], [2188.25, 1561.0], [2188.5, 89132.0], [2188.75, 1621.0], [2189.0, 10.0]]}}}
{"jsonrpc": "2.0", "method": "subscription", "params": {"channel": "book.ETH-14MAR25.none.20.100ms", "data": {"timestamp": 1741330148825, "change_id": 61242433875, "instrument_name": "ETH-14MAR25", "bids": [[2183.0, 2840.0], [2182.75, 21363.0], [2182.5, 11960.0], [2182.25, 1318.0], [2181.75, 10000.0], [2180.5, 1220.0], [2180.25, 8278.0], [2180.0, 23727.0], [2179.75, 91198.0], [2178.25, 500.0], [2177.0, 1198.0], [2176.75, 17526.0], [2176.25, 1174.0], [2176.0, 500.0], [2175.75, 23877.0], [2175.5, 41198.0], [2174.75, 23452.0], [2174.0, 1217.0], [2173.75, 181191.0], [2173.5, 1229.0]], "asks": [[2183.25, 10000.0], [2183.5, 120.0], [2183.75, 5097.0], [2184.0, 4019.0], [2184.25, 5079.0], [2184.5, 5079.0], [2184.75, 5098.0], [2185.0, 5098.0], [2185.25, 6098.0], [2185.5, 5079.0], [2185.75, 8242.0], [2186.5, 1220.0], [2186.75, 23982.0], [2188.0, 1720.0], [2188.25, 15964.0], [2188.5, 91596.0], [2188.75, 1190.0], [2189.0, 18585.0], [2189.75, 41185.0], [2190.25, 91174.0]]}}}
{"jsonrpc": "2.0", "method": "subscription", "params": {"channel": "book.ETH-7MAR25.none.20.100ms", "data": {"timestamp": 1741330148849, "change_id": 61242433886, "instrument_name": "ETH-7MAR25", "bids": [[2181.0, 1000.0], [2180.75, 26328.0], [2180.5, 2232.0], [2179.0, 1565.0], [2178.75, 8652.0], [2178.5, 91561.0], [2176.75, 51206.0], [2176.0, 24291.0], [2175.75, 38393.0], [2175.5, 48667.0], [2174.75, 1584.0], [2174.5, 1582.0], [2174.25, 1561.0], [2173.75, 1634.0], [2173.5, 40000.0], [2173.25, 1580.0], [2173.0, 17892.0], [2172.75, 52558.0], [2172.25, 180000.0], [2171.75, 1601.0]], "asks": [[2181.25, 3226.0], [2181.5, 149316.0], [2181.75, 1626.0], [2182.0, 11634.0], [2182.25, 1634.0], [2183.0, 1634.0], [2183.25, 16067.0], [2183.75, 1634.0], [2184.0, 39975.0], [2184.25, 52118.0], [2184.5, 1618.0], [2185.0, 1638.0], [2185.25, 18968.0], [2185.75, 1591.0], [2186.0, 50728.0], [2187.0, 1638.0], [2188.25, 1561.0], [2188.5, 89132.0], [2188.75, 1621.0], [2189.0, 10.0]]}}}
{"jsonrpc": "2.0", "method": "subscription", "params": {"channel": "book.ETH-14MAR25.none.20.100ms", "data": {"timestamp": 1741330149042, "change_id": 61242434042, "instrument_name": "ETH-14MAR25", "bids": [[2183.0, 2840.0], [2182.75, 21363.0], [2182.5, 11960.0], [2182.25, 1318.0], [2181.75, 10000.0], [2180.5, 1220.0], [2180.25, 8278.0], [2180.0, 23727.0], [2179.75, 91198.0], [2178.25, 500.0], [2177.0, 1198.0], [2176.75, 17526.0], [2176.25, 1174.0], [2176.0, 500.0], [2175.75, 23877.0], [2175.5, 41198.0], [2174.75, 23452.0], [2174.0, 1217.0], [2173.75, 181191.0], [2173.5, 1229.0]], "asks": [[2183.25, 10120.0], [2183.75, 5097.0], [2184.0, 4019.0], [2184.25, 5079.0], [2184.5, 5079.0], [2184.75, 5098.0], [2185.0, 5098.0], [2185.25, 6098.0], [2185.5, 5079.0], [2185.75, 8242.0], [2186.5, 1220.0], [2186.75, 23982.0], [2188.0, 1720.0], [2188.25, 15964.0], [2188.5, 91596.0], [2188.75, 1190.0], [2189.0, 18585.0], [2189.75, 41185.0], [2190.25, 91174.0], [2191.5, 1185.0]]}}}
{"jsonrpc": "2.0", "method": "subscription", "params": {"channel": "book.ETH-7MAR25.none.20.100ms", "data": {"timestamp": 1741330149175, "change_id": 61242434088, "instrument_name": "ETH-7MAR25", "bids": [[2181.0, 1000.0], [2180.75, 26328.0], [2180.5, 1626.0], [2180.25, 2232.0], [2179.0, 1565.0], [2178.75, 8652.0], [2178.5, 91561.0], [2176.75, 51206.0], [2176.0, 24291.0], [2175.75, 38393.0], [2175.5, 48667.0], [2174.75, 1584.0], [2174.5, 1582.0], [2174.25, 1561.0], [2173.75, 1634.0], [2173.5, 40000.0], [2173.25, 1580.0], [2173.0, 17892.0], [2172.75, 52558.0], [2172.25, 180000.0]], "asks": [[2181.25, 5459.0], [2181.5, 147084.0], [2181.75, 1626.0], [2182.0, 11634.0], [2182.25, 1634.0], [2183.0, 1634.0], [2183.25, 16067.0], [2183.75, 1634.0], [2184.0, 39975.0], [2184.25, 52118.0], [2184.5, 1618.0], [2185.0, 1638.0], [2185.25, 18968.0], [2185.75, 1591.0], [2186.0, 50728.0], [2187.0, 1638.0], [2188.25, 1561.0], [2188.5, 89132.0], [2188.75, 1621.0], [2189.0, 10.0]]}}}
{"jsonrpc": "2.0", "method": "subscription", "params": {"channel": "book.ETH-14MAR25.none.20.100ms", "data": {"timestamp": 1741330149499, "change_id": 61242434664, "instrument_name": "ETH-14MAR25", "bids": [[2183.0, 4040.0], [2182.75, 21363.0], [2182.5, 11960.0], [2182.25, 1318.0], [2181.75, 10000.0], [2180.5, 1220.0], [2180.25, 8278.0], [2180.0, 23727.0], [2179.75, 91198.0], [2178.25, 500.0], [2177.0, 1198.0], [2176.75, 17526.0], [2176.25, 1174.0], [2176.0, 500.0], [2175.75, 23877.0], [2175.5, 41198.0], [2174.75, 23452.0], [2174.0, 1217.0], [2173.75, 181191.0], [2173.5, 1229.0]], "asks": [[2183.5, 10000.0], [2183.75, 4020.0], [2184.25, 7919.0], [2184.5, 5079.0], [2184.75, 5098.0], [2185.0, 5098.0], [2185.25, 6098.0], [2185.5, 5079.0], [2186.5, 1220.0], [2186.75, 23982.0], [2188.0, 1720.0], [2188.25, 15964.0], [2188.5, 91596.0], [2188.75, 1190.0], [2189.0, 18585.0], [2189.75, 41185.0], [2190.25, 91174.0], [2191.5, 1185.0], [2192.0, 46847.0], [2192.25, 1170.0]]}}}
{"jsonrpc": "2.0", "method": "subscription", "params": {"channel": "book.ETH-7MAR25.none.20.100ms", "data": {"timestamp": 1741330149542, "change_id": 61242434775, "instrument_name": "ETH-7MAR25", "bids": [[2181.0, 1000.0], [2180.75, 27954.0], [2180.5, 3858.0], [2179.0, 1565.0], [2178.75, 8652.0], [2178.5, 91561.0], [2176.75, 51206.0], [2176.0, 24291.0], [2175.75, 38393.0], [2175.5, 48667.0], [2174.75, 1584.0], [2174.5, 1582.0], [2174.25, 1561.0], [2173.75, 1634.0], [2173.5, 40000.0], [2173.25, 1580.0], [2173.0, 17892.0], [2172.75, 52558.0], [2172.25, 180000.0], [2171.75, 1601.0]], "asks": [[2181.25, 1.0], [2181.5, 149316.0], [2181.75, 1626.0], [2182.0, 1634.0], [2182.25, 1634.0], [2182.5, 10000.0], [2183.0, 1634.0], [2183.25, 7910.0], [2183.75, 1634.0], [2184.0, 39975.0], [2184.25, 52118.0], [2184.5, 1618.0], [2185.0, 1638.0], [2185.25, 18968.0], [2185.75, 1591.0], [2186.0, 50728.0], [2187.0, 1638.0], [2188.25, 1561.0], [2188.5, 89132.0], [2188.75, 1621.0]]}}}
{"jsonrpc": "2.0", "method": "subscription", "params": {"channel": "book.ETH-14MAR25.none.20.100ms", "data": {"timestamp": 1741330149713, "change_id": 61242435074, "instrument_name": "ETH-14MAR25", "bids": [[2183.25, 6740.0], [2183.0, 1200.0], [2182.75, 3900.0], [2182.5, 13157.0], [2182.25, 5218.0], [2182.0, 10000.0], [2180.5, 1220.0], [2180.25, 1187.0], [2180.0, 23727.0], [2179.75, 91198.0], [2178.25, 500.0], [2177.0, 1198.0], [2176.75, 17526.0], [2176.25, 1174.0], [2176.0, 500.0], [2175.75, 1184.0], [2175.5, 41198.0], [2174.75, 23452.0], [2174.0, 1217.0], [2173.75, 181191.0]], "asks": [[2183.5, 10000.0], [2183.75, 120.0], [2184.25, 7919.0], [2184.5, 5079.0], [2184.75, 5098.0], [2185.0, 5098.0], [2185.25, 14170.0], [2185.5, 1179.0], [2186.5, 1220.0], [2186.75, 23982.0], [2188.0, 1720.0], [2188.25, 15964.0], [2188.5, 91596.0], [2188.75, 1190.0], [2189.0, 18585.0], [2189.75, 41185.0], [2190.25, 91174.0], [2191.5, 1185.0], [2192.0, 46847.0], [2192.25, 1170.0]]}}}
{"jsonrpc": "2.0", "method": "subscription", "params": {"channel": "book.ETH-7MAR25.none.20.100ms", "data": {"timestamp": 1741330149868, "change_id": 61242435364, "instrument_name": "ETH-7MAR25", "bids": [[2181.0, 1001.0], [2180.75, 20543.0], [2180.5, 1626.0], [2179.0, 1565.0], [2178.75, 1561.0], [2178.5, 91561.0], [2176.75, 51206.0], [2176.0, 1598.0], [2175.75, 38393.0], [2175.5, 48667.0], [2174.75, 1584.0], [2174.5, 1582.0], [2174.25, 1561.0], [2173.75, 1634.0], [2173.5, 40000.0], [2173.25, 1580.0], [2173.0, 17892.0], [2172.75, 52558.0], [2172.25, 180000.0], [2171.75, 1601.0]], "asks": [[2181.5, 147084.0], [2181.75, 3858.0], [2182.0, 1634.0], [2182.25, 1634.0], [2182.5, 11626.0], [2183.0, 9589.0], [2183.25, 7910.0], [2183.75, 1634.0], [2184.0, 39975.0], [2184.25, 52118.0], [2184.5, 1618.0], [2185.0, 1638.0], [2185.25, 18968.0], [2185.75, 1591.0], [2186.0, 50728.0], [2187.0, 1638.0], [2188.25, 1561.0], [2188.5, 89132.0], [2188.75, 1621.0], [2189.0, 10.0]]}}}
{"jsonrpc": "2.0", "method": "subscription", "params": {"channel": "book.ETH-14MAR25.none.20.100ms", "data": {"timestamp": 1741330150137, "change_id": 61242435625, "instrument_name": "ETH-14MAR25", "bids": [[2183.25, 6740.0], [2183.0, 14308.0], [2182.75, 5097.0], [2182.5, 13157.0], [2182.25, 5218.0], [2182.0, 10000.0], [2180.5, 1220.0], [2180.25, 1187.0], [2180.0, 23727.0], [2179.75, 91198.0], [2178.25, 500.0], [2177.0, 1198.0], [2176.75, 17526.0], [2176.25, 1174.0], [2176.0, 500.0], [2175.75, 23877.0], [2175.5, 41198.0], [2174.75, 23452.0], [2174.0, 1217.0], [2173.75, 181191.0]], "asks": [[2183.5, 10000.0], [2183.75, 120.0], [2184.25, 7919.0], [2184.5, 5079.0], [2184.75, 5098.0], [2185.0, 5098.0], [2185.25, 14170.0], [2185.5, 1179.0], [2186.5, 1220.0], [2186.75, 23982.0], [2188.0, 1720.0], [2188.25, 15964.0], [2188.5, 91596.0], [2188.75, 1190.0], [2189.0, 18585.0], [2189.75, 41185.0], [2190.25, 91174.0], [2191.5, 1185.0], [2192.0, 46847.0], [2192.25, 1170.0]]}}}
{"jsonrpc": "2.0", "method": "subscription", "params": {"channel": "book.ETH-7MAR25.none.20.100ms", "data": {"timestamp": 1741330150177, "change_id": 61242435659, "instrument_name": "ETH-7MAR25", "bids": [[2181.0, 1000.0], [2180.75, 20543.0], [2180.5, 1626.0], [2179.0, 1565.0], [2178.75, 1561.0], [2178.5, 91561.0], [2177.0, 7299.0], [2176.75, 51206.0], [2176.0, 1598.0], [2175.75, 38393.0], [2175.5, 48667.0], [2174.75, 1584.0], [2174.5, 1582.0], [2174.25, 1561.0], [2173.75, 1634.0], [2173.5, 41626.0], [2173.25, 24273.0], [2173.0, 17892.0], [2172.75, 52558.0], [2172.25, 180000.0]], "asks": [[2181.25, 1.0], [2181.5, 147084.0], [2181.75, 3858.0], [2182.0, 1634.0], [2182.25, 11634.0], [2182.5, 1626.0], [2183.0, 9589.0], [2183.25, 7910.0], [2183.75, 1634.0], [2184.0, 39975.0], [2184.25, 52118.0], [2184.5, 1618.0], [2185.0, 1638.0], [2185.25, 18968.0], [2185.75, 1591.0], [2186.0, 50728.0], [2187.0, 1638.0], [2188.25, 1561.0], [2188.5, 89132.0], [2188.75, 1621.0]]}}}
{"jsonrpc": "2.0", "method": "subscription", "params": {"channel": "book.ETH-14MAR25.none.20.100ms", "data": {"timestamp": 1741330150494, "change_id": 61242436060, "instrument_name": "ETH-14MAR25", "bids": [[2183.25, 2840.0], [2183.0, 14308.0], [2182.75, 5097.0], [2182.5, 13157.0], [2182.25, 5218.0], [2182.0, 10000.0], [2180.5, 1220.0], [2180.25, 1187.0], [2180.0, 23727.0], [2179.75, 91198.0], [2178.25, 500.0], [2177.0, 1198.0], [2176.75, 17526.0], [2176.25, 1174.0], [2176.0, 500.0], [2175.75, 23877.0], [2175.5, 41198.0], [2174.75, 23452.0], [2174.0, 1217.0], [2173.75, 181191.0]], "asks": [[2183.5, 10120.0], [2184.25, 7919.0], [2184.5, 5079.0], [2184.75, 5098.0], [2185.0, 5098.0], [2185.25, 14170.0], [2186.5, 1220.0], [2186.75, 23982.0], [2188.0, 1720.0], [2188.25, 15964.0], [2188.5, 91596.0], [2188.75, 1190.0], [2189.0, 18585.0], [2189.75, 41185.0], [2190.25, 91174.0], [2191.5, 1185.0], [2192.0, 46847.0], [2192.25, 1170.0], [2192.75, 500.0], [2193.25, 5.0]]}}}
{"jsonrpc": "2.0", "method": "subscription", "params": {"channel": "book.ETH-7MAR25.none.20.100ms", "data": {"timestamp": 1741330150525, "change_id": 61242436130, "instrument_name": "ETH-7MAR25", "bids": [[2181.0, 23380.0], [2180.75, 10543.0], [2179.0, 1565.0], [2178.75, 2979.0], [2178.5, 91561.0], [2177.0, 7299.0], [2176.75, 51206.0], [2176.0, 1598.0], [2175.75, 38393.0], [2175.5, 48667.0], [2174.75, 1584.0], [2174.5, 1582.0], [2174.25, 1561.0], [2173.75, 1634.0], [2173.5, 41626.0], [2173.25, 24273.0], [2173.0, 17892.0], [2172.75, 52558.0], [2172.25, 180000.0], [2171.75, 1601.0]], "asks": [[2181.25, 1.0], [2181.5, 147084.0], [2181.75, 3858.0], [2182.0, 1634.0], [2182.25, 11634.0], [2182.5, 1626.0], [2183.0, 9589.0], [2183.25, 7910.0], [2183.75, 1634.0], [2184.0, 39975.0], [2184.25, 52118.0], [2184.5, 1618.0], [2185.0, 1638.0], [2185.25, 18968.0], [2185.75, 1591.0], [2186.0, 50728.0], [2188.25, 1561.0], [2188.5, 89132.0], [2188.75, 1621.0], [2189.0, 10.0]]}}}
{"jsonrpc": "2.0", "method": "subscription", "params": {"channel": "book.ETH-14MAR25.none.20.100ms", "data": {"timestamp": 1741330150706, "change_id": 61242436305, "instrument_name": "ETH-14MAR25", "bids": [[2183.25, 2840.0], [2183.0, 14308.0], [2182.75, 5097.0], [2182.5, 13157.0], [2182.25, 5218.0], [2182.0, 10000.0], [2180.5, 1220.0], [2180.25, 1187.0], [2180.0, 23727.0], [2179.75, 91198.0], [2178.25, 500.0], [2177.0, 6871.0], [2176.75, 17526.0], [2176.25, 1174.0], [2176.0, 500.0], [2175.75, 23877.0], [2175.5, 41198.0], [2174.75, 23452.0], [2174.0, 1217.0], [2173.75, 181191.0]], "asks": [[2183.5, 10120.0], [2184.25, 7919.0], [2184.5, 5079.0], [2184.75, 5098.0], [2185.0, 5098.0], [2185.25, 10270.0], [2186.5, 1220.0], [2186.75, 23982.0], [2188.0, 1720.0], [2188.25, 15964.0], [2188.5, 91596.0], [2188.75, 1190.0], [2189.0, 18585.0], [2189.75, 41185.0], [2190.25, 91174.0], [2191.5, 1185.0], [2192.0, 46847.0], [2192.25, 1170.0], [2192.75, 500.0], [2193.25, 5.0]]}}}
{"jsonrpc": "2.0", "method": "subscription", "params": {"channel": "book.ETH-7MAR25.none.20.100ms", "data": {"timestamp": 1741330150821, "change_id": 61242436516, "instrument_name": "ETH-7MAR25", "bids": [[2181.0, 11000.0], [2180.75, 10543.0], [2179.0, 1565.0], [2178.75, 8652.0], [2178.5, 91561.0], [2177.0, 1626.0], [2176.75, 51206.0], [2176.0, 1598.0], [2175.75, 38393.0], [2175.5, 48667.0], [2174.75, 1584.0], [2174.5, 1582.0], [2174.25, 1561.0], [2173.75, 1634.0], [2173.5, 41626.0], [2173.25, 24273.0], [2173.0, 17892.0], [2172.75, 52558.0], [2172.25, 180000.0], [2171.75, 1601.0]], "asks": [[2181.5, 147084.0], [2181.75, 3858.0], [2182.0, 1634.0], [2182.25, 11634.0], [2182.5, 1626.0], [2183.0, 9589.0], [2183.25, 7910.0], [2183.75, 1634.0], [2184.0, 39975.0], [2184.25, 52118.0], [2184.5, 1618.0], [2185.0, 1638.0], [2185.25, 18968.0], [2185.75, 1591.0], [2186.0, 50728.0], [2188.25, 1561.0], [2188.5, 89132.0], [2188.75, 1621.0], [2189.0, 10.0], [2189.75, 77305.0]]}}}
{"jsonrpc": "2.0", "method": "subscription", "params": {"channel": "book.ETH-14MAR25.none.20.100ms", "data": {"timestamp": 1741330151138, "change_id": 61242436900, "instrument_name": "ETH-14MAR25", "bids": [[2183.25, 4040.0], [2183.0, 14308.0], [2182.75, 5097.0], [2182.5, 13277.0], [2182.25, 5098.0], [2182.0, 10000.0], [2180.5, 1220.0], [2180.25, 1187.0], [2180.0, 23727.0], [2179.75, 91198.0], [2178.25, 500.0], [2177.0, 6871.0], [2176.75, 17526.0], [2176.25, 1174.0], [2176.0, 500.0], [2175.75, 23877.0], [2175.5, 41198.0], [2174.75, 23452.0], [2174.0, 1217.0], [2173.75, 181191.0]], "asks": [[2183.5, 10120.0], [2184.25, 7919.0], [2184.5, 5079.0], [2184.75, 5098.0], [2185.0, 5098.0], [2185.25, 2198.0], [2185.75, 7968.0], [2186.5, 1220.0], [2186.75, 23982.0], [2188.0, 1720.0], [2188.25, 15964.0], [2188.5, 91596.0], [2188.75, 1190.0], [2189.0, 18585.0], [2189.75, 41185.0], [2190.25, 91174.0], [2191.5, 1185.0], [2192.0, 46847.0], [2192.25, 1170.0], [2192.75, 500.0]]}}}
{"jsonrpc": "2.0", "method": "subscription", "params": {"channel": "book.ETH-7MAR25.none.20.100ms", "data": {"timestamp": 1741330151147, "change_id": 61242436915, "instrument_name": "ETH-7MAR25", "bids": [[2181.0, 27140.0], [2180.75, 10543.0], [2179.0, 1565.0], [2178.75, 8652.0], [2178.5, 91561.0], [2177.0, 1626.0], [2176.75, 51206.0], [2176.0, 1598.0], [2175.75, 38393.0], [2175.5, 48667.0], [2174.75, 1584.0], [2174.5, 1582.0], [2174.25, 1561.0], [2173.75, 1634.0], [2173.5, 41626.0], [2173.25, 24273.0], [2173.0, 17892.0], [2172.75, 52558.0], [2172.25, 180000.0], [2171.75, 1601.0]], "asks": [[2181.5, 147085.0], [2181.75, 3858.0], [2182.0, 1634.0], [2182.25, 11634.0], [2182.5, 1626.0], [2183.0, 9589.0], [2183.25, 7910.0], [2183.75, 1634.0], [2184.0, 39975.0], [2184.25, 52118.0], [2184.5, 1618.0], [2185.0, 1638.0], [2185.25, 18968.0], [2185.75, 1591.0], [2186.0, 50728.0], [2188.25, 1561.0], [2188.5, 89132.0], [2188.75, 1621.0], [2189.0, 10.0], [2189.75, 77305.0]]}}}
{"jsonrpc": "2.0", "method": "subscription", "params": {"channel": "book.ETH-14MAR25.none.20.100ms", "data": {"timestamp": 1741330151518, "change_id": 61242437442, "instrument_name": "ETH-14MAR25", "bids": [[2183.25, 4040.0], [2183.0, 15505.0], [2182.75, 5097.0], [2182.5, 13277.0], [2182.25, 15098.0], [2180.5, 1220.0], [2180.25, 1187.0], [2180.0, 23727.0], [2179.75, 91198.0], [2178.25, 500.0], [2177.0, 6871.0], [2176.75, 17526.0], [2176.25, 1174.0], [2176.0, 500.0], [2175.75, 23877.0], [2175.5, 41198.0], [2174.75, 23452.0], [2174.0, 1217.0], [2173.75, 181191.0], [2173.5, 1229.0]], "asks": [[2183.5, 10000.0], [2184.0, 120.0], [2184.25, 3900.0], [2184.5, 5079.0], [2184.75, 5098.0], [2185.0, 5098.0], [2185.25, 10333.0], [2186.5, 1220.0], [2186.75, 23982.0], [2188.0, 1720.0], [2188.25, 15964.0], [2188.5, 91596.0], [2188.75, 1190.0], [2189.0, 18585.0], [2189.75, 41185.0], [2190.25, 91174.0], [2191.5, 1185.0], [2192.0, 46847.0], [2192.25, 1170.0], [2192.75, 500.0]]}}}
{"jsonrpc": "2.0", "method": "subscription", "params": {"channel": "book.ETH-7MAR25.none.20.100ms", "data": {"timestamp": 1741330151523, "change_id": 61242437500, "instrument_name": "ETH-7MAR25", "bids": [[2181.25, 1601.0], [2181.0, 30366.0], [2180.75, 8311.0], [2179.0, 1565.0], [2178.75, 8652.0], [2178.5, 91561.0], [2177.0, 1626.0], [2176.75, 51206.0], [2176.0, 1598.0], [2175.75, 38393.0], [2175.5, 48667.0], [2174.75, 1584.0], [2174.5, 1582.0], [2174.25, 1561.0], [2173.75, 1634.0], [2173.5, 41626.0], [2173.25, 24273.0], [2173.0, 17892.0], [2172.75, 52558.0], [2172.25, 180000.0]], "asks": [[2181.5, 145484.0], [2182.0, 1634.0], [2182.25, 1634.0], [2182.5, 1626.0], [2182.75, 10000.0], [2183.0, 1634.0], [2183.25, 15947.0], [2183.75, 1634.0], [2184.0, 39975.0], [2184.25, 52118.0], [2184.5, 1618.0], [2185.0, 1638.0], [2185.25, 18968.0], [2185.75, 1591.0], [2186.0, 50728.0], [2188.25, 1561.0], [2188.5, 89132.0], [2188.75, 1621.0], [2189.0, 10.0], [2189.75, 77305.0]]}}}
{"jsonrpc": "2.0", "method": "subscription", "params": {"channel": "book.ETH-14MAR25.none.20.100ms", "data": {"timestamp": 1741330151817, "change_id": 61242438087, "instrument_name": "ETH-14MAR25", "bids": [[2183.25, 34649.0], [2183.0, 2397.0], [2182.75, 5097.0], [2182.5, 13277.0], [2182.25, 11198.0], [2180.5, 1220.0], [2180.25, 1187.0], [2180.0, 23727.0], [2179.75, 91198.0], [2178.25, 500.0], [2177.0, 6871.0], [2176.75, 17526.0], [2176.25, 1174.0], [2176.0, 500.0], [2175.75, 23877.0], [2175.5, 41198.0], [2174.75, 23452.0], [2174.0, 1217.0], [2173.75, 181191.0], [2173.5, 1229.0]], "asks": [[2183.5, 10000.0], [2184.0, 120.0], [2184.25, 3900.0], [2184.5, 7919.0], [2184.75, 5098.0], [2185.0, 5098.0], [2185.25, 2198.0], [2185.5, 5097.0], [2186.25, 7992.0], [2186.5, 1220.0], [2186.75, 23982.0], [2188.0, 1720.0], [2188.25, 15964.0], [2188.5, 91596.0], [2188.75, 1190.0], [2189.0, 18585.0], [2189.75, 41185.0], [2190.25, 91174.0], [2191.5, 1185.0], [2192.0, 46847.0]]}}}
{"jsonrpc": "2.0", "method": "subscription", "params": {"channel": "book.ETH-7MAR25.none.20.100ms", "data": {"timestamp": 1741330151839, "change_id": 61242438106, "instrument_name": "ETH-7MAR25", "bids": [[2181.25, 1600.0], [2181.0, 32598.0], [2180.75, 8311.0], [2179.0, 1565.0], [2178.75, 8652.0], [2178.5, 91561.0], [2177.0, 1626.0], [2176.75, 51206.0], [2176.0, 24291.0], [2175.75, 38393.0], [2175.5, 48667.0], [2174.75, 1584.0], [2174.5, 1582.0], [2174.25, 1561.0], [2173.75, 1634.0], [2173.5, 41626.0], [2173.25, 1580.0], [2173.0, 17892.0], [2172.75, 52558.0], [2172.25, 180000.0]], "asks": [[2181.5, 145485.0], [2182.0, 3866.0], [2182.25, 1634.0], [2182.5, 11626.0], [2183.0, 1634.0], [2183.25, 7910.0], [2183.75, 1634.0], [2184.0, 47897.0], [2184.25, 52118.0], [2184.5, 1618.0], [2185.0, 1638.0], [2185.25, 18968.0], [2185.75, 1591.0], [2186.0, 50728.0], [2188.25, 1561.0], [2188.5, 89132.0], [2188.75, 1621.0], [2189.0, 10.0], [2189.75, 77305.0], [2190.25, 91567.0]]}}}
{"jsonrpc": "2.0", "method": "subscription", "params": {"channel": "book.ETH-14MAR25.none.20.100ms", "data": {"timestamp": 1741330152141, "change_id": 61242438243, "instrument_name": "ETH-14MAR25", "bids": [[2183.25, 52116.0], [2183.0, 2397.0], [2182.75, 5097.0], [2182.5, 13277.0], [2182.25, 11198.0], [2180.5, 1220.0], [2180.25, 2605.0], [2180.0, 23727.0], [2179.75, 91198.0], [2178.25, 500.0], [2177.0, 6871.0], [2176.75, 17526.0], [2176.25, 1174.0], [2176.0, 500.0], [2175.75, 23877.0], [2175.5, 41198.0], [2174.75, 23452.0], [2174.0, 1217.0], [2173.75, 181191.0], [2173.5, 1229.0]], "asks": [[2183.5, 10000.0], [2183.75, 120.0], [2184.25, 3900.0], [2184.5, 7919.0], [2184.75, 5098.0], [2185.0, 5098.0], [2185.25, 2198.0], [2185.5, 5097.0], [2186.25, 7992.0], [2186.5, 1220.0], [2186.75, 23982.0], [2188.0, 1720.0], [2188.25, 15964.0], [2188.5, 91596.0], [2188.75, 1190.0], [2189.0, 18585.0], [2189.75, 41185.0], [2190.25, 91174.0], [2191.5, 1185.0], [2192.0, 46847.0]]}}}
{"jsonrpc": "2.0", "method": "subscription", "params": {"channel": "book.ETH-7MAR25.none.20.100ms", "data": {"timestamp": 1741330152181, "change_id": 61242438256, "instrument_name": "ETH-7MAR25", "bids": [[2181.0, 16458.0], [2180.75, 8311.0], [2179.0, 1565.0], [2178.75, 8652.0], [2178.5, 91561.0], [2177.0, 1626.0], [2176.75, 51206.0], [2176.0, 24291.0], [2175.75, 38393.0], [2175.5, 48667.0], [2174.75, 1584.0], [2174.5, 1582.0], [2174.25, 1561.0], [2173.75, 1634.0], [2173.5, 41626.0], [2173.25, 1580.0], [2173.0, 17892.0], [2172.75, 52558.0], [2172.25, 180000.0], [2171.75, 1601.0]], "asks": [[2181.5, 145484.0], [2182.0, 3866.0], [2182.25, 1634.0], [2182.5, 11626.0], [2183.0, 1634.0], [2183.25, 7910.0], [2183.75, 1634.0], [2184.0, 47897.0], [2184.25, 52118.0], [2184.5, 1618.0], [2185.0, 1638.0], [2185.25, 18968.0], [2185.75, 1591.0], [2186.0, 50728.0], [2188.25, 1561.0], [2188.5, 89132.0], [2188.75, 1621.0], [2189.0, 10.0], [2189.75, 77305.0], [2190.25, 91567.0]]}}}
{"jsonrpc": "2.0", "method": "subscription", "params": {"channel": "book.ETH-14MAR25.none.20.100ms", "data": {"timestamp": 1741330152462, "change_id": 61242438674, "instrument_name": "ETH-14MAR25", "bids": [[2183.25, 34649.0], [2183.0, 1200.0], [2182.75, 5097.0], [2182.5, 13277.0], [2182.25, 11198.0], [2180.5, 1220.0], [2180.25, 8278.0], [2180.0, 23727.0], [2179.75, 91198.0], [2178.25, 500.0], [2177.0, 1198.0], [2176.75, 17526.0], [2176.25, 1174.0], [2176.0, 500.0], [2175.75, 23877.0], [2175.5, 41198.0], [2174.75, 23452.0], [2174.0, 1217.0], [2173.75, 181191.0], [2173.5, 1229.0]], "asks": [[2183.5, 10000.0], [2183.75, 120.0], [2184.25, 5097.0], [2184.5, 7919.0], [2184.75, 5098.0], [2185.0, 5098.0], [2185.25, 2198.0], [2185.5, 5097.0], [2186.25, 7992.0], [2186.5, 1220.0], [2186.75, 23982.0], [2188.0, 1720.0], [2188.25, 15964.0], [2188.5, 91596.0], [2188.75, 1190.0], [2189.0, 18585.0], [2189.75, 41185.0], [2190.25, 91174.0], [2191.5, 1185.0], [2192.0, 46847.0]]}}}
{"jsonrpc": "2.0", "method": "subscription", "params": {"channel": "book.ETH-7MAR25.none.20.100ms", "data": {"timestamp": 1741330152504, "change_id": 61242438767, "instrument_name": "ETH-7MAR25", "bids": [[2181.25, 17450.0], [2181.0, 14226.0], [2180.75, 10543.0], [2179.0, 1565.0], [2178.75, 8652.0], [2178.5, 91561.0], [2177.0, 1626.0], [2176.75, 51206.0], [2176.0, 24291.0], [2175.75, 38393.0], [2175.5, 48667.0], [2174.75, 1584.0], [2174.5, 1582.0], [2174.25, 1561.0], [2173.75, 1634.0], [2173.5, 41626.0], [2173.25, 1580.0], [2173.0, 17892.0], [2172.75, 52558.0], [2172.25, 180000.0]], "asks": [[2181.5, 145484.0], [2181.75, 2232.0], [2182.0, 1634.0], [2182.25, 1634.0], [2182.5, 11626.0], [2183.0, 1634.0], [2183.25, 7910.0], [2183.75, 1634.0], [2184.0, 47897.0], [2184.25, 52118.0], [2184.5, 1618.0], [2185.0, 1638.0], [2185.25, 18968.0], [2185.75, 1591.0], [2186.0, 50728.0], [2188.25, 1561.0], [2188.5, 89132.0], [2188.75, 1621.0], [2189.0, 10.0], [2189.75, 77305.0]]}}}
{"jsonrpc": "2.0", "method": "subscription", "params": {"channel": "book.ETH-14MAR25.none.20.100ms", "data": {"timestamp": 1741330152778, "change_id": 61242439074, "instrument_name": "ETH-14MAR25", "bids": [[2183.25, 52116.0], [2183.0, 5100.0], [2182.75, 5097.0], [2182.5, 13277.0], [2182.25, 11198.0], [2180.5, 1220.0], [2180.25, 8278.0], [2180.0, 23727.0], [2179.75, 91198.0], [2178.25, 500.0], [2177.0, 1198.0], [2176.75, 17526.0], [2176.25, 1174.0], [2176.0, 500.0], [2175.75, 23877.0], [2175.5, 41198.0], [2174.75, 23452.0], [2174.0, 1217.0], [2173.75, 181191.0], [2173.5, 1229.0]], "asks": [[2183.5, 10000.0], [2183.75, 120.0], [2184.25, 5097.0], [2184.5, 7919.0], [2184.75, 5098.0], [2185.0, 5098.0], [2185.25, 6098.0], [2185.5, 1197.0], [2186.25, 7992.0], [2186.5, 1220.0], [2186.75, 23982.0], [2188.0, 1720.0], [2188.25, 15964.0], [2188.5, 91596.0], [2188.75, 1190.0], [2189.0, 18585.0], [2189.75, 41185.0], [2190.25, 91174.0], [2191.5, 1185.0], [2192.0, 46847.0]]}}}
{"jsonrpc": "2.0", "method": "subscription", "params": {"channel": "book.ETH-7MAR25.none.20.100ms", "data": {"timestamp": 1741330152608, "change_id": 61242438855, "instrument_name": "ETH-7MAR25", "bids": [[2181.25, 17451.0], [2181.0, 14226.0], [2180.75, 10543.0], [2179.0, 1565.0], [2178.75, 8652.0], [2178.5, 91561.0], [2177.0, 1626.0], [2176.75, 51206.0], [2176.0, 24291.0], [2175.75, 38393.0], [2175.5, 48667.0], [2174.75, 1584.0], [2174.5, 1582.0], [2174.25, 1561.0], [2173.75, 1634.0], [2173.5, 41626.0], [2173.25, 1580.0], [2173.0, 17892.0], [2172.75, 52558.0], [2172.25, 180000.0]], "asks": [[2181.5, 145484.0], [2181.75, 2232.0], [2182.0, 1634.0], [2182.25, 1634.0], [2182.5, 11626.0], [2183.0, 1634.0], [2183.25, 7910.0], [2183.75, 1634.0], [2184.0, 47897.0], [2184.25, 52118.0], [2184.5, 1618.0], [2185.0, 1638.0], [2185.25, 18968.0], [2185.75, 1591.0], [2186.0, 50728.0], [2188.25, 1561.0], [2188.5, 89132.0], [2188.75, 1621.0], [2189.0, 10.0], [2189.75, 77305.0]]}}}
{"jsonrpc": "2.0", "method": "subscription", "params": {"channel": "book.ETH-14MAR25.none.20.100ms", "data": {"timestamp": 1741330152980, "change_id": 61242439306, "instrument_name": "ETH-14MAR25", "bids": [[2183.25, 52116.0], [2183.0, 6297.0], [2182.75, 5097.0], [2182.5, 13277.0], [2182.25, 11198.0], [2180.5, 1220.0], [2180.25, 8278.0], [2180.0, 23727.0], [2179.75, 91198.0], [2178.25, 500.0], [2177.0, 1198.0], [2176.75, 17526.0], [2176.25, 1174.0], [2176.0, 500.0], [2175.75, 23877.0], [2175.5, 41198.0], [2174.75, 23452.0], [2174.0, 1217.0], [2173.75, 181191.0], [2173.5, 1229.0]], "asks": [[2183.5, 10000.0], [2183.75, 120.0], [2184.25, 3900.0], [2184.5, 7919.0], [2184.75, 5098.0], [2185.0, 5098.0], [2185.25, 6098.0], [2185.5, 1197.0], [2186.25, 7992.0], [2186.5, 1220.0], [2186.75, 23982.0], [2188.0, 1720.0], [2188.25, 15964.0], [2188.5, 91596.0], [2188.75, 1190.0], [2189.0, 18585.0], [2189.75, 41185.0], [2190.25, 91174.0], [2191.5, 1185.0], [2192.0, 46847.0]]}}}
{"jsonrpc": "2.0", "method": "subscription", "params": {"channel": "book.ETH-7MAR25.none.20.100ms", "data": {"timestamp": 1741330153145, "change_id": 61242439497, "instrument_name": "ETH-7MAR25", "bids": [[2181.25, 17450.0], [2181.0, 14226.0], [2180.75, 10543.0], [2179.0, 1565.0], [2178.75, 8652.0], [2178.5, 91561.0], [2177.0, 1626.0], [2176.75, 51206.0], [2176.0, 24291.0], [2175.75, 38393.0], [2175.5, 48667.0], [2174.5, 1582.0], [2174.25, 1561.0], [2173.75, 1634.0], [2173.5, 41626.0], [2173.25, 1580.0], [2173.0, 17892.0], [2172.75, 52558.0], [2172.25, 180000.0], [2171.75, 1601.0]], "asks": [[2181.5, 145485.0], [2182.0, 3866.0], [2182.25, 1634.0], [2182.5, 11626.0], [2183.0, 1634.0], [2183.25, 7910.0], [2183.75, 1634.0], [2184.0, 47897.0], [2184.25, 52118.0], [2184.5, 1618.0], [2185.0, 1638.0], [2185.25, 18968.0], [2185.75, 1591.0], [2186.0, 50728.0], [2188.25, 1561.0], [2188.5, 89132.0], [2188.75, 1621.0], [2189.0, 10.0], [2189.75, 77305.0], [2190.25, 91567.0]]}}}
{"jsonrpc": "2.0", "method": "subscription", "params": {"channel": "book.ETH-14MAR25.none.20.100ms", "data": {"timestamp": 1741330153474, "change_id": 61242439924, "instrument_name": "ETH-14MAR25", "bids": [[2183.25, 52116.0], [2183.0, 6297.0], [2182.75, 5217.0], [2182.5, 13157.0], [2182.25, 11198.0], [2180.5, 1220.0], [2180.25, 8278.0], [2180.0, 23727.0], [2179.75, 91198.0], [2178.25, 500.0], [2177.0, 1198.0], [2176.75, 17526.0], [2176.25, 1174.0], [2176.0, 500.0], [2175.75, 23877.0], [2175.5, 41198.0], [2174.75, 23452.0], [2174.5, 45172.0], [2174.0, 1217.0], [2173.75, 181191.0]], "asks": [[2183.5, 10000.0], [2183.75, 120.0], [2184.25, 3900.0], [2184.5, 7919.0], [2184.75, 5098.0], [2185.0, 5098.0], [2185.25, 6098.0], [2185.5, 1197.0], [2186.25, 7992.0], [2186.5, 1220.0], [2186.75, 23982.0], [2188.0, 1720.0], [2188.25, 15964.0], [2188.5, 91596.0], [2188.75, 1190.0], [2189.0, 18585.0], [2189.75, 41185.0], [2190.25, 91174.0], [2191.5, 1185.0], [2192.0, 46847.0]]}}}
{"jsonrpc": "2.0", "method": "subscription", "params": {"channel": "book.ETH-7MAR25.none.20.100ms", "data": {"timestamp": 1741330153504, "change_id": 61242439938, "instrument_name": "ETH-7MAR25", "bids": [[2181.25, 29051.0], [2181.0, 6458.0], [2180.75, 8311.0], [2179.0, 1565.0], [2178.75, 8652.0], [2178.5, 91561.0], [2177.0, 1626.0], [2176.75, 51206.0], [2176.0, 24291.0], [2175.75, 38393.0], [2175.5, 48667.0], [2174.5, 1582.0], [2174.25, 1561.0], [2173.75, 1634.0], [2173.5, 41626.0], [2173.25, 1580.0], [2173.0, 17892.0], [2172.75, 52558.0], [2172.25, 180000.0], [2171.75, 1601.0]], "asks": [[2181.5, 145484.0], [2182.0, 3866.0], [2182.25, 1634.0], [2182.5, 11626.0], [2183.0, 1634.0], [2183.25, 7910.0], [2183.75, 1634.0], [2184.0, 47897.0], [2184.25, 52118.0], [2184.5, 1618.0], [2185.0, 1638.0], [2185.25, 18968.0], [2185.75, 1591.0], [2186.0, 50728.0], [2188.25, 1561.0], [2188.5, 89132.0], [2188.75, 1621.0], [2189.0, 10.0], [2189.75, 77305.0], [2190.25, 91567.0]]}}}
{"jsonrpc": "2.0", "method": "subscription", "params": {"channel": "book.ETH-14MAR25.none.20.100ms", "data": {"timestamp": 1741330153820, "change_id": 61242440686, "instrument_name": "ETH-14MAR25", "bids": [[2183.75, 33463.0], [2183.5, 13104.0], [2183.25, 22567.0], [2183.0, 5097.0], [2182.75, 5217.0], [2182.5, 15097.0], [2182.25, 1198.0], [2180.5, 1220.0], [2180.25, 8278.0], [2180.0, 23727.0], [2179.75, 91198.0], [2178.25, 500.0], [2177.0, 1198.0], [2176.75, 17526.0], [2176.25, 1174.0], [2176.0, 500.0], [2175.75, 23877.0], [2175.5, 41198.0], [2174.75, 23452.0], [2174.5, 45172.0]], "asks": [[2184.0, 10000.0], [2184.25, 120.0], [2184.5, 3900.0], [2184.75, 7938.0], [2185.0, 5098.0], [2185.25, 6098.0], [2185.5, 1197.0], [2186.0, 5097.0], [2186.25, 7992.0], [2186.5, 1220.0], [2186.75, 23982.0], [2188.0, 1720.0], [2188.25, 15964.0], [2188.5, 91596.0], [2188.75, 1190.0], [2189.0, 18585.0], [2189.75, 41185.0], [2190.25, 91174.0], [2191.5, 1185.0], [2192.0, 46847.0]]}}}
{"jsonrpc": "2.0", "method": "subscription", "params": {"channel": "book.ETH-7MAR25.none.20.100ms", "data": {"timestamp": 1741330153822, "change_id": 61242440688, "instrument_name": "ETH-7MAR25", "bids": [[2181.25, 31283.0], [2181.0, 4226.0], [2180.75, 8311.0], [2179.0, 1565.0], [2178.75, 8652.0], [2178.5, 91561.0], [2177.0, 1626.0], [2176.75, 51206.0], [2176.0, 24291.0], [2175.75, 38393.0], [2175.5, 48667.0], [2174.5, 1582.0], [2174.25, 1561.0], [2173.75, 1634.0], [2173.5, 41626.0], [2173.25, 1580.0], [2173.0, 17892.0], [2172.75, 52558.0], [2172.25, 180000.0], [2171.75, 1601.0]], "asks": [[2181.5, 145484.0], [2182.0, 2232.0], [2182.25, 1634.0], [2182.5, 1626.0], [2183.0, 11634.0], [2183.25, 7910.0], [2183.75, 1634.0], [2184.0, 47897.0], [2184.25, 52118.0], [2184.5, 1618.0], [2185.0, 1638.0], [2185.25, 18968.0], [2185.75, 1591.0], [2186.0, 50728.0], [2188.25, 1561.0], [2188.5, 49132.0], [2188.75, 1621.0], [2189.0, 10.0], [2189.5, 41626.0], [2189.75, 77305.0]]}}}
{"jsonrpc": "2.0", "method": "subscription", "params": {"channel": "book.ETH-14MAR25.none.20.100ms", "data": {"timestamp": 1741330154018, "change_id": 61242440910, "instrument_name": "ETH-14MAR25", "bids": [[2183.75, 29563.0], [2183.5, 13104.0], [2183.25, 5100.0], [2183.0, 5097.0], [2182.75, 5217.0], [2182.5, 15097.0], [2182.25, 1198.0], [2180.5, 1220.0], [2180.25, 8278.0], [2180.0, 23727.0], [2179.75, 91198.0], [2178.25, 500.0], [2177.0, 1198.0], [2176.75, 17526.0], [2176.25, 1174.0], [2176.0, 500.0], [2175.75, 23877.0], [2175.5, 41198.0], [2174.75, 23452.0], [2174.5, 45172.0]], "asks": [[2184.0, 10120.0], [2184.5, 5097.0], [2184.75, 7938.0], [2185.0, 5098.0], [2185.25, 6098.0], [2185.5, 1197.0], [2186.0, 5097.0], [2186.25, 7992.0], [2186.5, 1220.0], [2186.75, 23982.0], [2188.0, 1720.0], [2188.25, 15964.0], [2188.5, 91596.0], [2188.75, 1190.0], [2189.0, 18585.0], [2189.75, 41185.0], [2190.25, 91174.0], [2191.5, 1185.0], [2192.0, 46847.0], [2192.25, 1170.0]]}}}
{"jsonrpc": "2.0", "method": "subscription", "params": {"channel": "book.ETH-7MAR25.none.20.100ms", "data": {"timestamp": 1741330154149, "change_id": 61242441000, "instrument_name": "ETH-7MAR25", "bids": [[2181.25, 31282.0], [2181.0, 4226.0], [2180.75, 8311.0], [2179.0, 1565.0], [2178.75, 8652.0], [2178.5, 91561.0], [2177.0, 1626.0], [2176.75, 51206.0], [2176.0, 24291.0], [2175.75, 38393.0], [2175.5, 48667.0], [2174.5, 1582.0], [2174.25, 1561.0], [2173.75, 1634.0], [2173.5, 41626.0], [2173.25, 1580.0], [2173.0, 17892.0], [2172.75, 52558.0], [2172.25, 180000.0], [2171.75, 1601.0]], "asks": [[2181.5, 145484.0], [2182.0, 2232.0], [2182.25, 1634.0], [2182.5, 1626.0], [2182.75, 10000.0], [2183.0, 1634.0], [2183.25, 7910.0], [2183.75, 1634.0], [2184.0, 47897.0], [2184.25, 52118.0], [2184.5, 1618.0], [2185.0, 1638.0], [2185.25, 18968.0], [2185.75, 1591.0], [2186.0, 50728.0], [2188.25, 1561.0], [2188.5, 49132.0], [2188.75, 1621.0], [2189.0, 10.0], [2189.5, 41626.0]]}}}
{"jsonrpc": "2.0", "method": "subscription", "params": {"channel": "book.ETH-14MAR25.none.20.100ms", "data": {"timestamp": 1741330154265, "change_id": 61242441056, "instrument_name": "ETH-14MAR25", "bids": [[2183.75, 29563.0], [2183.5, 30572.0], [2183.25, 5100.0], [2183.0, 5097.0], [2182.75, 5217.0], [2182.5, 15097.0], [2182.25, 1198.0], [2180.5, 1220.0], [2180.25, 8278.0], [2180.0, 23727.0], [2179.75, 91198.0], [2178.25, 500.0], [2177.0, 1198.0], [2176.75, 17526.0], [2176.25, 1174.0], [2176.0, 500.0], [2175.75, 23877.0], [2175.5, 41198.0], [2174.75, 23452.0], [2174.5, 45172.0]], "asks": [[2184.0, 10120.0], [2184.5, 5097.0], [2184.75, 7938.0], [2185.0, 5098.0], [2185.25, 6098.0], [2185.5, 1197.0], [2186.0, 5097.0], [2186.25, 7992.0], [2186.5, 1220.0], [2186.75, 23982.0], [2188.0, 1720.0], [2188.25, 15964.0], [2188.5, 91596.0], [2188.75, 1190.0], [2189.0, 18585.0], [2189.75, 41185.0], [2190.25, 91174.0], [2191.5, 1185.0], [2192.0, 46847.0], [2192.25, 1170.0]]}}}
{"jsonrpc": "2.0", "method": "subscription", "params": {"channel": "book.ETH-7MAR25.none.20.100ms", "data": {"timestamp": 1741330154489, "change_id": 61242441364, "instrument_name": "ETH-7MAR25", "bids": [[2181.25, 29050.0], [2181.0, 6458.0], [2180.75, 8311.0], [2179.0, 1565.0], [2178.75, 8652.0], [2178.5, 91561.0], [2177.0, 1626.0], [2176.75, 51206.0], [2176.0, 24291.0], [2175.75, 38393.0], [2175.5, 48667.0], [2174.5, 1582.0], [2174.25, 1561.0], [2173.75, 1634.0], [2173.5, 41626.0], [2173.25, 1580.0], [2173.0, 17892.0], [2172.75, 52558.0], [2172.25, 180000.0], [2171.75, 1601.0]], "asks": [[2181.5, 145484.0], [2182.0, 2232.0], [2182.25, 1634.0], [2182.5, 1626.0], [2182.75, 10000.0], [2183.0, 1634.0], [2183.25, 7910.0], [2183.75, 1634.0], [2184.0, 47897.0], [2184.25, 52118.0], [2184.5, 1618.0], [2185.0, 1638.0], [2185.25, 18968.0], [2185.75, 1591.0], [2186.0, 50728.0], [2188.25, 1561.0], [2188.5, 49132.0], [2188.75, 1621.0], [2189.0, 10.0], [2189.5, 41626.0]]}}}
{"jsonrpc": "2.0", "method": "subscription", "params": {"channel": "book.ETH-14MAR25.none.20.100ms", "data": {"timestamp": 1741330154830, "change_id": 61242442043, "instrument_name": "ETH-14MAR25", "bids": [[2183.75, 26723.0], [2183.5, 20308.0], [2183.25, 5100.0], [2183.0, 13323.0], [2182.75, 5217.0], [2182.5, 5097.0], [2182.25, 1198.0], [2182.0, 10000.0], [2180.5, 1220.0], [2180.25, 8278.0], [2180.0, 23727.0], [2179.75, 91198.0], [2178.25, 500.0], [2177.0, 1198.0], [2176.75, 17526.0], [2176.25, 1174.0], [2176.0, 500.0], [2175.75, 23877.0], [2175.5, 41198.0], [2174.75, 23452.0]], "asks": [[2184.0, 15220.0], [2184.25, 1197.0], [2184.5, 7937.0], [2184.75, 5098.0], [2185.0, 5098.0], [2185.25, 6098.0], [2185.5, 1197.0], [2185.75, 5097.0], [2186.0, 5097.0], [2186.25, 7992.0], [2186.5, 1220.0], [2186.75, 23982.0], [2188.0, 1720.0], [2188.25, 15964.0], [2188.5, 91596.0], [2188.75, 1190.0], [2189.0, 18585.0], [2189.75, 41185.0], [2190.25, 91174.0], [2191.5, 1185.0]]}}}
{"jsonrpc": "2.0", "method": "subscription", "params": {"channel": "book.ETH-7MAR25.none.20.100ms", "data": {"timestamp": 1741330154829, "change_id": 61242442042, "instrument_name": "ETH-7MAR25", "bids": [[2181.25, 27450.0], [2181.0, 4832.0], [2180.75, 8311.0], [2179.0, 1565.0], [2178.75, 8652.0], [2178.5, 91561.0], [2177.0, 1626.0], [2176.75, 51206.0], [2176.0, 24291.0], [2175.75, 38393.0], [2175.5, 48667.0], [2174.5, 1582.0], [2174.25, 1561.0], [2173.75, 1634.0], [2173.5, 41626.0], [2173.25, 1580.0], [2173.0, 17892.0], [2172.75, 52558.0], [2172.25, 180000.0], [2171.75, 1601.0]], "asks": [[2181.5, 145484.0], [2181.75, 1626.0], [2182.0, 2232.0], [2182.25, 1634.0], [2182.5, 11626.0], [2183.0, 1634.0], [2183.25, 7910.0], [2183.75, 1634.0], [2184.0, 47897.0], [2184.25, 52118.0], [2184.5, 1618.0], [2185.0, 1638.0], [2185.25, 18968.0], [2185.75, 1591.0], [2186.0, 50728.0], [2188.25, 1561.0], [2188.5, 49132.0], [2188.75, 1621.0], [2189.0, 10.0], [2189.5, 41626.0]]}}}
{"jsonrpc": "2.0", "method": "subscription", "params": {"channel": "book.ETH-14MAR25.none.20.100ms", "data": {"timestamp": 1741330155158, "change_id": 61242442290, "instrument_name": "ETH-14MAR25", "bids": [[2183.5, 20389.0], [2183.25, 7940.0], [2183.0, 12126.0], [2182.75, 5217.0], [2182.5, 5097.0], [2182.25, 11198.0], [2180.5, 1220.0], [2180.25, 8278.0], [2180.0, 23727.0], [2179.75, 91198.0], [2178.25, 500.0], [2177.0, 1198.0], [2176.75, 17526.0], [2176.25, 1174.0], [2176.0, 500.0], [2175.75, 23877.0], [2175.5, 41198.0], [2174.75, 23452.0], [2174.5, 45172.0], [2174.0, 1217.0]], "asks": [[2184.0, 14020.0], [2184.25, 4037.0], [2184.5, 5097.0], [2184.75, 5098.0], [2185.0, 5098.0], [2185.25, 6098.0], [2185.5, 1197.0], [2185.75, 5097.0], [2186.0, 5097.0], [2186.25, 7992.0], [2186.5, 1220.0], [2186.75, 23982.0], [2188.0, 1720.0], [2188.25, 15964.0], [2188.5, 91596.0], [2188.75, 1190.0], [2189.0, 18585.0], [2189.75, 41185.0], [2190.25, 91174.0], [2191.5, 1185.0]]}}}
{"jsonrpc": "2.0", "method": "subscription", "params": {"channel": "book.ETH-7MAR25.none.20.100ms", "data": {"timestamp": 1741330155084, "change_id": 61242442259, "instrument_name": "ETH-7MAR25", "bids": [[2181.25, 27450.0], [2181.0, 4226.0], [2180.75, 10543.0], [2179.0, 1565.0], [2178.75, 8652.0], [2178.5, 91561.0], [2177.0, 1626.0], [2176.75, 51206.0], [2176.0, 24291.0], [2175.75, 38393.0], [2175.5, 48667.0], [2174.5, 1582.0], [2174.25, 1561.0], [2173.75, 1634.0], [2173.5, 41626.0], [2173.25, 1580.0], [2173.0, 17892.0], [2172.75, 52558.0], [2172.25, 180000.0], [2171.75, 1601.0]], "asks": [[2181.5, 145485.0], [2181.75, 3858.0], [2182.25, 1634.0], [2182.5, 11626.0], [2183.0, 1634.0], [2183.25, 7910.0], [2183.75, 1634.0], [2184.0, 47897.0], [2184.25, 52118.0], [2184.5, 1618.0], [2185.0, 1638.0], [2185.25, 18968.0], [2185.75, 1591.0], [2186.0, 50728.0], [2188.25, 1561.0], [2188.5, 49132.0], [2188.75, 1621.0], [2189.0, 10.0], [2189.5, 41626.0], [2189.75, 77305.0]]}}}
{"jsonrpc": "2.0", "method": "subscription", "params": {"channel": "book.ETH-14MAR25.none.20.100ms", "data": {"timestamp": 1741330155474, "change_id": 61242442666, "instrument_name": "ETH-14MAR25", "bids": [[2183.5, 16489.0], [2183.25, 23974.0], [2183.0, 12126.0], [2182.75, 5097.0], [2182.5, 5097.0], [2182.25, 11318.0], [2180.5, 1220.0], [2180.25, 8278.0], [2180.0, 23727.0], [2179.75, 91198.0], [2178.25, 500.0], [2177.0, 1198.0], [2176.75, 17526.0], [2176.25, 1174.0], [2176.0, 500.0], [2175.75, 23877.0], [2175.5, 41198.0], [2174.75, 23452.0], [2174.5, 45172.0], [2174.0, 1217.0]], "asks": [[2183.75, 14020.0], [2184.0, 3900.0], [2184.25, 4037.0], [2184.5, 5097.0], [2184.75, 5098.0], [2185.0, 5098.0], [2185.25, 6098.0], [2185.5, 1197.0], [2185.75, 5097.0], [2186.0, 5097.0], [2186.25, 7992.0], [2186.5, 1220.0], [2186.75, 23982.0], [2188.0, 1720.0], [2188.25, 15964.0], [2188.5, 91596.0], [2188.75, 1190.0], [2189.0, 18585.0], [2189.75, 41185.0], [2190.25, 91174.0]]}}}
{"jsonrpc": "2.0", "method": "subscription", "params": {"channel": "book.ETH-7MAR25.none.20.100ms", "data": {"timestamp": 1741330155478, "change_id": 61242442673, "instrument_name": "ETH-7MAR25", "bids": [[2181.25, 27450.0], [2181.0, 1000.0], [2180.75, 10543.0], [2179.0, 1565.0], [2178.75, 8652.0], [2178.5, 91561.0], [2177.0, 1626.0], [2176.75, 51206.0], [2176.0, 24291.0], [2175.75, 38393.0], [2175.5, 48667.0], [2174.5, 1582.0], [2174.25, 1561.0], [2173.75, 1634.0], [2173.5, 41626.0], [2173.25, 1580.0], [2173.0, 17892.0], [2172.75, 52558.0], [2172.25, 180000.0], [2171.75, 1601.0]], "asks": [[2181.5, 147084.0], [2181.75, 3858.0], [2182.25, 1634.0], [2182.5, 11626.0], [2183.0, 1634.0], [2183.25, 7910.0], [2183.75, 1634.0], [2184.0, 47897.0], [2184.25, 52118.0], [2184.5, 1618.0], [2185.0, 1638.0], [2185.25, 18968.0], [2185.75, 1591.0], [2186.0, 50728.0], [2188.25, 1561.0], [2188.5, 49132.0], [2188.75, 1621.0], [2189.0, 10.0], [2189.5, 41626.0], [2189.75, 77305.0]]}}}
{"jsonrpc": "2.0", "method": "subscription", "params": {"channel": "book.ETH-14MAR25.none.20.100ms", "data": {"timestamp": 1741330155740, "change_id": 61242442990, "instrument_name": "ETH-14MAR25", "bids": [[2183.5, 16489.0], [2183.25, 23974.0], [2183.0, 12126.0], [2182.75, 5097.0], [2182.5, 5217.0], [2182.25, 11198.0], [2180.5, 1220.0], [2180.25, 8278.0], [2180.0, 23727.0], [2179.75, 91198.0], [2178.25, 500.0], [2177.0, 1198.0], [2176.75, 17526.0], [2176.25, 1174.0], [2176.0, 500.0], [2175.75, 23877.0], [2175.5, 41198.0], [2174.75, 23452.0], [2174.5, 45172.0], [2174.0, 1217.0]], "asks": [[2183.75, 14020.0], [2184.0, 3900.0], [2184.25, 4037.0], [2184.5, 5097.0], [2184.75, 5098.0], [2185.0, 5098.0], [2185.25, 6098.0], [2185.5, 1197.0], [2185.75, 5097.0], [2186.0, 5097.0], [2186.25, 7992.0], [2186.5, 1220.0], [2186.75, 23982.0], [2188.0, 1720.0], [2188.25, 15964.0], [2188.5, 91596.0], [2188.75, 1190.0], [2189.0, 18585.0], [2189.75, 41185.0], [2190.25, 91174.0]]}}}
{"jsonrpc": "2.0", "method": "subscription", "params": {"channel": "book.ETH-7MAR25.none.20.100ms", "data": {"timestamp": 1741330155793, "change_id": 61242443117, "instrument_name": "ETH-7MAR25", "bids": [[2181.25, 27450.0], [2181.0, 1000.0], [2180.75, 10543.0], [2179.0, 1565.0], [2178.75, 8652.0], [2178.5, 91561.0], [2177.0, 1626.0], [2176.75, 51206.0], [2176.0, 61113.0], [2175.75, 1571.0], [2175.5, 48667.0], [2174.25, 1561.0], [2173.75, 1634.0], [2173.5, 41626.0], [2173.25, 1580.0], [2173.0, 17892.0], [2172.75, 52558.0], [2172.25, 180000.0], [2171.75, 1601.0], [2171.5, 1618.0]], "asks": [[2181.5, 147085.0], [2181.75, 3858.0], [2182.25, 1634.0], [2182.5, 11626.0], [2183.0, 1634.0], [2183.25, 7910.0], [2183.75, 1634.0], [2184.0, 47897.0], [2184.25, 52118.0], [2184.5, 1618.0], [2185.0, 1638.0], [2185.25, 18968.0], [2185.75, 1591.0], [2186.0, 50728.0], [2188.25, 1561.0], [2188.5, 49132.0], [2188.75, 1621.0], [2189.0, 10.0], [2189.5, 41626.0], [2189.75, 77305.0]]}}}
{"jsonrpc": "2.0", "method": "subscription", "params": {"channel": "book.ETH-14MAR25.none.20.100ms", "data": {"timestamp": 1741330155947, "change_id": 61242443367, "instrument_name": "ETH-14MAR25", "bids": [[2183.5, 16489.0], [2183.25, 23974.0], [2183.0, 12126.0], [2182.75, 5097.0], [2182.5, 5217.0], [2182.25, 11198.0], [2180.5, 1220.0], [2180.25, 8278.0], [2180.0, 23727.0], [2179.75, 91198.0], [2178.25, 500.0], [2177.0, 1198.0], [2176.75, 17526.0], [2176.25, 1174.0], [2176.0, 500.0], [2175.75, 23877.0], [2175.5, 41198.0], [2174.75, 23452.0], [2174.5, 45172.0], [2174.0, 1217.0]], "asks": [[2183.75, 10120.0], [2184.0, 3900.0], [2184.25, 4037.0], [2184.5, 5097.0], [2184.75, 5098.0], [2185.0, 5098.0], [2185.25, 6098.0], [2185.5, 1197.0], [2185.75, 5097.0], [2186.0, 5097.0], [2186.25, 7992.0], [2186.5, 1220.0], [2186.75, 23982.0], [2188.0, 1720.0], [2188.25, 15964.0], [2188.5, 91596.0], [2188.75, 1190.0], [2189.0, 18585.0], [2189.75, 41185.0], [2190.25, 91174.0]]}}}
{"jsonrpc": "2.0", "method": "subscription", "params": {"channel": "book.ETH-7MAR25.none.20.100ms", "data": {"timestamp": 1741330156135, "change_id": 61242443574, "instrument_name": "ETH-7MAR25", "bids": [[2181.0, 12600.0], [2180.75, 10543.0], [2179.0, 1565.0], [2178.75, 8652.0], [2178.5, 91561.0], [2177.0, 1626.0], [2176.75, 51206.0], [2176.0, 61113.0], [2175.75, 1571.0], [2175.5, 48667.0], [2174.25, 1561.0], [2173.75, 1634.0], [2173.5, 41626.0], [2173.25, 1580.0], [2173.0, 17892.0], [2172.75, 52558.0], [2172.25, 180000.0], [2171.75, 1601.0], [2171.5, 1618.0], [2171.25, 75620.0]], "asks": [[2181.5, 145484.0], [2181.75, 3858.0], [2182.25, 11634.0], [2182.5, 1626.0], [2183.0, 1634.0], [2183.25, 7910.0], [2183.75, 1634.0], [2184.0, 47897.0], [2184.25, 52118.0], [2184.5, 1618.0], [2185.0, 1638.0], [2185.25, 18968.0], [2185.75, 1591.0], [2186.0, 50728.0], [2188.25, 1561.0], [2188.5, 49132.0], [2188.75, 1621.0], [2189.0, 10.0], [2189.5, 41626.0], [2189.75, 77305.0]]}}}
{"jsonrpc": "2.0", "method": "subscription", "params": {"channel": "book.ETH-14MAR25.none.20.100ms", "data": {"timestamp": 1741330156416, "change_id": 61242443755, "instrument_name": "ETH-14MAR25", "bids": [[2183.5, 16489.0], [2183.25, 6740.0], [2183.0, 12126.0], [2182.75, 5097.0], [2182.5, 5217.0], [2182.25, 11198.0], [2180.5, 1220.0], [2180.25, 8278.0], [2180.0, 23727.0], [2179.75, 91198.0], [2178.25, 500.0], [2177.0, 1198.0], [2176.75, 17526.0], [2176.25, 1174.0], [2176.0, 500.0], [2175.75, 23877.0], [2175.5, 41198.0], [2174.75, 23452.0], [2174.5, 45172.0], [2174.0, 1217.0]], "asks": [[2183.75, 10120.0], [2184.0, 3900.0], [2184.25, 4037.0], [2184.5, 5097.0], [2184.75, 5098.0], [2185.0, 5098.0], [2185.25, 6098.0], [2185.5, 15966.0], [2185.75, 5097.0], [2186.0, 5097.0], [2186.25, 7992.0], [2186.5, 1220.0], [2186.75, 23982.0], [2188.0, 1720.0], [2188.25, 1195.0], [2188.5, 91596.0], [2188.75, 1190.0], [2189.0, 18585.0], [2189.75, 41185.0], [2190.25, 91174.0]]}}}
{"jsonrpc": "2.0", "method": "subscription", "params": {"channel": "book.ETH-7MAR25.none.20.100ms", "data": {"timestamp": 1741330156477, "change_id": 61242443947, "instrument_name": "ETH-7MAR25", "bids": [[2181.0, 28449.0], [2180.75, 10543.0], [2179.0, 1565.0], [2178.75, 8652.0], [2178.5, 91561.0], [2177.0, 1626.0], [2176.75, 51206.0], [2176.0, 61113.0], [2175.75, 1571.0], [2175.5, 48667.0], [2174.25, 1561.0], [2173.75, 1634.0], [2173.5, 41626.0], [2173.25, 1580.0], [2173.0, 17892.0], [2172.75, 52558.0], [2172.25, 180000.0], [2171.75, 1601.0], [2171.5, 1618.0], [2171.25, 75620.0]], "asks": [[2181.5, 147084.0], [2181.75, 3858.0], [2182.25, 11634.0], [2182.5, 1626.0], [2183.0, 1634.0], [2183.25, 7910.0], [2183.75, 1634.0], [2184.0, 47897.0], [2184.25, 52118.0], [2184.5, 1618.0], [2185.0, 1638.0], [2185.25, 18968.0], [2185.75, 1591.0], [2186.0, 50728.0], [2188.25, 1561.0], [2188.5, 49132.0], [2188.75, 1621.0], [2189.0, 10.0], [2189.5, 41626.0], [2189.75, 77305.0]]}}}
{"jsonrpc": "2.0", "method": "subscription", "params": {"channel": "book.ETH-14MAR25.none.20.100ms", "data": {"timestamp": 1741330156764, "change_id": 61242444316, "instrument_name": "ETH-14MAR25", "bids": [[2183.5, 16489.0], [2183.25, 24206.0], [2183.0, 12126.0], [2182.75, 5097.0], [2182.5, 5217.0], [2182.25, 11198.0], [2180.5, 1220.0], [2180.25, 8278.0], [2180.0, 23727.0], [2179.75, 91198.0], [2178.25, 500.0], [2177.0, 1198.0], [2176.75, 17526.0], [2176.25, 1174.0], [2176.0, 500.0], [2175.75, 23877.0], [2175.5, 41198.0], [2174.75, 23452.0], [2174.5, 45172.0], [2174.0, 1217.0]], "asks": [[2183.75, 14020.0], [2184.0, 3900.0], [2184.25, 4037.0], [2184.5, 5097.0], [2184.75, 5098.0], [2185.0, 5098.0], [2185.25, 6098.0], [2185.5, 15966.0], [2185.75, 5097.0], [2186.0, 5097.0], [2186.25, 7992.0], [2186.5, 1220.0], [2186.75, 23982.0], [2188.0, 1720.0], [2188.25, 1195.0], [2188.5, 91596.0], [2188.75, 1190.0], [2189.0, 18585.0], [2189.75, 41185.0], [2190.25, 91174.0]]}}}
{"jsonrpc": "2.0", "method": "subscription", "params": {"channel": "book.ETH-7MAR25.none.20.100ms", "data": {"timestamp": 1741330156804, "change_id": 61242444340, "instrument_name": "ETH-7MAR25", "bids": [[2181.0, 28450.0], [2180.75, 10543.0], [2179.0, 1565.0], [2178.75, 8652.0], [2178.5, 91561.0], [2177.0, 1626.0], [2176.75, 51206.0], [2176.0, 61113.0], [2175.75, 1571.0], [2175.5, 48667.0], [2174.25, 1561.0], [2173.75, 1634.0], [2173.5, 41626.0], [2173.25, 1580.0], [2173.0, 17892.0], [2172.75, 52558.0], [2172.25, 180000.0], [2171.75, 1601.0], [2171.5, 1618.0], [2171.25, 75620.0]], "asks": [[2181.5, 149316.0], [2181.75, 1626.0], [2182.25, 11634.0], [2182.5, 1626.0], [2183.0, 1634.0], [2183.25, 7910.0], [2183.75, 1634.0], [2184.0, 47897.0], [2184.25, 52118.0], [2184.5, 1618.0], [2185.0, 1638.0], [2185.25, 18968.0], [2185.75, 1591.0], [2186.0, 50728.0], [2188.25, 1561.0], [2188.5, 49132.0], [2188.75, 1621.0], [2189.0, 10.0], [2189.5, 41626.0], [2189.75, 77305.0]]}}}
{"jsonrpc": "2.0", "method": "subscription", "params": {"channel": "book.ETH-14MAR25.none.20.100ms", "data": {"timestamp": 1741330157004, "change_id": 61242444638, "instrument_name": "ETH-14MAR25", "bids": [[2183.5, 16489.0], [2183.25, 24206.0], [2183.0, 12126.0], [2182.75, 5097.0], [2182.5, 5097.0], [2182.25, 1198.0], [2182.0, 10120.0], [2180.5, 1220.0], [2180.25, 8278.0], [2180.0, 23727.0], [2179.75, 91198.0], [2178.25, 500.0], [2177.0, 1198.0], [2176.75, 17526.0], [2176.25, 1174.0], [2176.0, 500.0], [2175.75, 23877.0], [2175.5, 41198.0], [2174.75, 23452.0], [2174.5, 45172.0]], "asks": [[2183.75, 14020.0], [2184.0, 3900.0], [2184.25, 4037.0], [2184.5, 5097.0], [2184.75, 5098.0], [2185.0, 5098.0], [2185.25, 6098.0], [2185.5, 15966.0], [2185.75, 5097.0], [2186.0, 5097.0], [2186.25, 7992.0], [2186.5, 1220.0], [2186.75, 23982.0], [2188.0, 1720.0], [2188.25, 1195.0], [2188.5, 91596.0], [2188.75, 1190.0], [2189.0, 18585.0], [2189.75, 41185.0], [2190.25, 91174.0]]}}}
{"jsonrpc": "2.0", "method": "subscription", "params": {"channel": "book.ETH-7MAR25.none.20.100ms", "data": {"timestamp": 1741330157114, "change_id": 61242444675, "instrument_name": "ETH-7MAR25", "bids": [[2181.0, 28450.0], [2180.75, 10543.0], [2179.0, 1565.0], [2178.75, 8652.0], [2178.5, 91561.0], [2177.0, 1626.0], [2176.75, 51206.0], [2176.0, 61113.0], [2175.75, 1571.0], [2175.5, 48667.0], [2174.25, 1561.0], [2173.75, 1634.0], [2173.5, 41626.0], [2173.25, 1580.0], [2173.0, 17892.0], [2172.75, 52558.0], [2172.25, 180000.0], [2171.75, 1601.0], [2171.5, 1618.0], [2171.25, 75620.0]], "asks": [[2181.5, 147084.0], [2181.75, 3858.0], [2182.25, 11634.0], [2182.5, 1626.0], [2183.0, 1634.0], [2183.25, 7910.0], [2183.75, 1634.0], [2184.0, 47897.0], [2184.25, 52118.0], [2184.5, 1618.0], [2185.0, 1638.0], [2185.25, 18968.0], [2185.75, 1591.0], [2186.0, 50728.0], [2188.25, 1561.0], [2188.5, 49132.0], [2188.75, 1621.0], [2189.0, 10.0], [2189.5, 41626.0], [2189.75, 77305.0]]}}}
{"jsonrpc": "2.0", "method": "subscription", "params": {"channel": "book.ETH-14MAR25.none.20.100ms", "data": {"timestamp": 1741330157284, "change_id": 61242444817, "instrument_name": "ETH-14MAR25", "bids": [[2183.5, 16489.0], [2183.25, 6740.0], [2183.0, 12126.0], [2182.75, 5097.0], [2182.5, 5097.0], [2182.25, 1318.0], [2182.0, 10000.0], [2180.5, 1220.0], [2180.25, 8278.0], [2180.0, 23727.0], [2179.75, 91198.0], [2178.25, 500.0], [2177.0, 1198.0], [2176.75, 17526.0], [2176.25, 1174.0], [2176.0, 500.0], [2175.75, 23877.0], [2175.5, 41198.0], [2174.75, 23452.0], [2174.5, 45172.0]], "asks": [[2183.75, 10120.0], [2184.25, 2840.0], [2184.5, 5097.0], [2184.75, 5098.0], [2185.0, 5098.0], [2185.25, 6098.0], [2185.5, 15966.0], [2185.75, 5097.0], [2186.0, 5097.0], [2186.25, 7992.0], [2186.5, 1220.0], [2186.75, 23982.0], [2188.0, 1720.0], [2188.25, 1195.0], [2188.5, 91596.0], [2188.75, 1190.0], [2189.0, 18585.0], [2189.75, 41185.0], [2190.25, 91174.0], [2191.5, 1185.0]]}}}
{"jsonrpc": "2.0", "method": "subscription", "params": {"channel": "book.ETH-7MAR25.none.20.100ms", "data": {"timestamp": 1741330157469, "change_id": 61242445067, "instrument_name": "ETH-7MAR25", "bids": [[2181.25, 1.0], [2181.0, 32281.0], [2180.75, 8311.0], [2179.0, 1565.0], [2178.75, 8652.0], [2178.5, 91561.0], [2177.0, 1626.0], [2176.75, 51206.0], [2176.0, 61113.0], [2175.75, 1571.0], [2175.5, 48667.0], [2174.25, 1561.0], [2173.75, 1634.0], [2173.5, 41626.0], [2173.25, 1580.0], [2173.0, 17892.0], [2172.75, 52558.0], [2172.25, 180000.0], [2171.75, 1601.0], [2171.5, 1618.0]], "asks": [[2181.5, 145484.0], [2181.75, 2232.0], [2182.0, 1626.0], [2182.25, 11634.0], [2182.5, 1626.0], [2183.0, 1634.0], [2183.25, 7910.0], [2183.75, 1634.0], [2184.0, 47897.0], [2184.25, 52118.0], [2184.5, 1618.0], [2185.0, 1638.0], [2185.25, 18968.0], [2185.75, 1591.0], [2186.0, 50728.0], [2188.25, 1561.0], [2188.5, 49132.0], [2188.75, 1621.0], [2189.0, 10.0], [2189.5, 41626.0]]}}}
{"jsonrpc": "2.0", "method": "subscription", "params": {"channel": "book.ETH-14MAR25.none.20.100ms", "data": {"timestamp": 1741330157707, "change_id": 61242445681, "instrument_name": "ETH-14MAR25", "bids": [[2183.5, 23329.0], [2183.25, 21367.0], [2183.0, 13323.0], [2182.75, 5097.0], [2182.5, 5217.0], [2182.25, 11198.0], [2180.5, 1220.0], [2180.25, 8278.0], [2180.0, 23727.0], [2179.75, 91198.0], [2178.25, 500.0], [2177.0, 1198.0], [2176.75, 17526.0], [2176.25, 1174.0], [2176.0, 500.0], [2175.75, 23877.0], [2175.5, 41198.0], [2174.75, 23452.0], [2174.5, 45172.0], [2174.0, 1217.0]], "asks": [[2183.75, 10120.0], [2184.5, 7937.0], [2184.75, 5098.0], [2185.0, 5098.0], [2185.25, 6098.0], [2185.5, 23933.0], [2185.75, 5097.0], [2186.0, 1197.0], [2186.5, 1220.0], [2186.75, 23982.0], [2188.0, 1720.0], [2188.25, 1195.0], [2188.5, 91596.0], [2188.75, 1190.0], [2189.0, 18585.0], [2189.75, 41185.0], [2190.25, 91174.0], [2191.5, 1185.0], [2192.0, 46847.0], [2192.25, 1170.0]]}}}
{"jsonrpc": "2.0", "method": "subscription", "params": {"channel": "book.ETH-7MAR25.none.20.100ms", "data": {"timestamp": 1741330157663, "change_id": 61242445580, "instrument_name": "ETH-7MAR25", "bids": [[2181.0, 32281.0], [2180.75, 8311.0], [2179.0, 1565.0], [2178.75, 8652.0], [2178.5, 91561.0], [2177.0, 1626.0], [2176.75, 51206.0], [2176.0, 61113.0], [2175.75, 1571.0], [2175.5, 48667.0], [2174.25, 1561.0], [2173.75, 1634.0], [2173.5, 41626.0], [2173.25, 1580.0], [2173.0, 17892.0], [2172.75, 52558.0], [2172.25, 180000.0], [2171.75, 1601.0], [2171.5, 1618.0], [2171.25, 75620.0]], "asks": [[2181.5, 145484.0], [2181.75, 1626.0], [2182.0, 3858.0], [2182.25, 1634.0], [2182.5, 1626.0], [2182.75, 10000.0], [2183.0, 1634.0], [2183.25, 16110.0], [2183.75, 1634.0], [2184.0, 39975.0], [2184.25, 52118.0], [2184.5, 1618.0], [2185.0, 1638.0], [2185.25, 18968.0], [2185.75, 1591.0], [2186.0, 50728.0], [2188.25, 1561.0], [2188.5, 49132.0], [2188.75, 1621.0], [2189.0, 10.0]]}}}
{"jsonrpc": "2.0", "method": "subscription", "params": {"channel": "book.ETH-14MAR25.none.20.100ms", "data": {"timestamp": 1741330157963, "change_id": 61242446084, "instrument_name": "ETH-14MAR25", "bids": [[2183.5, 16489.0], [2183.25, 6740.0], [2183.0, 12126.0], [2182.75, 5097.0], [2182.5, 5217.0], [2182.25, 11198.0], [2180.5, 1220.0], [2180.25, 8278.0], [2180.0, 23727.0], [2179.75, 91198.0], [2178.25, 500.0], [2177.0, 1198.0], [2176.75, 17526.0], [2176.25, 1174.0], [2176.0, 500.0], [2175.75, 23877.0], [2175.5, 41198.0], [2174.75, 23452.0], [2174.5, 45172.0], [2174.0, 1217.0]], "asks": [[2183.75, 10120.0], [2184.25, 4037.0], [2184.5, 5097.0], [2184.75, 5098.0], [2185.0, 5098.0], [2185.25, 6098.0], [2185.5, 23933.0], [2185.75, 5097.0], [2186.0, 1197.0], [2186.5, 1220.0], [2186.75, 23982.0], [2188.0, 1720.0], [2188.25, 1195.0], [2188.5, 91596.0], [2188.75, 1190.0], [2189.0, 18585.0], [2189.75, 41185.0], [2190.25, 91174.0], [2191.5, 1185.0], [2192.0, 46847.0]]}}}
{"jsonrpc": "2.0", "method": "subscription", "params": {"channel": "book.ETH-7MAR25.none.20.100ms", "data": {"timestamp": 1741330158039, "change_id": 61242446190, "instrument_name": "ETH-7MAR25", "bids": [[2181.0, 11000.0], [2180.75, 10543.0], [2179.0, 1565.0], [2178.75, 8652.0], [2178.5, 91561.0], [2177.0, 1626.0], [2176.75, 51206.0], [2176.0, 61113.0], [2175.75, 1571.0], [2175.5, 48667.0], [2173.75, 1634.0], [2173.5, 41626.0], [2173.25, 1580.0], [2173.0, 17892.0], [2172.75, 52558.0], [2172.25, 180000.0], [2171.75, 1601.0], [2171.5, 1618.0], [2171.25, 75620.0], [2169.0, 1567.0]], "asks": [[2181.5, 147084.0], [2181.75, 3858.0], [2182.25, 1634.0], [2182.5, 11626.0], [2183.0, 1634.0], [2183.25, 16110.0], [2183.75, 1634.0], [2184.0, 39975.0], [2184.25, 52118.0], [2184.5, 1618.0], [2185.0, 1638.0], [2185.25, 18968.0], [2185.75, 1591.0], [2186.0, 50728.0], [2188.25, 1561.0], [2188.5, 49132.0], [2188.75, 1621.0], [2189.0, 10.0], [2189.5, 41626.0], [2189.75, 77305.0]]}}}
{"jsonrpc": "2.0", "method": "subscription", "params": {"channel": "book.ETH-14MAR25.none.20.100ms", "data": {"timestamp": 1741330158214, "change_id": 61242446321, "instrument_name": "ETH-14MAR25", "bids": [[2183.5, 16489.0], [2183.25, 6740.0], [2183.0, 12126.0], [2182.75, 5097.0], [2182.5, 5217.0], [2182.25, 11198.0], [2180.5, 1220.0], [2180.25, 8278.0], [2180.0, 23727.0], [2179.75, 91198.0], [2178.25, 500.0], [2177.0, 1198.0], [2176.75, 17526.0], [2176.25, 1174.0], [2176.0, 500.0], [2175.75, 23877.0], [2175.5, 41198.0], [2174.75, 23452.0], [2174.5, 45172.0], [2174.0, 1217.0]], "asks": [[2183.75, 10120.0], [2184.25, 4037.0], [2184.5, 5097.0], [2184.75, 5098.0], [2185.0, 5098.0], [2185.25, 6098.0], [2185.5, 23933.0], [2185.75, 5097.0], [2186.5, 1220.0], [2186.75, 23982.0], [2188.0, 1720.0], [2188.25, 1195.0], [2188.5, 91596.0], [2188.75, 1190.0], [2189.0, 18585.0], [2189.75, 41185.0], [2190.25, 91174.0], [2191.5, 1185.0], [2192.0, 46847.0], [2192.25, 1170.0]]}}}
{"jsonrpc": "2.0", "method": "subscription", "params": {"channel": "book.ETH-7MAR25.none.20.100ms", "data": {"timestamp": 1741330158403, "change_id": 61242446434, "instrument_name": "ETH-7MAR25", "bids": [[2181.0, 11000.0], [2180.75, 10543.0], [2179.0, 1565.0], [2178.75, 8652.0], [2178.5, 91561.0], [2177.0, 1626.0], [2176.75, 51206.0], [2176.0, 61113.0], [2175.75, 1571.0], [2175.5, 48667.0], [2173.75, 1634.0], [2173.5, 41626.0], [2173.25, 1580.0], [2173.0, 17892.0], [2172.75, 52558.0], [2172.25, 180000.0], [2171.75, 1601.0], [2171.5, 1618.0], [2171.25, 75620.0], [2169.0, 1567.0]], "asks": [[2181.25, 1.0], [2181.5, 147084.0], [2181.75, 3858.0], [2182.25, 1634.0], [2182.5, 11626.0], [2183.0, 1634.0], [2183.25, 16110.0], [2183.75, 1634.0], [2184.0, 39975.0], [2184.25, 52118.0], [2184.5, 1618.0], [2185.0, 1638.0], [2185.25, 18968.0], [2185.75, 1591.0], [2186.0, 50728.0], [2188.25, 1561.0], [2188.5, 49132.0], [2188.75, 1621.0], [2189.0, 10.0], [2189.5, 41626.0]]}}}
{"jsonrpc": "2.0", "method": "subscription", "params": {"channel": "book.ETH-14MAR25.none.20.100ms", "data": {"timestamp": 1741330158774, "change_id": 61242447030, "instrument_name": "ETH-14MAR25", "bids": [[2183.5, 16489.0], [2183.25, 21366.0], [2183.0, 14966.0], [2182.75, 5097.0], [2182.5, 5097.0], [2182.25, 1318.0], [2182.0, 10000.0], [2180.5, 1220.0], [2180.25, 8278.0], [2180.0, 23727.0], [2179.75, 91198.0], [2178.25, 500.0], [2177.0, 1198.0], [2176.75, 17526.0], [2176.25, 1174.0], [2176.0, 500.0], [2175.75, 23877.0], [2175.5, 41198.0], [2174.75, 23452.0], [2174.5, 45172.0]], "asks": [[2183.75, 14120.0], [2184.25, 4037.0], [2184.5, 5097.0], [2184.75, 5098.0], [2185.0, 5098.0], [2185.25, 6098.0], [2185.5, 23933.0], [2185.75, 1197.0], [2186.5, 1220.0], [2186.75, 23982.0], [2188.0, 1720.0], [2188.25, 1195.0], [2188.5, 91596.0], [2188.75, 1190.0], [2189.0, 18585.0], [2189.75, 41185.0], [2190.25, 91174.0], [2191.5, 1185.0], [2192.0, 46847.0], [2192.25, 1170.0]]}}}
{"jsonrpc": "2.0", "method": "subscription", "params": {"channel": "book.ETH-7MAR25.none.20.100ms", "data": {"timestamp": 1741330158630, "change_id": 61242446798, "instrument_name": "ETH-7MAR25", "bids": [[2181.0, 24947.0], [2180.75, 10543.0], [2179.0, 1565.0], [2178.75, 8652.0], [2178.5, 91561.0], [2177.0, 1626.0], [2176.75, 51206.0], [2176.0, 61113.0], [2175.75, 1571.0], [2175.5, 48667.0], [2173.75, 1634.0], [2173.5, 41626.0], [2173.25, 1580.0], [2173.0, 17892.0], [2172.75, 52558.0], [2172.25, 180000.0], [2171.75, 1601.0], [2171.5, 1618.0], [2171.25, 75620.0], [2169.0, 1567.0]], "asks": [[2181.25, 1.0], [2181.5, 147084.0], [2181.75, 3858.0], [2182.25, 11634.0], [2182.5, 1626.0], [2183.0, 1634.0], [2183.25, 16110.0], [2183.75, 1634.0], [2184.0, 39975.0], [2184.25, 52118.0], [2184.5, 1618.0], [2185.0, 1638.0], [2185.25, 18968.0], [2185.75, 1591.0], [2186.0, 50728.0], [2188.25, 1561.0], [2188.5, 49132.0], [2188.75, 1621.0], [2189.0, 10.0], [2189.5, 41626.0]]}}}
{"jsonrpc": "2.0", "method": "subscription", "params": {"channel": "book.ETH-14MAR25.none.20.100ms", "data": {"timestamp": 1741330158989, "change_id": 61242447260, "instrument_name": "ETH-14MAR25", "bids": [[2183.5, 16489.0], [2183.25, 3900.0], [2183.0, 14966.0], [2182.75, 5097.0], [2182.5, 5097.0], [2182.25, 1318.0], [2182.0, 10000.0], [2180.5, 1220.0], [2180.25, 8278.0], [2180.0, 23727.0], [2179.75, 91198.0], [2178.25, 500.0], [2177.0, 1198.0], [2176.75, 17526.0], [2176.25, 1174.0], [2176.0, 500.0], [2175.75, 23877.0], [2175.5, 41198.0], [2174.75, 23452.0], [2174.5, 45172.0]], "asks": [[2183.75, 10120.0], [2184.25, 4037.0], [2184.5, 5097.0], [2184.75, 5098.0], [2185.0, 5098.0], [2185.25, 6098.0], [2185.5, 23933.0], [2185.75, 1197.0], [2186.5, 1220.0], [2186.75, 23982.0], [2188.0, 1720.0], [2188.25, 1195.0], [2188.5, 91596.0], [2188.75, 1190.0], [2189.0, 18585.0], [2189.75, 41185.0], [2190.25, 91174.0], [2191.5, 1185.0], [2192.0, 46847.0], [2192.25, 1170.0]]}}}
{"jsonrpc": "2.0", "method": "subscription", "params": {"channel": "book.ETH-7MAR25.none.20.100ms", "data": {"timestamp": 1741330159100, "change_id": 61242447280, "instrument_name": "ETH-7MAR25", "bids": [[2181.0, 24947.0], [2180.75, 10543.0], [2179.0, 1565.0], [2178.75, 8652.0], [2178.5, 91561.0], [2177.0, 1626.0], [2176.75, 51206.0], [2176.0, 61113.0], [2175.75, 1571.0], [2175.5, 48667.0], [2173.75, 1634.0], [2173.5, 41626.0], [2173.25, 1580.0], [2173.0, 17892.0], [2172.75, 52558.0], [2172.25, 180000.0], [2171.75, 1601.0], [2171.5, 1618.0], [2171.25, 75620.0], [2169.0, 1567.0]], "asks": [[2181.5, 147084.0], [2181.75, 3858.0], [2182.25, 11634.0], [2182.5, 1626.0], [2183.0, 1634.0], [2183.25, 16110.0], [2183.75, 1634.0], [2184.0, 39975.0], [2184.25, 52118.0], [2184.5, 1618.0], [2185.0, 1638.0], [2185.25, 18968.0], [2185.75, 1591.0], [2186.0, 50728.0], [2188.25, 1561.0], [2188.5, 49132.0], [2188.75, 1621.0], [2189.0, 10.0], [2189.5, 41626.0], [2189.75, 77305.0]]}}}
{"jsonrpc": "2.0", "method": "subscription", "params": {"channel": "book.ETH-14MAR25.none.20.100ms", "data": {"timestamp": 1741330159417, "change_id": 61242447427, "instrument_name": "ETH-14MAR25", "bids": [[2183.5, 16489.0], [2183.25, 3900.0], [2183.0, 32431.0], [2182.75, 5097.0], [2182.5, 5097.0], [2182.25, 1318.0], [2182.0, 10000.0], [2180.5, 1220.0], [2180.25, 8278.0], [2180.0, 23727.0], [2179.75, 91198.0], [2178.25, 500.0], [2177.0, 1198.0], [2176.75, 17526.0], [2176.25, 1174.0], [2176.0, 500.0], [2175.75, 23877.0], [2175.5, 41198.0], [2174.75, 23452.0], [2174.5, 45172.0]], "asks": [[2183.75, 10120.0], [2184.25, 4037.0], [2184.5, 5097.0], [2184.75, 5098.0], [2185.0, 5098.0], [2185.25, 6098.0], [2185.5, 9164.0], [2185.75, 1197.0], [2186.5, 1220.0], [2186.75, 23982.0], [2188.0, 1720.0], [2188.25, 15964.0], [2188.5, 91596.0], [2188.75, 1190.0], [2189.0, 18585.0], [2189.75, 41185.0], [2190.25, 91174.0], [2191.5, 1185.0], [2192.0, 46847.0], [2192.25, 1170.0]]}}}
{"jsonrpc": "2.0", "method": "subscription", "params": {"channel": "book.ETH-7MAR25.none.20.100ms", "data": {"timestamp": 1741330159317, "change_id": 61242447359, "instrument_name": "ETH-7MAR25", "bids": [[2181.0, 24947.0], [2180.75, 10543.0], [2179.0, 1565.0], [2178.75, 8652.0], [2178.5, 91561.0], [2177.0, 1626.0], [2176.75, 51206.0], [2176.0, 61113.0], [2175.75, 1571.0], [2175.5, 48667.0], [2173.75, 1634.0], [2173.5, 41626.0], [2173.25, 1580.0], [2173.0, 17892.0], [2172.75, 52558.0], [2172.25, 180000.0], [2171.75, 1601.0], [2171.5, 1618.0], [2171.25, 75620.0], [2169.0, 1567.0]], "asks": [[2181.5, 147084.0], [2181.75, 3858.0], [2182.25, 11634.0], [2182.5, 1626.0], [2183.0, 1634.0], [2183.25, 16110.0], [2183.75, 1634.0], [2184.0, 39975.0], [2184.25, 52118.0], [2184.5, 1618.0], [2185.0, 1638.0], [2185.25, 18968.0], [2185.75, 1591.0], [2186.0, 50728.0], [2188.25, 1561.0], [2188.5, 49132.0], [2188.75, 1621.0], [2189.0, 10.0], [2189.5, 41626.0], [2189.75, 77305.0]]}}}
{"jsonrpc": "2.0", "method": "subscription", "params": {"channel": "book.ETH-14MAR25.none.20.100ms", "data": {"timestamp": 1741330159746, "change_id": 61242447913, "instrument_name": "ETH-14MAR25", "bids": [[2183.5, 16489.0], [2183.25, 3900.0], [2183.0, 29591.0], [2182.75, 5097.0], [2182.5, 5097.0], [2182.25, 1318.0], [2182.0, 10000.0], [2180.5, 1220.0], [2180.25, 8278.0], [2180.0, 23727.0], [2179.75, 91198.0], [2178.25, 500.0], [2177.0, 1198.0], [2176.75, 17526.0], [2176.25, 1174.0], [2176.0, 500.0], [2175.75, 23877.0], [2175.5, 41198.0], [2174.75, 23452.0], [2174.5, 45172.0]], "asks": [[2183.75, 10120.0], [2184.25, 4037.0], [2184.5, 5097.0], [2184.75, 5098.0], [2185.0, 5098.0], [2185.25, 6098.0], [2185.5, 9164.0], [2185.75, 1197.0], [2186.5, 1220.0], [2186.75, 23982.0], [2188.0, 1720.0], [2188.25, 15964.0], [2188.5, 91596.0], [2188.75, 1190.0], [2189.0, 18585.0], [2189.75, 41185.0], [2190.25, 91174.0], [2191.5, 1185.0], [2192.0, 46847.0], [2192.25, 1170.0]]}}}
{"jsonrpc": "2.0", "method": "subscription", "params": {"channel": "book.ETH-7MAR25.none.20.100ms", "data": {"timestamp": 1741330159768, "change_id": 61242447969, "instrument_name": "ETH-7MAR25", "bids": [[2181.0, 24947.0], [2180.75, 8311.0], [2179.0, 1565.0], [2178.75, 8652.0], [2178.5, 91561.0], [2177.0, 1626.0], [2176.75, 51206.0], [2176.25, 38456.0], [2176.0, 24291.0], [2175.75, 1571.0], [2175.5, 48667.0], [2173.75, 1634.0], [2173.5, 41626.0], [2173.25, 1580.0], [2173.0, 17892.0], [2172.75, 52558.0], [2172.25, 180000.0], [2171.75, 1601.0], [2171.5, 1618.0], [2171.25, 75620.0]], "asks": [[2181.25, 1.0], [2181.5, 147084.0], [2181.75, 3858.0], [2182.25, 11634.0], [2182.5, 1626.0], [2183.0, 1634.0], [2183.25, 16110.0], [2183.75, 1634.0], [2184.0, 39975.0], [2184.25, 52118.0], [2184.5, 1618.0], [2185.0, 1638.0], [2185.25, 18968.0], [2185.75, 1591.0], [2186.0, 50728.0], [2188.25, 1561.0], [2188.5, 49132.0], [2188.75, 1621.0], [2189.0, 10.0], [2189.5, 41626.0]]}}}
{"jsonrpc": "2.0", "method": "subscription", "params": {"channel": "book.ETH-14MAR25.none.20.100ms", "data": {"timestamp": 1741330160085, "change_id": 61242448345, "instrument_name": "ETH-14MAR25", "bids": [[2183.25, 22924.0], [2183.0, 12126.0], [2182.75, 3900.0], [2182.5, 5097.0], [2182.25, 1318.0], [2182.0, 10000.0], [2180.5, 1220.0], [2180.25, 8278.0], [2180.0, 23727.0], [2179.75, 91198.0], [2178.25, 500.0], [2177.0, 1198.0], [2176.75, 17526.0], [2176.25, 1174.0], [2176.0, 500.0], [2175.75, 23877.0], [2175.5, 41198.0], [2174.75, 23452.0], [2174.5, 45172.0], [2174.0, 1217.0]], "asks": [[2183.5, 14120.0], [2184.0, 1213.0], [2184.25, 4037.0], [2184.5, 5097.0], [2184.75, 5098.0], [2185.0, 5098.0], [2185.25, 6098.0], [2185.5, 9164.0], [2185.75, 1197.0], [2186.5, 1220.0], [2186.75, 23982.0], [2188.0, 1720.0], [2188.25, 15964.0], [2188.5, 91596.0], [2188.75, 1190.0], [2189.0, 18585.0], [2189.75, 41185.0], [2190.25, 91174.0], [2191.5, 1185.0], [2192.0, 46847.0]]}}}
{"jsonrpc": "2.0", "method": "subscription", "params": {"channel": "book.ETH-7MAR25.none.20.100ms", "data": {"timestamp": 1741330160076, "change_id": 61242448338, "instrument_name": "ETH-7MAR25", "bids": [[2181.0, 14947.0], [2180.75, 10543.0], [2180.5, 10000.0], [2179.0, 1565.0], [2178.75, 8652.0], [2178.5, 91561.0], [2177.0, 1626.0], [2176.75, 51206.0], [2176.25, 38456.0], [2176.0, 24291.0], [2175.75, 1571.0], [2175.5, 48667.0], [2173.75, 1634.0], [2173.5, 41626.0], [2173.25, 1580.0], [2173.0, 17892.0], [2172.75, 52558.0], [2172.25, 180000.0], [2171.75, 1601.0], [2171.5, 1618.0]], "asks": [[2181.25, 1.0], [2181.5, 147084.0], [2181.75, 3858.0], [2182.25, 11634.0], [2182.5, 1626.0], [2183.0, 1634.0], [2183.25, 16110.0], [2183.75, 1634.0], [2184.0, 39975.0], [2184.25, 52118.0], [2184.5, 1618.0], [2185.0, 1638.0], [2185.25, 18968.0], [2185.75, 1591.0], [2186.0, 50728.0], [2188.25, 1561.0], [2188.5, 49132.0], [2188.75, 1621.0], [2189.0, 10.0], [2189.5, 41626.0]]}}}
{"jsonrpc": "2.0", "method": "subscription", "params": {"channel": "book.ETH-14MAR25.none.20.100ms", "data": {"timestamp": 1741330160423, "change_id": 61242448772, "instrument_name": "ETH-14MAR25", "bids": [[2183.25, 16084.0], [2183.0, 20305.0], [2182.75, 3900.0], [2182.5, 13257.0], [2182.25, 1318.0], [2182.0, 10000.0], [2180.5, 1220.0], [2180.25, 8278.0], [2180.0, 23727.0], [2179.75, 91198.0], [2178.25, 500.0], [2177.0, 1198.0], [2176.75, 17526.0], [2176.25, 1174.0], [2176.0, 500.0], [2175.75, 23877.0], [2175.5, 41198.0], [2174.75, 23452.0], [2174.5, 45172.0], [2174.0, 1217.0]], "asks": [[2183.5, 10120.0], [2184.0, 4053.0], [2184.25, 1197.0], [2184.5, 5097.0], [2184.75, 5098.0], [2185.0, 5098.0], [2185.25, 6098.0], [2185.5, 9164.0], [2185.75, 1197.0], [2186.5, 1220.0], [2186.75, 23982.0], [2188.0, 1720.0], [2188.25, 15964.0], [2188.5, 91596.0], [2188.75, 1190.0], [2189.0, 18585.0], [2189.75, 41185.0], [2190.25, 91174.0], [2191.5, 1185.0], [2192.0, 46847.0]]}}}
{"jsonrpc": "2.0", "method": "subscription", "params": {"channel": "book.ETH-7MAR25.none.20.100ms", "data": {"timestamp": 1741330160423, "change_id": 61242448773, "instrument_name": "ETH-7MAR25", "bids": [[2181.0, 14947.0], [2180.75, 18311.0], [2180.5, 2232.0], [2179.0, 1565.0], [2178.75, 8652.0], [2178.5, 91561.0], [2177.0, 1626.0], [2176.75, 51206.0], [2176.25, 38456.0], [2176.0, 24291.0], [2175.75, 1571.0], [2175.5, 48667.0], [2173.75, 1634.0], [2173.5, 41626.0], [2173.25, 1580.0], [2173.0, 17892.0], [2172.75, 52558.0], [2172.25, 180000.0], [2171.75, 1601.0], [2171.5, 1618.0]], "asks": [[2181.25, 1601.0], [2181.5, 149316.0], [2181.75, 1626.0], [2182.0, 10000.0], [2182.25, 1634.0], [2182.5, 1626.0], [2183.0, 1634.0], [2183.25, 16110.0], [2183.75, 1634.0], [2184.0, 39975.0], [2184.25, 52118.0], [2184.5, 1618.0], [2185.0, 1638.0], [2185.25, 18968.0], [2185.75, 1591.0], [2186.0, 50728.0], [2188.25, 1561.0], [2188.5, 49132.0], [2188.75, 1621.0], [2189.0, 10.0]]}}}
{"jsonrpc": "2.0", "method": "subscription", "params": {"channel": "book.ETH-14MAR25.none.20.100ms", "data": {"timestamp": 1741330160730, "change_id": 61242449315, "instrument_name": "ETH-14MAR25", "bids": [[2183.25, 16084.0], [2183.0, 2840.0], [2182.75, 3900.0], [2182.5, 13257.0], [2182.25, 1318.0], [2182.0, 10000.0], [2180.5, 1220.0], [2180.25, 8278.0], [2180.0, 23727.0], [2179.75, 91198.0], [2178.25, 500.0], [2177.0, 1198.0], [2176.75, 17526.0], [2176.25, 1174.0], [2176.0, 500.0], [2175.75, 23877.0], [2175.5, 41198.0], [2174.75, 23452.0], [2174.5, 45172.0], [2174.0, 1217.0]], "asks": [[2183.5, 10120.0], [2184.0, 4053.0], [2184.25, 1197.0], [2184.5, 5097.0], [2184.75, 5098.0], [2185.0, 5098.0], [2185.25, 6098.0], [2185.5, 9164.0], [2185.75, 1197.0], [2186.5, 1220.0], [2186.75, 23982.0], [2188.0, 1720.0], [2188.25, 15964.0], [2188.5, 91596.0], [2188.75, 1190.0], [2189.0, 18585.0], [2189.75, 41185.0], [2190.25, 91174.0], [2191.5, 1185.0], [2192.0, 46847.0]]}}}
{"jsonrpc": "2.0", "method": "subscription", "params": {"channel": "book.ETH-7MAR25.none.20.100ms", "data": {"timestamp": 1741330160754, "change_id": 61242449327, "instrument_name": "ETH-7MAR25", "bids": [[2181.0, 1000.0], [2180.75, 18311.0], [2180.5, 2232.0], [2179.0, 1565.0], [2178.75, 8652.0], [2178.5, 91561.0], [2177.0, 1626.0], [2176.75, 51206.0], [2176.25, 38456.0], [2176.0, 24291.0], [2175.75, 1571.0], [2175.5, 48667.0], [2173.75, 1634.0], [2173.5, 41626.0], [2173.25, 1580.0], [2173.0, 17892.0], [2172.75, 52558.0], [2172.25, 180000.0], [2171.75, 1601.0], [2171.5, 1618.0]], "asks": [[2181.25, 1600.0], [2181.5, 149316.0], [2181.75, 1626.0], [2182.0, 10000.0], [2182.5, 1626.0], [2183.0, 1634.0], [2183.25, 16110.0], [2183.75, 1634.0], [2184.0, 39975.0], [2184.25, 52118.0], [2184.5, 1618.0], [2185.0, 1638.0], [2185.25, 18968.0], [2185.75, 1591.0], [2186.0, 50728.0], [2188.25, 1561.0], [2188.5, 49132.0], [2188.75, 1621.0], [2189.0, 10.0], [2189.5, 41626.0]]}}}
{"jsonrpc": "2.0", "method": "subscription", "params": {"channel": "book.ETH-14MAR25.none.20.100ms", "data": {"timestamp": 1741330160885, "change_id": 61242449547, "instrument_name": "ETH-14MAR25", "bids": [[2183.25, 16084.0], [2183.0, 2840.0], [2182.75, 3900.0], [2182.5, 13257.0], [2182.25, 1318.0], [2182.0, 10000.0], [2180.5, 1220.0], [2180.25, 8278.0], [2180.0, 23727.0], [2179.75, 91198.0], [2178.25, 500.0], [2177.0, 1198.0], [2176.75, 17526.0], [2176.25, 1174.0], [2176.0, 500.0], [2175.75, 23877.0], [2175.5, 41198.0], [2174.75, 23452.0], [2174.5, 45172.0], [2174.0, 1217.0]], "asks": [[2183.5, 10120.0], [2184.0, 4053.0], [2184.25, 1197.0], [2184.5, 5097.0], [2184.75, 5098.0], [2185.0, 5098.0], [2185.25, 6098.0], [2185.5, 9164.0], [2186.5, 1220.0], [2186.75, 23982.0], [2188.0, 1720.0], [2188.25, 15964.0], [2188.5, 91596.0], [2188.75, 1190.0], [2189.0, 18585.0], [2189.75, 41185.0], [2190.25, 91174.0], [2191.5, 1185.0], [2192.0, 46847.0], [2192.25, 1170.0]]}}}
{"jsonrpc": "2.0", "method": "subscription", "params": {"channel": "book.ETH-7MAR25.none.20.100ms", "data": {"timestamp": 1741330161107, "change_id": 61242449693, "instrument_name": "ETH-7MAR25", "bids": [[2181.0, 1000.0], [2180.75, 18311.0], [2180.5, 2232.0], [2179.0, 1565.0], [2178.75, 8652.0], [2178.5, 91561.0], [2177.0, 1626.0], [2176.75, 51206.0], [2176.25, 38456.0], [2176.0, 24291.0], [2175.75, 1571.0], [2175.5, 48667.0], [2173.75, 1634.0], [2173.5, 41626.0], [2173.25, 1580.0], [2173.0, 17892.0], [2172.75, 52558.0], [2172.25, 180000.0], [2171.75, 1601.0], [2171.5, 1618.0]], "asks": [[2181.5, 149316.0], [2181.75, 1626.0], [2182.0, 10000.0], [2182.5, 1626.0], [2183.0, 1634.0], [2183.25, 16110.0], [2183.75, 1634.0], [2184.0, 39975.0], [2184.25, 52118.0], [2184.5, 1618.0], [2185.0, 1638.0], [2185.25, 18968.0], [2185.75, 1591.0], [2186.0, 50728.0], [2188.25, 1561.0], [2188.5, 49132.0], [2188.75, 1621.0], [2189.0, 10.0], [2189.5, 41626.0], [2189.75, 77305.0]]}}}
{"jsonrpc": "2.0", "method": "subscription", "params": {"channel": "book.ETH-14MAR25.none.20.100ms", "data": {"timestamp": 1741330161437, "change_id": 61242450121, "instrument_name": "ETH-14MAR25", "bids": [[2183.25, 20124.0], [2182.75, 5113.0], [2182.5, 5097.0], [2182.25, 9444.0], [2182.0, 10000.0], [2180.5, 1220.0], [2180.25, 8278.0], [2180.0, 23727.0], [2179.75, 91198.0], [2178.25, 500.0], [2177.0, 1198.0], [2176.75, 17526.0], [2176.25, 1174.0], [2176.0, 500.0], [2175.75, 23877.0], [2175.5, 41198.0], [2174.75, 23452.0], [2174.5, 45172.0], [2174.0, 1217.0], [2173.75, 181191.0]], "asks": [[2183.5, 10120.0], [2184.25, 4037.0], [2184.5, 5097.0], [2184.75, 5098.0], [2185.0, 5098.0], [2185.25, 6098.0], [2185.5, 1197.0], [2186.0, 8090.0], [2186.5, 1220.0], [2186.75, 23982.0], [2188.0, 1720.0], [2188.25, 15964.0], [2188.5, 91596.0], [2188.75, 1190.0], [2189.0, 18585.0], [2189.75, 41185.0], [2190.25, 91174.0], [2191.5, 1185.0], [2192.0, 46847.0], [2192.25, 1170.0]]}}}
{"jsonrpc": "2.0", "method": "subscription", "params": {"channel": "book.ETH-7MAR25.none.20.100ms", "data": {"timestamp": 1741330161414, "change_id": 61242450084, "instrument_name": "ETH-7MAR25", "bids": [[2181.0, 2600.0], [2180.75, 29678.0], [2180.5, 1634.0], [2180.0, 7926.0], [2179.0, 1565.0], [2178.75, 8652.0], [2178.5, 91561.0], [2177.0, 1626.0], [2176.75, 51206.0], [2176.25, 38456.0], [2176.0, 24291.0], [2175.75, 1571.0], [2175.5, 48667.0], [2173.75, 1634.0], [2173.5, 41626.0], [2173.25, 1580.0], [2173.0, 17892.0], [2172.75, 52558.0], [2172.25, 180000.0], [2171.75, 1601.0]], "asks": [[2181.5, 145484.0], [2181.75, 3858.0], [2182.0, 10000.0], [2182.5, 1626.0], [2183.0, 1634.0], [2183.25, 7910.0], [2183.75, 9784.0], [2184.0, 39975.0], [2184.25, 52118.0], [2184.5, 1618.0], [2185.0, 1638.0], [2185.25, 18968.0], [2185.75, 1591.0], [2186.0, 50728.0], [2188.25, 1561.0], [2188.5, 49132.0], [2188.75, 1621.0], [2189.0, 10.0], [2189.5, 41626.0], [2189.75, 77305.0]]}}}
{"jsonrpc": "2.0", "method": "subscription", "params": {"channel": "book.ETH-14MAR25.none.20.100ms", "data": {"timestamp": 1741330161720, "change_id": 61242450685, "instrument_name": "ETH-14MAR25", "bids": [[2183.25, 32351.0], [2183.0, 1213.0], [2182.75, 5113.0], [2182.5, 5217.0], [2182.25, 1198.0], [2182.0, 10000.0], [2180.5, 1220.0], [2180.25, 8278.0], [2180.0, 23727.0], [2179.75, 91198.0], [2178.25, 500.0], [2177.0, 1198.0], [2176.75, 17526.0], [2176.25, 1174.0], [2176.0, 500.0], [2175.75, 23877.0], [2175.5, 41198.0], [2174.75, 23452.0], [2174.5, 45172.0], [2174.0, 1217.0]], "asks": [[2183.5, 10120.0], [2184.25, 1197.0], [2184.5, 7937.0], [2184.75, 5098.0], [2185.0, 5098.0], [2185.25, 6098.0], [2185.5, 1197.0], [2185.75, 5213.0], [2186.0, 8090.0], [2186.5, 1220.0], [2186.75, 23982.0], [2188.0, 1720.0], [2188.25, 15964.0], [2188.5, 91596.0], [2188.75, 1190.0], [2189.0, 18585.0], [2189.75, 41185.0], [2190.25, 91174.0], [2191.5, 1185.0], [2192.0, 46847.0]]}}}
{"jsonrpc": "2.0", "method": "subscription", "params": {"channel": "book.ETH-7MAR25.none.20.100ms", "data": {"timestamp": 1741330161643, "change_id": 61242450523, "instrument_name": "ETH-7MAR25", "bids": [[2181.0, 22917.0], [2180.75, 17446.0], [2180.5, 1634.0], [2179.0, 1565.0], [2178.75, 8652.0], [2178.5, 91561.0], [2177.0, 1626.0], [2176.75, 51206.0], [2176.25, 38456.0], [2176.0, 24291.0], [2175.75, 1571.0], [2175.5, 48667.0], [2173.75, 1634.0], [2173.5, 41626.0], [2173.25, 1580.0], [2173.0, 17892.0], [2172.75, 52558.0], [2172.25, 180000.0], [2171.75, 1601.0], [2171.5, 1618.0]], "asks": [[2181.5, 145484.0], [2181.75, 3858.0], [2182.5, 11626.0], [2183.0, 1634.0], [2183.25, 7910.0], [2183.75, 9784.0], [2184.0, 39975.0], [2184.25, 52118.0], [2184.5, 1618.0], [2185.0, 1638.0], [2185.25, 18968.0], [2185.75, 1591.0], [2186.0, 50728.0], [2188.25, 1561.0], [2188.5, 49132.0], [2188.75, 1621.0], [2189.0, 10.0], [2189.5, 41626.0], [2189.75, 77305.0], [2190.25, 91567.0]]}}}
