{"jsonrpc": "2.0", "id": 1, "result": ["book.ETH-21NOV25.none.20.100ms", "book.ETH-14NOV25.none.20.100ms"], "usIn": 1762615271120169, "usOut": 1762615271120419, "usDiff": 250, "testnet": false}
{"jsonrpc": "2.0", "method": "subscription", "params": {"channel": "book.ETH-21NOV25.none.20.100ms", "data": {"timestamp": 1762615270751, "change_id": 95769587652, "instrument_name": "ETH-21NOV25", "bids": [[3392.0, 2500.0], [3391.5, 1951.0], [3391.25, 5584.0], [3388.0, 1869.0], [3387.75, 11959.0], [3387.5, 14913.0], [3387.25, 1103.0], [3386.5, 1317.0], [3386.25, 4412.0], [3385.5, 1862.0], [3385.25, 6238.0], [3385.0, 5494.0], [3384.75, 18406.0], [3383.75, 37341.0], [3383.25, 17650.0], [3383.0, 40002.0], [3381.25, 400.0], [3380.75, 11.0], [3379.5, 38615.0], [3379.25, 37623.0]], "asks": [[3392.75, 794.0], [3393.0, 4184.0], [3393.25, 5872.0], [3393.5, 7247.0], [3393.75, 23416.0], [3395.25, 4187.0], [3395.5, 14028.0], [3396.25, 1829.0], [3396.5, 6126.0], [3398.5, 5699.0], [3398.75, 19093.0], [3401.25, 11462.0], [3401.5, 38798.0], [3403.5, 40000.0], [3406.25, 36401.0], [3406.5, 37020.0], [3411.5, 40000.0], [3414.25, 1116.0], [3414.5, 37831.0], [3414.75, 4412.0]]}}}
{"jsonrpc": "2.0", "method": "subscription", "params": {"channel": "book.ETH-14NOV25.none.20.100ms", "data": {"timestamp": 1762615271081, "change_id": 95769587913, "instrument_name": "ETH-14NOV25", "bids": [[3390.5, 2837.0], [3390.0, 160.0], [3389.75, 1620.0], [3389.5, 5427.0], [3387.0, 329.0], [3386.75, 1103.0], [3386.5, 448.0], [3386.25, 1502.0], [3386.0, 3660.0], [3385.75, 12262.0], [3385.5, 1317.0], [3385.25, 8764.0], [3385.0, 21154.0], [3384.75, 29278.0], [3384.5, 24280.0], [3384.25, 7482.0], [3384.0, 24692.0], [3383.25, 20.0], [3382.75, 49515.0], [3382.5, 2.0]], "asks": [[3391.25, 1688.0], [3391.5, 3249.0], [3391.75, 8315.0], [3392.0, 1688.0], [3392.25, 1688.0], [3392.5, 5437.0], [3392.75, 13860.0], [3393.75, 7451.0], [3394.0, 24960.0], [3395.25, 20.0], [3398.0, 7382.0], [3398.25, 24730.0], [3400.0, 49850.0], [3400.75, 400.0], [3402.0, 40000.0], [3402.5, 19714.0], [3404.0, 50302.0], [3406.75, 75335.0], [3410.0, 40000.0], [3413.0, 1116.0]]}}}
{"jsonrpc": "2.0", "method": "subscription", "params": {"channel": "book.ETH-14NOV25.none.20.100ms", "data": {"timestamp": 1762615271081, "change_id": 95769587913, "instrument_name": "ETH-14NOV25", "bids": [[3390.5, 2837.0], [3390.0, 160.0], [3389.75, 1620.0], [3389.5, 5427.0], [3387.0, 329.0], [3386.75, 1103.0], [3386.5, 448.0], [3386.25, 1502.0], [3386.0, 3660.0], [3385.75, 12262.0], [3385.5, 1317.0], [3385.25, 8764.0], [3385.0, 21154.0], [3384.75, 29278.0], [3384.5, 24280.0], [3384.25, 7482.0], [3384.0, 24692.0], [3383.25, 20.0], [3382.75, 49515.0], [3382.5, 2.0]], "asks": [[3391.25, 1688.0], [3391.5, 3249.0], [3391.75, 8315.0], [3392.0, 1688.0], [3392.25, 1688.0], [3392.5, 5437.0], [3392.75, 13860.0], [3393.75, 7451.0], [3394.0, 24960.0], [3395.25, 20.0], [3398.0, 7382.0], [3398.25, 24730.0], [3400.0, 49850.0], [3400.75, 400.0], [3402.0, 40000.0], [3402.5, 19714.0], [3404.0, 50302.0], [3406.75, 75335.0], [3410.0, 40000.0], [3413.0, 1116.0]]}}}
{"jsonrpc": "2.0", "method": "subscription", "params": {"channel": "book.ETH-14NOV25.none.20.100ms", "data": {"timestamp": 1762615271469, "change_id": 95769588612, "instrument_name": "ETH-14NOV25", "bids": [[3390.75, 645.0], [3390.5, 2837.0], [3390.0, 160.0], [3389.75, 1620.0], [3389.5, 5427.0], [3387.0, 329.0], [3386.75, 1103.0], [3386.5, 448.0], [3386.25, 1502.0], [3386.0, 3660.0], [3385.75, 12262.0], [3385.5, 1317.0], [3385.25, 8764.0], [3385.0, 21154.0], [3384.75, 29278.0], [3384.5, 24280.0], [3384.25, 7482.0], [3384.0, 24692.0], [3383.25, 20.0], [3382.75, 49515.0]], "asks": [[3391.25, 1688.0], [3391.5, 3249.0], [3391.75, 8315.0], [3392.0, 1688.0], [3392.25, 1688.0], [3392.5, 1300.0], [3393.75, 7451.0], [3394.0, 24960.0], [3394.75, 4363.0], [3395.0, 14616.0], [3395.25, 20.0], [3398.0, 7382.0], [3398.25, 24730.0], [3400.0, 49850.0], [3400.75, 400.0], [3402.0, 40000.0], [3402.5, 19714.0], [3404.0, 50302.0], [3406.75, 75335.0], [3410.0, 40000.0]]}}}
{"jsonrpc": "2.0", "method": "subscription", "params": {"channel": "book.ETH-21NOV25.none.20.100ms", "data": {"timestamp": 1762615271471, "change_id": 95769588619, "instrument_name": "ETH-21NOV25", "bids": [[3392.0, 2500.0], [3391.5, 1951.0], [3391.25, 5584.0], [3388.0, 1869.0], [3387.75, 11959.0], [3387.5, 14913.0], [3387.25, 1103.0], [3386.5, 1317.0], [3386.25, 4412.0], [3385.5, 1862.0], [3385.25, 6238.0], [3385.0, 5494.0], [3384.75, 18406.0], [3383.75, 37341.0], [3383.25, 17650.0], [3383.0, 40002.0], [3381.25, 400.0], [3380.75, 11.0], [3379.5, 38615.0], [3379.25, 37623.0]], "asks": [[3392.75, 794.0], [3393.0, 4184.0], [3393.25, 5872.0], [3393.5, 1502.0], [3396.25, 1829.0], [3396.5, 6126.0], [3397.25, 4247.0], [3397.5, 14227.0], [3398.5, 5699.0], [3398.75, 19093.0], [3401.25, 11462.0], [3401.5, 38798.0], [3403.5, 40000.0], [3406.25, 36401.0], [3406.5, 37020.0], [3411.5, 40000.0], [3414.25, 1116.0], [3414.5, 37831.0], [3414.75, 4412.0], [3415.0, 40000.0]]}}}
{"jsonrpc": "2.0", "method": "subscription", "params": {"channel": "book.ETH-14NOV25.none.20.100ms", "data": {"timestamp": 1762615271716, "change_id": 95769588892, "instrument_name": "ETH-14NOV25", "bids": [[3390.75, 645.0], [3390.5, 2837.0], [3390.25, 436.0], [3390.0, 1460.0], [3389.75, 1620.0], [3389.5, 5427.0], [3387.0, 329.0], [3386.75, 1103.0], [3386.5, 448.0], [3386.25, 1502.0], [3386.0, 3660.0], [3385.75, 12262.0], [3385.5, 1317.0], [3385.25, 8764.0], [3385.0, 21154.0], [3384.75, 29278.0], [3384.5, 24280.0], [3384.25, 7482.0], [3384.0, 24692.0], [3383.25, 20.0]], "asks": [[3391.25, 1688.0], [3391.5, 3249.0], [3391.75, 7927.0], [3393.0, 14401.0], [3393.25, 388.0], [3393.5, 1300.0], [3393.75, 7451.0], [3394.0, 24960.0], [3395.25, 20.0], [3398.0, 7382.0], [3398.25, 24730.0], [3400.0, 49850.0], [3400.75, 400.0], [3402.0, 40000.0], [3402.5, 19714.0], [3404.0, 50302.0], [3406.75, 75335.0], [3410.0, 40000.0], [3413.0, 1116.0], [3413.5, 40000.0]]}}}
{"jsonrpc": "2.0", "method": "subscription", "params": {"channel": "book.ETH-21NOV25.none.20.100ms", "data": {"timestamp": 1762615271724, "change_id": 95769588896, "instrument_name": "ETH-21NOV25", "bids": [[3392.0, 2500.0], [3391.75, 1100.0], [3391.5, 1951.0], [3391.25, 5584.0], [3388.0, 1869.0], [3387.75, 11959.0], [3387.5, 14913.0], [3387.25, 1103.0], [3386.5, 1317.0], [3386.25, 4412.0], [3385.5, 1862.0], [3385.25, 6238.0], [3385.0, 5494.0], [3384.75, 18406.0], [3383.75, 37341.0], [3383.25, 17650.0], [3383.0, 40002.0], [3381.25, 400.0], [3380.75, 11.0], [3379.5, 38615.0]], "asks": [[3392.75, 794.0], [3393.0, 4184.0], [3393.25, 5872.0], [3393.5, 1502.0], [3395.25, 4344.0], [3395.5, 14553.0], [3396.25, 1829.0], [3396.5, 6126.0], [3398.5, 5699.0], [3398.75, 19093.0], [3401.25, 11462.0], [3401.5, 38798.0], [3403.5, 40000.0], [3406.25, 36401.0], [3406.5, 37020.0], [3411.5, 40000.0], [3414.25, 1116.0], [3414.5, 37831.0], [3414.75, 4412.0], [3415.0, 40000.0]]}}}
{"jsonrpc": "2.0", "method": "subscription", "params": {"channel": "book.ETH-14NOV25.none.20.100ms", "data": {"timestamp": 1762615272210, "change_id": 95769589438, "instrument_name": "ETH-14NOV25", "bids": [[3390.75, 574.0], [3390.5, 2837.0], [3390.0, 160.0], [3389.75, 1620.0], [3389.5, 5427.0], [3387.0, 329.0], [3386.75, 1103.0], [3386.5, 448.0], [3386.25, 1502.0], [3386.0, 3660.0], [3385.75, 12262.0], [3385.5, 1317.0], [3385.25, 8764.0], [3385.0, 21154.0], [3384.75, 22030.0], [3384.25, 7482.0], [3384.0, 24692.0], [3383.25, 20.0], [3382.75, 49515.0], [3382.5, 2.0]], "asks": [[3391.5, 3249.0], [3391.75, 7927.0], [3393.0, 14401.0], [3393.25, 388.0], [3393.5, 1300.0], [3393.75, 7451.0], [3394.0, 24960.0], [3395.25, 20.0], [3398.0, 7382.0], [3398.25, 24730.0], [3400.0, 49850.0], [3400.75, 400.0], [3402.0, 40000.0], [3402.5, 19714.0], [3404.0, 50302.0], [3406.75, 75335.0], [3410.0, 40000.0], [3413.0, 1116.0], [3413.5, 40000.0], [3413.75, 4412.0]]}}}
{"jsonrpc": "2.0", "method": "subscription", "params": {"channel": "book.ETH-21NOV25.none.20.100ms", "data": {"timestamp": 1762615272200, "change_id": 95769589390, "instrument_name": "ETH-21NOV25", "bids": [[3392.0, 2500.0], [3391.5, 1951.0], [3391.25, 5584.0], [3388.25, 1869.0], [3388.0, 6262.0], [3387.75, 5697.0], [3387.5, 14913.0], [3387.25, 1103.0], [3386.5, 1317.0], [3386.25, 4412.0], [3385.75, 1862.0], [3385.5, 6238.0], [3385.0, 5494.0], [3384.75, 18406.0], [3383.75, 37341.0], [3383.25, 17650.0], [3383.0, 40002.0], [3381.25, 400.0], [3380.75, 11.0], [3379.5, 38615.0]], "asks": [[3393.0, 1684.0], [3393.25, 6561.0], [3393.5, 4002.0], [3395.25, 4344.0], [3395.5, 14553.0], [3396.25, 1829.0], [3396.5, 6126.0], [3398.5, 5699.0], [3398.75, 19093.0], [3401.25, 11462.0], [3401.5, 38798.0], [3403.5, 40000.0], [3406.25, 36401.0], [3406.5, 37020.0], [3411.5, 40000.0], [3414.25, 1116.0], [3414.5, 37831.0], [3414.75, 4412.0], [3415.0, 40000.0], [3418.0, 45.0]]}}}
{"jsonrpc": "2.0", "method": "subscription", "params": {"channel": "book.ETH-14NOV25.none.20.100ms", "data": {"timestamp": 1762615272539, "change_id": 95769590120, "instrument_name": "ETH-14NOV25", "bids": [[3390.5, 2837.0], [3390.0, 160.0], [3389.75, 1620.0], [3389.5, 5427.0], [3387.5, 12262.0], [3387.0, 329.0], [3386.75, 1103.0], [3386.5, 448.0], [3386.25, 1502.0], [3385.5, 25597.0], [3385.25, 8764.0], [3385.0, 21154.0], [3384.75, 22030.0], [3384.25, 7482.0], [3384.0, 24692.0], [3383.25, 20.0], [3382.75, 49515.0], [3382.5, 2.0], [3381.75, 40000.0], [3381.0, 11.0]], "asks": [[3391.0, 1688.0], [3391.25, 1736.0], [3391.5, 3249.0], [3391.75, 7927.0], [3392.25, 23405.0], [3393.0, 14401.0], [3393.25, 388.0], [3393.5, 1300.0], [3393.75, 7451.0], [3394.0, 24960.0], [3395.25, 20.0], [3398.0, 7382.0], [3398.25, 24730.0], [3400.0, 49850.0], [3400.75, 400.0], [3402.0, 40000.0], [3402.5, 19714.0], [3404.0, 50302.0], [3406.75, 75335.0], [3410.0, 40000.0]]}}}
{"jsonrpc": "2.0", "method": "subscription", "params": {"channel": "book.ETH-21NOV25.none.20.100ms", "data": {"timestamp": 1762615272541, "change_id": 95769590121, "instrument_name": "ETH-21NOV25", "bids": [[3392.0, 2500.0], [3391.25, 160.0], [3391.0, 1619.0], [3390.75, 5424.0], [3388.5, 6262.0], [3387.75, 5697.0], [3387.5, 14913.0], [3387.25, 1103.0], [3386.5, 1317.0], [3386.25, 4412.0], [3383.75, 37341.0], [3383.25, 17650.0], [3383.0, 40002.0], [3381.25, 400.0], [3380.75, 11.0], [3379.5, 38615.0], [3379.25, 37623.0], [3375.0, 45.0], [3374.75, 40000.0], [3371.5, 70600.0]], "asks": [[3393.0, 2330.0], [3393.25, 8372.0], [3393.5, 8492.0], [3393.75, 23416.0], [3395.25, 4344.0], [3395.5, 14553.0], [3396.25, 1829.0], [3396.5, 6126.0], [3398.5, 5699.0], [3398.75, 19093.0], [3401.25, 11462.0], [3401.5, 38798.0], [3403.5, 40000.0], [3406.25, 36401.0], [3406.5, 37020.0], [3411.5, 40000.0], [3414.25, 1116.0], [3414.5, 37831.0], [3414.75, 4412.0], [3415.0, 40000.0]]}}}
{"jsonrpc": "2.0", "method": "subscription", "params": {"channel": "book.ETH-14NOV25.none.20.100ms", "data": {"timestamp": 1762615272843, "change_id": 95769590224, "instrument_name": "ETH-14NOV25", "bids": [[3390.5, 2837.0], [3390.0, 160.0], [3389.75, 1620.0], [3389.5, 5427.0], [3387.5, 12262.0], [3387.0, 329.0], [3386.75, 1103.0], [3386.5, 448.0], [3386.25, 1502.0], [3385.5, 25597.0], [3385.25, 8764.0], [3385.0, 21154.0], [3384.75, 22030.0], [3384.25, 7482.0], [3384.0, 24692.0], [3383.25, 20.0], [3382.75, 49515.0], [3382.5, 2.0], [3381.75, 40000.0], [3381.0, 11.0]], "asks": [[3391.0, 1688.0], [3391.25, 1736.0], [3391.5, 3249.0], [3391.75, 8315.0], [3392.0, 1300.0], [3392.25, 23405.0], [3392.75, 4299.0], [3393.0, 14401.0], [3393.25, 388.0], [3393.5, 1300.0], [3393.75, 7451.0], [3394.0, 24960.0], [3395.25, 20.0], [3398.0, 7382.0], [3398.25, 24730.0], [3400.0, 49850.0], [3400.75, 400.0], [3402.0, 40000.0], [3402.5, 19714.0], [3404.0, 50302.0]]}}}
{"jsonrpc": "2.0", "method": "subscription", "params": {"channel": "book.ETH-21NOV25.none.20.100ms", "data": {"timestamp": 1762615272847, "change_id": 95769590233, "instrument_name": "ETH-21NOV25", "bids": [[3392.0, 2500.0], [3391.5, 376.0], [3391.25, 1260.0], [3391.0, 1619.0], [3390.75, 5424.0], [3388.5, 6262.0], [3387.75, 5697.0], [3387.5, 14913.0], [3387.25, 1103.0], [3387.0, 18406.0], [3386.5, 1317.0], [3386.25, 4412.0], [3386.0, 6238.0], [3383.75, 37341.0], [3383.25, 17650.0], [3383.0, 40002.0], [3381.25, 400.0], [3380.75, 11.0], [3379.5, 38615.0], [3379.25, 37623.0]], "asks": [[3392.75, 794.0], [3393.0, 4184.0], [3393.25, 5872.0], [3393.5, 8492.0], [3393.75, 23416.0], [3395.25, 4344.0], [3395.5, 14553.0], [3396.25, 1829.0], [3396.5, 6126.0], [3398.5, 5699.0], [3398.75, 19093.0], [3401.25, 11462.0], [3401.5, 38798.0], [3403.5, 40000.0], [3406.25, 36401.0], [3406.5, 37020.0], [3411.5, 40000.0], [3414.25, 1116.0], [3414.5, 37831.0], [3414.75, 4412.0]]}}}
{"jsonrpc": "2.0", "method": "subscription", "params": {"channel": "book.ETH-14NOV25.none.20.100ms", "data": {"timestamp": 1762615273158, "change_id": 95769590654, "instrument_name": "ETH-14NOV25", "bids": [[3390.75, 716.0], [3390.5, 2837.0], [3390.0, 160.0], [3389.75, 1620.0], [3389.5, 5427.0], [3387.5, 12262.0], [3387.0, 329.0], [3386.75, 1103.0], [3386.5, 448.0], [3386.25, 1502.0], [3385.5, 25597.0], [3385.25, 8764.0], [3385.0, 21154.0], [3384.75, 22030.0], [3384.25, 7482.0], [3384.0, 24692.0], [3383.25, 20.0], [3382.75, 49515.0], [3382.5, 2.0], [3381.75, 40000.0]], "asks": [[3391.25, 1524.0], [3391.5, 2612.0], [3391.75, 6512.0], [3392.0, 7848.0], [3392.25, 23405.0], [3392.75, 4299.0], [3393.0, 14401.0], [3393.75, 7451.0], [3394.0, 24960.0], [3395.25, 20.0], [3398.0, 7382.0], [3398.25, 24730.0], [3400.0, 49850.0], [3400.75, 400.0], [3402.0, 40000.0], [3402.5, 19714.0], [3404.0, 50302.0], [3406.75, 75335.0], [3410.0, 40000.0], [3413.0, 1116.0]]}}}
{"jsonrpc": "2.0", "method": "subscription", "params": {"channel": "book.ETH-21NOV25.none.20.100ms", "data": {"timestamp": 1762615273054, "change_id": 95769590466, "instrument_name": "ETH-21NOV25", "bids": [[3392.0, 2500.0], [3391.5, 376.0], [3391.25, 1260.0], [3391.0, 1619.0], [3390.75, 5424.0], [3388.5, 6262.0], [3387.75, 5697.0], [3387.5, 14913.0], [3387.25, 1103.0], [3387.0, 18406.0], [3386.5, 1317.0], [3386.25, 4412.0], [3386.0, 6238.0], [3383.75, 37341.0], [3383.25, 17650.0], [3383.0, 40002.0], [3381.25, 400.0], [3380.75, 11.0], [3379.5, 38615.0], [3379.25, 37623.0]], "asks": [[3393.0, 1619.0], [3393.25, 6561.0], [3393.5, 10992.0], [3393.75, 23576.0], [3395.25, 4344.0], [3395.5, 14553.0], [3396.25, 1829.0], [3396.5, 6126.0], [3398.5, 5699.0], [3398.75, 19093.0], [3401.25, 11462.0], [3401.5, 38798.0], [3403.5, 40000.0], [3406.25, 36401.0], [3406.5, 37020.0], [3411.5, 40000.0], [3414.25, 1116.0], [3414.5, 37831.0], [3414.75, 4412.0], [3415.0, 40000.0]]}}}
{"jsonrpc": "2.0", "method": "subscription", "params": {"channel": "book.ETH-14NOV25.none.20.100ms", "data": {"timestamp": 1762615273423, "change_id": 95769591147, "instrument_name": "ETH-14NOV25", "bids": [[3390.5, 2837.0], [3390.0, 160.0], [3389.75, 1620.0], [3389.5, 5427.0], [3387.5, 12262.0], [3387.0, 329.0], [3386.75, 1103.0], [3386.5, 448.0], [3386.25, 1502.0], [3385.5, 25597.0], [3385.25, 8764.0], [3385.0, 21154.0], [3384.75, 22030.0], [3384.25, 7482.0], [3384.0, 24692.0], [3383.25, 20.0], [3382.75, 49515.0], [3382.5, 2.0], [3381.75, 40000.0], [3381.0, 11.0]], "asks": [[3391.25, 1524.0], [3391.5, 3498.0], [3391.75, 8315.0], [3392.0, 5348.0], [3392.25, 23405.0], [3392.75, 4299.0], [3393.0, 14401.0], [3393.75, 7451.0], [3394.0, 24960.0], [3395.25, 20.0], [3398.0, 7382.0], [3398.25, 24730.0], [3400.0, 49850.0], [3400.75, 400.0], [3402.0, 40000.0], [3402.5, 19714.0], [3404.0, 50302.0], [3406.75, 75335.0], [3410.0, 40000.0], [3413.0, 1116.0]]}}}
{"jsonrpc": "2.0", "method": "subscription", "params": {"channel": "book.ETH-21NOV25.none.20.100ms", "data": {"timestamp": 1762615273311, "change_id": 95769590893, "instrument_name": "ETH-21NOV25", "bids": [[3392.0, 2500.0], [3391.5, 376.0], [3391.25, 1260.0], [3391.0, 1619.0], [3390.75, 5424.0], [3388.5, 6262.0], [3387.75, 5697.0], [3387.5, 14913.0], [3387.25, 1103.0], [3387.0, 18406.0], [3386.5, 1317.0], [3386.25, 4412.0], [3386.0, 6238.0], [3383.75, 37341.0], [3383.25, 17650.0], [3383.0, 40002.0], [3381.25, 400.0], [3380.75, 11.0], [3379.5, 38615.0], [3379.25, 37623.0]], "asks": [[3393.0, 1619.0], [3393.25, 8532.0], [3393.5, 8492.0], [3393.75, 23416.0], [3395.25, 4344.0], [3395.5, 14553.0], [3396.25, 1829.0], [3396.5, 6126.0], [3398.5, 5699.0], [3398.75, 19093.0], [3401.25, 11462.0], [3401.5, 38798.0], [3403.5, 40000.0], [3406.25, 36401.0], [3406.5, 37020.0], [3411.5, 40000.0], [3414.25, 1116.0], [3414.5, 37831.0], [3414.75, 4412.0], [3415.0, 40000.0]]}}}
{"jsonrpc": "2.0", "method": "subscription", "params": {"channel": "book.ETH-14NOV25.none.20.100ms", "data": {"timestamp": 1762615273732, "change_id": 95769591494, "instrument_name": "ETH-14NOV25", "bids": [[3390.5, 2837.0], [3390.0, 160.0], [3389.75, 1620.0], [3389.5, 5427.0], [3387.5, 12262.0], [3387.0, 329.0], [3386.75, 1103.0], [3386.5, 448.0], [3386.25, 1502.0], [3385.5, 25597.0], [3385.25, 8764.0], [3385.0, 21154.0], [3384.75, 22030.0], [3384.25, 7482.0], [3384.0, 24692.0], [3383.25, 20.0], [3382.75, 49515.0], [3382.5, 2.0], [3381.75, 40000.0], [3381.0, 11.0]], "asks": [[3391.0, 1688.0], [3391.25, 1524.0], [3391.5, 3658.0], [3391.75, 9615.0], [3392.0, 5188.0], [3392.25, 23405.0], [3392.75, 4299.0], [3393.0, 14401.0], [3393.75, 7451.0], [3394.0, 24960.0], [3395.25, 20.0], [3398.0, 7382.0], [3398.25, 24730.0], [3400.0, 49850.0], [3400.75, 400.0], [3402.0, 40000.0], [3402.5, 19714.0], [3404.0, 50302.0], [3406.75, 75335.0], [3410.0, 40000.0]]}}}
{"jsonrpc": "2.0", "method": "subscription", "params": {"channel": "book.ETH-21NOV25.none.20.100ms", "data": {"timestamp": 1762615273707, "change_id": 95769591491, "instrument_name": "ETH-21NOV25", "bids": [[3392.0, 2500.0], [3391.5, 376.0], [3391.25, 1588.0], [3391.0, 2719.0], [3390.75, 5424.0], [3388.75, 1869.0], [3388.5, 6262.0], [3387.75, 5697.0], [3387.5, 14913.0], [3387.25, 6597.0], [3387.0, 18406.0], [3386.5, 1317.0], [3386.25, 4412.0], [3386.0, 6238.0], [3383.75, 37341.0], [3383.25, 17650.0], [3383.0, 40002.0], [3381.25, 400.0], [3380.75, 11.0], [3379.5, 38615.0]], "asks": [[3393.0, 1619.0], [3393.25, 8532.0], [3393.5, 8492.0], [3393.75, 23416.0], [3395.25, 4344.0], [3395.5, 14553.0], [3396.25, 1829.0], [3396.5, 6126.0], [3398.5, 5699.0], [3398.75, 19093.0], [3401.25, 11462.0], [3401.5, 38798.0], [3403.5, 40000.0], [3406.25, 36401.0], [3406.5, 37020.0], [3411.5, 40000.0], [3414.25, 1116.0], [3414.5, 37831.0], [3414.75, 4412.0], [3415.0, 40000.0]]}}}
{"jsonrpc": "2.0", "method": "subscription", "params": {"channel": "book.ETH-14NOV25.none.20.100ms", "data": {"timestamp": 1762615274000, "change_id": 95769591594, "instrument_name": "ETH-14NOV25", "bids": [[3390.5, 2837.0], [3390.0, 160.0], [3389.75, 1620.0], [3389.5, 5427.0], [3387.75, 3660.0], [3387.5, 12262.0], [3387.0, 329.0], [3386.75, 1103.0], [3386.5, 448.0], [3386.25, 1502.0], [3385.75, 7248.0], [3385.5, 25597.0], [3385.25, 8764.0], [3385.0, 21154.0], [3384.75, 22030.0], [3384.25, 7482.0], [3384.0, 24692.0], [3383.25, 20.0], [3382.75, 49515.0], [3382.5, 2.0]], "asks": [[3391.0, 1688.0], [3391.25, 2453.0], [3391.5, 6158.0], [3391.75, 7115.0], [3392.0, 5188.0], [3392.25, 23405.0], [3392.75, 4299.0], [3393.0, 14401.0], [3393.75, 7451.0], [3394.0, 24960.0], [3395.25, 20.0], [3398.0, 7382.0], [3398.25, 24730.0], [3400.0, 49850.0], [3400.75, 400.0], [3402.0, 40000.0], [3402.5, 19714.0], [3404.0, 50302.0], [3406.75, 75335.0], [3410.0, 40000.0]]}}}
{"jsonrpc": "2.0", "method": "subscription", "params": {"channel": "book.ETH-21NOV25.none.20.100ms", "data": {"timestamp": 1762615274000, "change_id": 95769591595, "instrument_name": "ETH-21NOV25", "bids": [[3392.0, 2500.0], [3391.5, 376.0], [3391.25, 1588.0], [3391.0, 2719.0], [3390.75, 5424.0], [3388.75, 1869.0], [3388.5, 6262.0], [3387.75, 5697.0], [3387.5, 14913.0], [3387.25, 6597.0], [3387.0, 18406.0], [3386.5, 1317.0], [3386.25, 4412.0], [3386.0, 6238.0], [3383.75, 37341.0], [3383.25, 17650.0], [3383.0, 40002.0], [3381.25, 400.0], [3380.75, 11.0], [3379.5, 38615.0]], "asks": [[3392.75, 747.0], [3393.0, 4119.0], [3393.25, 6032.0], [3393.5, 8492.0], [3393.75, 23416.0], [3395.25, 4344.0], [3395.5, 14553.0], [3396.25, 1829.0], [3396.5, 6126.0], [3398.5, 5699.0], [3398.75, 19093.0], [3401.25, 11462.0], [3401.5, 38798.0], [3403.5, 40000.0], [3406.25, 36401.0], [3406.5, 37020.0], [3411.5, 40000.0], [3414.25, 1116.0], [3414.5, 37831.0], [3414.75, 4412.0]]}}}
{"jsonrpc": "2.0", "method": "subscription", "params": {"channel": "book.ETH-14NOV25.none.20.100ms", "data": {"timestamp": 1762615274621, "change_id": 95769592544, "instrument_name": "ETH-14NOV25", "bids": [[3390.5, 2500.0], [3390.0, 160.0], [3389.75, 1620.0], [3389.5, 5427.0], [3387.75, 3660.0], [3387.5, 12262.0], [3387.0, 329.0], [3386.75, 1103.0], [3386.5, 448.0], [3386.25, 1502.0], [3385.75, 7248.0], [3385.5, 25597.0], [3385.25, 8764.0], [3385.0, 21154.0], [3384.75, 22030.0], [3384.25, 7482.0], [3384.0, 24692.0], [3383.25, 20.0], [3382.75, 49515.0], [3382.5, 2.0]], "asks": [[3391.0, 1688.0], [3391.25, 2453.0], [3391.5, 6158.0], [3391.75, 7115.0], [3392.0, 5188.0], [3392.25, 23405.0], [3392.75, 4299.0], [3393.0, 14401.0], [3393.75, 7451.0], [3394.0, 24960.0], [3395.25, 20.0], [3398.0, 7382.0], [3398.25, 24730.0], [3400.0, 49850.0], [3400.75, 400.0], [3402.0, 40000.0], [3402.5, 19714.0], [3404.0, 50302.0], [3406.75, 75335.0], [3410.0, 40000.0]]}}}
{"jsonrpc": "2.0", "method": "subscription", "params": {"channel": "book.ETH-21NOV25.none.20.100ms", "data": {"timestamp": 1762615274709, "change_id": 95769592596, "instrument_name": "ETH-21NOV25", "bids": [[3392.0, 2500.0], [3391.5, 376.0], [3391.25, 1588.0], [3391.0, 2719.0], [3390.75, 5424.0], [3388.75, 1869.0], [3388.5, 6262.0], [3387.75, 5697.0], [3387.5, 14913.0], [3387.25, 6597.0], [3387.0, 18406.0], [3386.5, 1317.0], [3386.25, 4412.0], [3386.0, 6238.0], [3383.75, 37341.0], [3383.25, 17650.0], [3383.0, 40002.0], [3381.25, 400.0], [3380.75, 11.0], [3379.5, 38615.0]], "asks": [[3392.5, 1619.0], [3392.75, 6331.0], [3393.0, 2500.0], [3393.25, 448.0], [3393.5, 8492.0], [3393.75, 23416.0], [3395.25, 4344.0], [3395.5, 14553.0], [3396.25, 1829.0], [3396.5, 6126.0], [3398.5, 5699.0], [3398.75, 19093.0], [3401.25, 11462.0], [3401.5, 38798.0], [3403.5, 40000.0], [3406.25, 36401.0], [3406.5, 37020.0], [3411.5, 40000.0], [3414.25, 1116.0], [3414.5, 37831.0]]}}}
{"jsonrpc": "2.0", "method": "subscription", "params": {"channel": "book.ETH-14NOV25.none.20.100ms", "data": {"timestamp": 1762615275054, "change_id": 95769592931, "instrument_name": "ETH-14NOV25", "bids": [[3390.0, 2500.0], [3389.5, 1620.0], [3389.25, 5587.0], [3387.75, 3660.0], [3387.5, 12262.0], [3387.0, 329.0], [3386.75, 1103.0], [3386.5, 448.0], [3386.25, 1502.0], [3385.75, 7248.0], [3385.5, 25597.0], [3385.25, 8764.0], [3385.0, 21154.0], [3384.75, 22030.0], [3384.25, 7482.0], [3384.0, 24692.0], [3383.25, 20.0], [3382.75, 49515.0], [3382.5, 2.0], [3381.75, 40000.0]], "asks": [[3390.75, 1688.0], [3391.0, 3514.0], [3391.25, 9451.0], [3391.5, 1848.0], [3391.75, 1688.0], [3392.0, 5188.0], [3392.25, 23405.0], [3392.75, 4299.0], [3393.0, 14401.0], [3393.75, 7451.0], [3394.0, 24960.0], [3395.25, 20.0], [3398.0, 7382.0], [3398.25, 24730.0], [3400.0, 49850.0], [3400.75, 400.0], [3402.0, 40000.0], [3402.5, 19714.0], [3404.0, 50302.0], [3406.75, 75335.0]]}}}
{"jsonrpc": "2.0", "method": "subscription", "params": {"channel": "book.ETH-21NOV25.none.20.100ms", "data": {"timestamp": 1762615275137, "change_id": 95769593167, "instrument_name": "ETH-21NOV25", "bids": [[3391.5, 2500.0], [3391.25, 328.0], [3391.0, 1100.0], [3390.75, 1619.0], [3390.5, 5584.0], [3388.75, 1869.0], [3388.5, 6262.0], [3387.75, 5697.0], [3387.5, 14913.0], [3387.25, 6597.0], [3387.0, 18406.0], [3386.5, 1317.0], [3386.25, 6274.0], [3386.0, 6238.0], [3383.75, 37341.0], [3383.25, 17650.0], [3383.0, 40002.0], [3381.25, 400.0], [3380.75, 11.0], [3379.5, 38615.0]], "asks": [[3392.5, 1619.0], [3392.75, 8831.0], [3393.25, 448.0], [3393.5, 8492.0], [3393.75, 23416.0], [3395.25, 4344.0], [3395.5, 14553.0], [3396.25, 1829.0], [3396.5, 6126.0], [3398.5, 5699.0], [3398.75, 19093.0], [3401.25, 11462.0], [3401.5, 38798.0], [3403.5, 40000.0], [3406.25, 36401.0], [3406.5, 37020.0], [3411.5, 40000.0], [3414.25, 1116.0], [3414.5, 37831.0], [3414.75, 4412.0]]}}}
{"jsonrpc": "2.0", "method": "subscription", "params": {"channel": "book.ETH-14NOV25.none.20.100ms", "data": {"timestamp": 1762615275499, "change_id": 95769593878, "instrument_name": "ETH-14NOV25", "bids": [[3389.75, 746.0], [3389.5, 2500.0], [3389.25, 160.0], [3387.5, 12262.0], [3387.0, 329.0], [3386.75, 1103.0], [3386.5, 448.0], [3386.25, 1502.0], [3385.5, 1317.0], [3385.25, 15455.0], [3385.0, 45434.0], [3384.75, 22030.0], [3384.25, 7482.0], [3384.0, 24692.0], [3383.25, 20.0], [3382.75, 49515.0], [3382.5, 2.0], [3381.75, 40000.0], [3381.0, 11.0], [3380.0, 400.0]], "asks": [[3390.5, 1602.0], [3390.75, 1688.0], [3391.0, 3674.0], [3391.25, 9451.0], [3391.5, 1688.0], [3391.75, 1688.0], [3392.0, 1300.0], [3392.75, 4299.0], [3393.0, 14401.0], [3393.75, 7451.0], [3394.0, 24960.0], [3395.25, 20.0], [3396.25, 24730.0], [3400.0, 49850.0], [3400.75, 400.0], [3402.0, 40000.0], [3402.5, 19714.0], [3404.0, 50302.0], [3406.75, 75335.0], [3410.0, 40000.0]]}}}
{"jsonrpc": "2.0", "method": "subscription", "params": {"channel": "book.ETH-21NOV25.none.20.100ms", "data": {"timestamp": 1762615275514, "change_id": 95769593897, "instrument_name": "ETH-21NOV25", "bids": [[3391.0, 2500.0], [3390.5, 1779.0], [3390.25, 5424.0], [3388.25, 1869.0], [3388.0, 6262.0], [3387.75, 5697.0], [3387.5, 14913.0], [3387.25, 1103.0], [3386.5, 1317.0], [3386.25, 4412.0], [3385.75, 18406.0], [3384.0, 17384.0], [3383.75, 37341.0], [3383.25, 17650.0], [3383.0, 40002.0], [3381.25, 400.0], [3380.75, 11.0], [3379.5, 38615.0], [3379.25, 37623.0], [3375.0, 45.0]], "asks": [[3392.5, 1619.0], [3392.75, 8831.0], [3393.25, 448.0], [3393.5, 8492.0], [3393.75, 23416.0], [3395.25, 4344.0], [3395.5, 14553.0], [3396.25, 1829.0], [3396.5, 6126.0], [3397.5, 19093.0], [3401.25, 11462.0], [3401.5, 38798.0], [3403.5, 40000.0], [3406.25, 36401.0], [3406.5, 37020.0], [3411.5, 40000.0], [3414.25, 1116.0], [3414.5, 37831.0], [3414.75, 4412.0], [3415.0, 40000.0]]}}}
{"jsonrpc": "2.0", "method": "subscription", "params": {"channel": "book.ETH-14NOV25.none.20.100ms", "data": {"timestamp": 1762615275758, "change_id": 95769594208, "instrument_name": "ETH-14NOV25", "bids": [[3389.75, 2500.0], [3389.25, 1780.0], [3389.0, 5427.0], [3387.5, 1300.0], [3387.25, 12262.0], [3386.5, 448.0], [3386.25, 1502.0], [3385.75, 1103.0], [3385.5, 1317.0], [3385.25, 15455.0], [3385.0, 45434.0], [3384.75, 22030.0], [3384.25, 7482.0], [3384.0, 24692.0], [3383.25, 20.0], [3382.75, 49515.0], [3382.5, 2.0], [3381.75, 40000.0], [3381.0, 11.0], [3380.0, 400.0]], "asks": [[3390.5, 1602.0], [3390.75, 2432.0], [3391.0, 5489.0], [3391.25, 5651.0], [3391.5, 1300.0], [3392.75, 4299.0], [3393.0, 14401.0], [3393.75, 7451.0], [3394.0, 24960.0], [3395.25, 20.0], [3396.25, 24730.0], [3400.0, 49850.0], [3400.75, 400.0], [3402.0, 40000.0], [3402.5, 19714.0], [3404.0, 50302.0], [3406.75, 75335.0], [3410.0, 40000.0], [3413.0, 1116.0], [3413.5, 40000.0]]}}}
{"jsonrpc": "2.0", "method": "subscription", "params": {"channel": "book.ETH-21NOV25.none.20.100ms", "data": {"timestamp": 1762615275830, "change_id": 95769594307, "instrument_name": "ETH-21NOV25", "bids": [[3391.0, 2500.0], [3390.5, 1779.0], [3390.25, 6494.0], [3388.25, 6262.0], [3388.0, 1103.0], [3387.75, 5697.0], [3387.5, 14913.0], [3386.5, 1317.0], [3386.25, 4412.0], [3385.75, 18406.0], [3384.25, 6238.0], [3384.0, 11146.0], [3383.75, 37341.0], [3383.25, 17650.0], [3383.0, 40002.0], [3381.25, 400.0], [3380.75, 11.0], [3379.5, 38615.0], [3379.25, 37623.0], [3375.0, 45.0]], "asks": [[3392.25, 907.0], [3392.5, 4119.0], [3392.75, 6171.0], [3393.25, 448.0], [3393.5, 1502.0], [3395.25, 4344.0], [3395.5, 14553.0], [3396.25, 1829.0], [3396.5, 6126.0], [3397.5, 19093.0], [3401.25, 11462.0], [3401.5, 38798.0], [3403.5, 40000.0], [3406.25, 36401.0], [3406.5, 37020.0], [3411.5, 40000.0], [3414.25, 1116.0], [3414.5, 37831.0], [3414.75, 4412.0], [3415.0, 40000.0]]}}}
{"jsonrpc": "2.0", "method": "subscription", "params": {"channel": "book.ETH-21NOV25.none.20.100ms", "data": {"timestamp": 1762615275884, "change_id": 95769594329, "instrument_name": "ETH-21NOV25", "bids": [[3391.25, 2500.0], [3390.5, 1779.0], [3390.25, 6494.0], [3388.25, 6262.0], [3388.0, 1103.0], [3387.75, 5697.0], [3387.5, 14913.0], [3386.5, 1317.0], [3386.25, 4412.0], [3385.75, 18406.0], [3384.25, 6238.0], [3384.0, 11146.0], [3383.75, 37341.0], [3383.25, 17650.0], [3383.0, 40002.0], [3381.25, 400.0], [3380.75, 11.0], [3379.5, 38615.0], [3379.25, 37623.0], [3375.0, 45.0]], "asks": [[3392.25, 907.0], [3392.5, 4119.0], [3392.75, 6171.0], [3393.25, 448.0], [3393.5, 1502.0], [3395.25, 4344.0], [3395.5, 14553.0], [3396.25, 1829.0], [3396.5, 6126.0], [3397.5, 19093.0], [3401.25, 11462.0], [3401.5, 38798.0], [3403.5, 40000.0], [3406.25, 36401.0], [3406.5, 37020.0], [3411.5, 40000.0], [3414.25, 1116.0], [3414.5, 37831.0], [3414.75, 4412.0], [3415.0, 40000.0]]}}}
{"jsonrpc": "2.0", "method": "subscription", "params": {"channel": "book.ETH-14NOV25.none.20.100ms", "data": {"timestamp": 1762615276638, "change_id": 95769595325, "instrument_name": "ETH-14NOV25", "bids": [[3390.0, 746.0], [3389.75, 2888.0], [3389.5, 1300.0], [3389.25, 1780.0], [3389.0, 5427.0], [3386.75, 12262.0], [3386.5, 448.0], [3386.25, 1502.0], [3386.0, 329.0], [3385.75, 1103.0], [3385.5, 1317.0], [3385.25, 15455.0], [3385.0, 45434.0], [3384.75, 22030.0], [3384.25, 7482.0], [3384.0, 24692.0], [3383.25, 20.0], [3382.75, 49515.0], [3382.5, 2.0], [3381.75, 40000.0]], "asks": [[3390.5, 1602.0], [3390.75, 2432.0], [3391.0, 5489.0], [3391.25, 5427.0], [3392.25, 388.0], [3392.5, 1300.0], [3392.75, 4299.0], [3393.0, 14401.0], [3393.75, 7451.0], [3394.0, 24960.0], [3395.25, 20.0], [3396.25, 24730.0], [3400.0, 49850.0], [3400.75, 400.0], [3402.0, 40000.0], [3402.5, 19714.0], [3404.0, 50302.0], [3406.75, 75335.0], [3410.0, 40000.0], [3413.0, 1116.0]]}}}
{"jsonrpc": "2.0", "method": "subscription", "params": {"channel": "book.ETH-21NOV25.none.20.100ms", "data": {"timestamp": 1762615276670, "change_id": 95769595343, "instrument_name": "ETH-21NOV25", "bids": [[3391.25, 3600.0], [3391.0, 328.0], [3390.75, 1100.0], [3390.5, 1779.0], [3390.25, 6494.0], [3388.25, 6262.0], [3388.0, 1103.0], [3387.75, 5697.0], [3387.5, 14913.0], [3386.5, 1317.0], [3386.25, 4412.0], [3385.75, 18406.0], [3384.25, 6238.0], [3384.0, 11146.0], [3383.75, 37341.0], [3383.25, 17650.0], [3383.0, 40002.0], [3381.25, 400.0], [3380.75, 11.0], [3379.5, 38615.0]], "asks": [[3392.25, 907.0], [3392.5, 4119.0], [3392.75, 6171.0], [3393.25, 448.0], [3393.5, 1502.0], [3395.25, 4344.0], [3395.5, 14553.0], [3396.25, 1829.0], [3396.5, 6126.0], [3397.5, 19093.0], [3401.25, 11462.0], [3401.5, 38798.0], [3403.5, 40000.0], [3406.25, 36401.0], [3406.5, 37020.0], [3411.5, 40000.0], [3414.25, 1116.0], [3414.5, 37831.0], [3414.75, 4412.0], [3415.0, 40000.0]]}}}
{"jsonrpc": "2.0", "method": "subscription", "params": {"channel": "book.ETH-14NOV25.none.20.100ms", "data": {"timestamp": 1762615277120, "change_id": 95769595686, "instrument_name": "ETH-14NOV25", "bids": [[3390.0, 2500.0], [3389.25, 1780.0], [3389.0, 5427.0], [3386.75, 12262.0], [3386.5, 448.0], [3386.25, 1502.0], [3386.0, 329.0], [3385.75, 1103.0], [3385.5, 1317.0], [3385.25, 15455.0], [3385.0, 45434.0], [3384.75, 22030.0], [3384.25, 7482.0], [3384.0, 24692.0], [3383.25, 20.0], [3382.75, 49515.0], [3382.5, 2.0], [3381.75, 40000.0], [3381.0, 11.0], [3380.0, 400.0]], "asks": [[3390.5, 1602.0], [3390.75, 2432.0], [3391.0, 5489.0], [3391.25, 5427.0], [3392.25, 388.0], [3392.5, 1300.0], [3392.75, 4299.0], [3393.0, 14401.0], [3393.75, 7451.0], [3394.0, 24960.0], [3395.25, 20.0], [3396.25, 24730.0], [3400.0, 49850.0], [3400.75, 400.0], [3402.0, 40000.0], [3402.5, 19714.0], [3404.0, 50302.0], [3406.75, 75335.0], [3410.0, 40000.0], [3413.0, 1116.0]]}}}
{"jsonrpc": "2.0", "method": "subscription", "params": {"channel": "book.ETH-21NOV25.none.20.100ms", "data": {"timestamp": 1762615277075, "change_id": 95769595591, "instrument_name": "ETH-21NOV25", "bids": [[3391.25, 2500.0], [3391.0, 328.0], [3390.75, 1100.0], [3390.5, 1779.0], [3390.25, 6494.0], [3388.5, 1869.0], [3388.25, 6262.0], [3387.75, 5697.0], [3387.5, 14913.0], [3386.5, 1317.0], [3386.25, 5515.0], [3386.0, 5494.0], [3385.75, 18406.0], [3384.5, 1862.0], [3384.25, 6238.0], [3384.0, 11146.0], [3383.75, 37341.0], [3383.25, 17650.0], [3383.0, 40002.0], [3381.25, 400.0]], "asks": [[3392.25, 907.0], [3392.5, 4119.0], [3392.75, 6171.0], [3393.25, 448.0], [3393.5, 1502.0], [3395.25, 4344.0], [3395.5, 14553.0], [3396.25, 1829.0], [3396.5, 6126.0], [3397.5, 19093.0], [3401.25, 11462.0], [3401.5, 38798.0], [3403.5, 40000.0], [3406.25, 36401.0], [3406.5, 37020.0], [3411.5, 40000.0], [3414.25, 1116.0], [3414.5, 37831.0], [3414.75, 4412.0], [3415.0, 40000.0]]}}}
{"jsonrpc": "2.0", "method": "subscription", "params": {"channel": "book.ETH-14NOV25.none.20.100ms", "data": {"timestamp": 1762615277467, "change_id": 95769596506, "instrument_name": "ETH-14NOV25", "bids": [[3390.25, 688.0], [3390.0, 2500.0], [3389.75, 1780.0], [3389.5, 5427.0], [3386.75, 12262.0], [3386.5, 448.0], [3386.25, 1502.0], [3386.0, 329.0], [3385.75, 1103.0], [3385.5, 1317.0], [3385.25, 15455.0], [3385.0, 45434.0], [3384.75, 22030.0], [3384.25, 7482.0], [3384.0, 24692.0], [3383.25, 20.0], [3382.75, 49515.0], [3382.5, 2.0], [3381.75, 40000.0], [3381.0, 11.0]], "asks": [[3391.0, 1300.0], [3391.25, 746.0], [3391.5, 4120.0], [3391.75, 5587.0], [3392.25, 388.0], [3392.5, 1300.0], [3393.75, 7451.0], [3394.0, 29319.0], [3394.25, 14603.0], [3395.25, 20.0], [3396.25, 24730.0], [3400.0, 49850.0], [3400.75, 400.0], [3402.0, 40000.0], [3402.5, 19714.0], [3404.0, 50302.0], [3406.75, 75335.0], [3410.0, 40000.0], [3413.0, 1116.0], [3413.5, 40000.0]]}}}
{"jsonrpc": "2.0", "method": "subscription", "params": {"channel": "book.ETH-21NOV25.none.20.100ms", "data": {"timestamp": 1762615277464, "change_id": 95769596502, "instrument_name": "ETH-21NOV25", "bids": [[3391.5, 2500.0], [3391.0, 2065.0], [3390.75, 6524.0], [3390.5, 319.0], [3390.25, 1070.0], [3388.0, 6262.0], [3387.75, 5697.0], [3387.5, 14913.0], [3386.5, 1317.0], [3386.25, 5515.0], [3386.0, 5494.0], [3385.75, 18406.0], [3384.75, 6238.0], [3384.0, 11146.0], [3383.75, 37341.0], [3383.25, 17650.0], [3383.0, 40002.0], [3381.25, 400.0], [3380.75, 11.0], [3379.5, 38615.0]], "asks": [[3392.75, 747.0], [3393.0, 4279.0], [3393.25, 5872.0], [3393.5, 1502.0], [3396.25, 1829.0], [3396.5, 10292.0], [3396.75, 13958.0], [3397.5, 19093.0], [3401.25, 11462.0], [3401.5, 38798.0], [3403.5, 40000.0], [3406.25, 36401.0], [3406.5, 37020.0], [3411.5, 40000.0], [3414.25, 1116.0], [3414.5, 37831.0], [3414.75, 4412.0], [3415.0, 40000.0], [3418.0, 45.0], [3420.0, 17650.0]]}}}
{"jsonrpc": "2.0", "method": "subscription", "params": {"channel": "book.ETH-14NOV25.none.20.100ms", "data": {"timestamp": 1762615277822, "change_id": 95769597164, "instrument_name": "ETH-14NOV25", "bids": [[3389.75, 546.0], [3389.5, 2500.0], [3389.25, 1620.0], [3389.0, 5587.0], [3388.5, 3660.0], [3388.25, 12262.0], [3386.5, 448.0], [3386.25, 1502.0], [3386.0, 329.0], [3385.75, 8351.0], [3385.5, 25597.0], [3385.25, 8764.0], [3385.0, 21154.0], [3384.75, 22030.0], [3384.25, 7482.0], [3384.0, 24692.0], [3383.25, 20.0], [3382.75, 49515.0], [3382.5, 2.0], [3381.75, 40000.0]], "asks": [[3390.25, 388.0], [3390.5, 2920.0], [3390.75, 5815.0], [3391.0, 2432.0], [3391.25, 4706.0], [3392.25, 4279.0], [3392.5, 14336.0], [3393.75, 7451.0], [3394.0, 24960.0], [3395.25, 20.0], [3396.25, 24730.0], [3400.0, 49850.0], [3400.75, 400.0], [3402.0, 40000.0], [3402.5, 19714.0], [3404.0, 50302.0], [3406.75, 75335.0], [3410.0, 40000.0], [3413.0, 1116.0], [3413.5, 40000.0]]}}}
{"jsonrpc": "2.0", "method": "subscription", "params": {"channel": "book.ETH-21NOV25.none.20.100ms", "data": {"timestamp": 1762615277784, "change_id": 95769597072, "instrument_name": "ETH-21NOV25", "bids": [[3391.0, 2500.0], [3390.75, 1100.0], [3390.5, 1898.0], [3390.25, 6654.0], [3388.0, 6262.0], [3387.75, 5697.0], [3387.5, 14913.0], [3386.5, 1317.0], [3386.25, 5515.0], [3386.0, 5494.0], [3385.75, 18406.0], [3384.75, 6238.0], [3384.0, 11146.0], [3383.75, 37341.0], [3383.25, 17650.0], [3383.0, 40002.0], [3381.25, 400.0], [3380.75, 11.0], [3379.5, 38615.0], [3379.25, 37623.0]], "asks": [[3392.0, 1619.0], [3392.25, 5695.0], [3392.5, 906.0], [3392.75, 2500.0], [3393.25, 448.0], [3393.5, 1502.0], [3395.0, 4311.0], [3395.25, 14442.0], [3396.25, 1829.0], [3396.5, 6126.0], [3397.5, 19093.0], [3401.25, 11462.0], [3401.5, 38798.0], [3403.5, 40000.0], [3406.25, 36401.0], [3406.5, 37020.0], [3411.5, 40000.0], [3414.25, 1116.0], [3414.5, 37831.0], [3414.75, 4412.0]]}}}
{"jsonrpc": "2.0", "method": "subscription", "params": {"channel": "book.ETH-14NOV25.none.20.100ms", "data": {"timestamp": 1762615277990, "change_id": 95769597256, "instrument_name": "ETH-14NOV25", "bids": [[3389.75, 2500.0], [3389.25, 1620.0], [3389.0, 5587.0], [3388.5, 3660.0], [3388.25, 12262.0], [3386.5, 448.0], [3386.25, 1502.0], [3386.0, 329.0], [3385.75, 8351.0], [3385.5, 25597.0], [3385.25, 8764.0], [3385.0, 21154.0], [3384.75, 22030.0], [3384.25, 7482.0], [3384.0, 24692.0], [3383.25, 20.0], [3382.75, 49515.0], [3382.5, 2.0], [3381.75, 40000.0], [3381.0, 11.0]], "asks": [[3390.5, 2920.0], [3390.75, 6672.0], [3391.0, 4188.0], [3391.25, 1300.0], [3392.25, 4279.0], [3392.5, 14336.0], [3393.75, 7451.0], [3394.0, 24960.0], [3395.25, 20.0], [3396.25, 24730.0], [3400.0, 49850.0], [3400.75, 400.0], [3402.0, 40000.0], [3402.5, 19714.0], [3404.0, 50302.0], [3406.75, 75335.0], [3410.0, 40000.0], [3413.0, 1116.0], [3413.5, 40000.0], [3413.75, 4412.0]]}}}
{"jsonrpc": "2.0", "method": "subscription", "params": {"channel": "book.ETH-21NOV25.none.20.100ms", "data": {"timestamp": 1762615277900, "change_id": 95769597221, "instrument_name": "ETH-21NOV25", "bids": [[3391.0, 2828.0], [3390.75, 1100.0], [3390.5, 1898.0], [3390.25, 6654.0], [3388.0, 6262.0], [3387.75, 5697.0], [3387.5, 14913.0], [3386.5, 1317.0], [3386.25, 5515.0], [3386.0, 5494.0], [3385.75, 18406.0], [3384.75, 6238.0], [3384.0, 11146.0], [3383.75, 37341.0], [3383.25, 17650.0], [3383.0, 40002.0], [3381.25, 400.0], [3380.75, 11.0], [3379.5, 38615.0], [3379.25, 37623.0]], "asks": [[3392.0, 1619.0], [3392.25, 6183.0], [3392.5, 2660.0], [3393.25, 448.0], [3393.5, 1502.0], [3395.0, 4311.0], [3395.25, 14442.0], [3396.25, 1829.0], [3396.5, 6126.0], [3397.5, 19093.0], [3401.25, 11462.0], [3401.5, 38798.0], [3403.5, 40000.0], [3406.25, 36401.0], [3406.5, 37020.0], [3411.5, 40000.0], [3414.25, 1116.0], [3414.5, 37831.0], [3414.75, 4412.0], [3415.0, 40000.0]]}}}
{"jsonrpc": "2.0", "method": "subscription", "params": {"channel": "book.ETH-14NOV25.none.20.100ms", "data": {"timestamp": 1762615278277, "change_id": 95769597737, "instrument_name": "ETH-14NOV25", "bids": [[3389.75, 2500.0], [3389.25, 1620.0], [3389.0, 5587.0], [3387.0, 3660.0], [3386.75, 12262.0], [3386.5, 448.0], [3386.25, 1502.0], [3386.0, 329.0], [3385.75, 1103.0], [3385.5, 8396.0], [3385.25, 33044.0], [3385.0, 21154.0], [3384.75, 22030.0], [3384.25, 7482.0], [3384.0, 24692.0], [3383.25, 20.0], [3382.75, 49515.0], [3382.5, 2.0], [3381.75, 40000.0], [3381.0, 11.0]], "asks": [[3390.25, 1652.0], [3390.5, 2920.0], [3390.75, 6672.0], [3391.0, 3800.0], [3392.25, 4279.0], [3392.5, 14336.0], [3393.75, 7451.0], [3394.0, 24960.0], [3395.25, 20.0], [3396.25, 24730.0], [3400.0, 49850.0], [3400.75, 400.0], [3402.0, 40000.0], [3402.5, 19714.0], [3404.0, 50302.0], [3406.75, 75335.0], [3410.0, 40000.0], [3413.0, 1116.0], [3413.5, 40000.0], [3413.75, 4412.0]]}}}
{"jsonrpc": "2.0", "method": "subscription", "params": {"channel": "book.ETH-21NOV25.none.20.100ms", "data": {"timestamp": 1762615278275, "change_id": 95769597733, "instrument_name": "ETH-21NOV25", "bids": [[3391.0, 2828.0], [3390.75, 1100.0], [3390.5, 1898.0], [3390.25, 6654.0], [3388.25, 6262.0], [3387.75, 5697.0], [3387.5, 14913.0], [3386.5, 1317.0], [3386.25, 5515.0], [3386.0, 5494.0], [3385.75, 18406.0], [3385.0, 6238.0], [3384.0, 11146.0], [3383.75, 37341.0], [3383.25, 17650.0], [3383.0, 40002.0], [3381.25, 400.0], [3380.75, 11.0], [3379.5, 38615.0], [3379.25, 37623.0]], "asks": [[3392.0, 1779.0], [3392.25, 6183.0], [3392.5, 2500.0], [3393.25, 448.0], [3393.5, 1502.0], [3395.0, 4311.0], [3395.25, 14442.0], [3396.25, 1829.0], [3396.5, 6126.0], [3397.5, 19093.0], [3401.25, 11462.0], [3401.5, 38798.0], [3403.5, 40000.0], [3406.25, 36401.0], [3406.5, 37020.0], [3411.5, 40000.0], [3414.25, 1116.0], [3414.5, 37831.0], [3414.75, 4412.0], [3415.0, 40000.0]]}}}
{"jsonrpc": "2.0", "method": "subscription", "params": {"channel": "book.ETH-14NOV25.none.20.100ms", "data": {"timestamp": 1762615278675, "change_id": 95769598273, "instrument_name": "ETH-14NOV25", "bids": [[3389.75, 2500.0], [3389.25, 1620.0], [3389.0, 5587.0], [3387.0, 3660.0], [3386.75, 12262.0], [3386.5, 448.0], [3386.25, 1502.0], [3386.0, 329.0], [3385.75, 1103.0], [3385.5, 8396.0], [3385.25, 33044.0], [3385.0, 21154.0], [3384.75, 22030.0], [3384.25, 7482.0], [3384.0, 24692.0], [3383.25, 20.0], [3382.75, 49515.0], [3382.5, 2.0], [3381.75, 40000.0], [3381.0, 11.0]], "asks": [[3390.25, 1300.0], [3390.5, 2920.0], [3390.75, 8475.0], [3391.75, 388.0], [3392.0, 1300.0], [3392.25, 4279.0], [3392.5, 14336.0], [3393.75, 7451.0], [3394.0, 24960.0], [3395.25, 20.0], [3396.25, 24730.0], [3400.0, 49850.0], [3400.75, 400.0], [3402.0, 40000.0], [3402.5, 19714.0], [3404.0, 50302.0], [3406.75, 75335.0], [3410.0, 40000.0], [3413.0, 1116.0], [3413.5, 40000.0]]}}}
{"jsonrpc": "2.0", "method": "subscription", "params": {"channel": "book.ETH-21NOV25.none.20.100ms", "data": {"timestamp": 1762615278648, "change_id": 95769598270, "instrument_name": "ETH-21NOV25", "bids": [[3391.0, 2828.0], [3390.75, 1428.0], [3390.5, 2998.0], [3390.25, 6654.0], [3388.25, 6262.0], [3387.75, 5697.0], [3387.5, 14913.0], [3386.5, 1317.0], [3386.25, 5515.0], [3386.0, 5494.0], [3385.75, 18406.0], [3385.0, 6238.0], [3384.0, 11146.0], [3383.75, 37341.0], [3383.25, 17650.0], [3383.0, 40002.0], [3381.25, 400.0], [3380.75, 11.0], [3379.5, 38615.0], [3379.25, 37623.0]], "asks": [[3392.0, 1779.0], [3392.25, 8195.0], [3393.25, 448.0], [3393.5, 1502.0], [3395.0, 4311.0], [3395.25, 14442.0], [3396.25, 1829.0], [3396.5, 6126.0], [3397.5, 19093.0], [3401.25, 11462.0], [3401.5, 38798.0], [3403.5, 40000.0], [3406.25, 36401.0], [3406.5, 37020.0], [3411.5, 40000.0], [3414.25, 1116.0], [3414.5, 37831.0], [3414.75, 4412.0], [3415.0, 40000.0], [3418.0, 45.0]]}}}
{"jsonrpc": "2.0", "method": "subscription", "params": {"channel": "book.ETH-21NOV25.none.20.100ms", "data": {"timestamp": 1762615278986, "change_id": 95769598395, "instrument_name": "ETH-21NOV25", "bids": [[3391.0, 2500.0], [3390.75, 328.0], [3390.5, 2998.0], [3390.25, 6654.0], [3388.25, 6262.0], [3387.75, 5697.0], [3387.5, 14913.0], [3386.5, 1317.0], [3386.25, 5515.0], [3386.0, 5494.0], [3385.75, 18406.0], [3385.0, 6238.0], [3384.0, 11146.0], [3383.75, 37341.0], [3383.25, 17650.0], [3383.0, 40002.0], [3381.25, 400.0], [3380.75, 11.0], [3379.5, 38615.0], [3379.25, 37623.0]], "asks": [[3392.0, 1779.0], [3392.25, 8195.0], [3393.25, 448.0], [3393.5, 1502.0], [3395.0, 4311.0], [3395.25, 14442.0], [3396.25, 1829.0], [3396.5, 6126.0], [3397.5, 19093.0], [3401.25, 11462.0], [3401.5, 38798.0], [3403.5, 40000.0], [3406.25, 36401.0], [3406.5, 37020.0], [3411.5, 40000.0], [3414.25, 1116.0], [3414.5, 37831.0], [3414.75, 4412.0], [3415.0, 40000.0], [3418.0, 45.0]]}}}
{"jsonrpc": "2.0", "method": "subscription", "params": {"channel": "book.ETH-14NOV25.none.20.100ms", "data": {"timestamp": 1762615279469, "change_id": 95769600531, "instrument_name": "ETH-14NOV25", "bids": [[3389.25, 2500.0], [3389.0, 160.0], [3388.75, 1620.0], [3388.5, 5427.0], [3387.5, 3660.0], [3387.25, 12262.0], [3386.0, 329.0], [3385.75, 1103.0], [3385.5, 1317.0], [3385.25, 11660.0], [3385.0, 30856.0], [3384.75, 22030.0], [3384.25, 7482.0], [3384.0, 29056.0], [3383.75, 14620.0], [3383.25, 20.0], [3382.75, 49515.0], [3382.5, 2.0], [3381.0, 11.0], [3380.0, 400.0]], "asks": [[3389.75, 1300.0], [3390.0, 1688.0], [3390.25, 1688.0], [3390.5, 2920.0], [3390.75, 8475.0], [3391.75, 388.0], [3392.0, 1300.0], [3392.25, 4279.0], [3392.5, 14336.0], [3393.5, 24960.0], [3395.25, 20.0], [3396.25, 24730.0], [3400.0, 89850.0], [3400.75, 400.0], [3402.5, 19714.0], [3404.0, 50302.0], [3406.75, 75335.0], [3410.0, 40000.0], [3413.0, 1116.0], [3413.5, 40000.0]]}}}
{"jsonrpc": "2.0", "method": "subscription", "params": {"channel": "book.ETH-21NOV25.none.20.100ms", "data": {"timestamp": 1762615279420, "change_id": 95769600143, "instrument_name": "ETH-21NOV25", "bids": [[3390.75, 2500.0], [3390.5, 319.0], [3390.25, 1230.0], [3390.0, 1619.0], [3389.75, 5424.0], [3386.5, 5695.0], [3386.25, 19644.0], [3386.0, 5494.0], [3385.75, 20268.0], [3385.5, 6238.0], [3384.0, 11146.0], [3383.75, 37341.0], [3383.5, 5269.0], [3383.25, 17650.0], [3383.0, 2.0], [3381.25, 400.0], [3381.0, 40000.0], [3380.75, 11.0], [3379.5, 38615.0], [3379.25, 37623.0]], "asks": [[3391.5, 1619.0], [3391.75, 6183.0], [3392.0, 2660.0], [3393.25, 448.0], [3393.5, 1502.0], [3395.0, 4311.0], [3395.25, 14442.0], [3396.25, 1829.0], [3396.5, 6126.0], [3397.5, 19093.0], [3401.25, 11462.0], [3401.5, 78798.0], [3406.25, 36401.0], [3406.5, 37020.0], [3411.5, 40000.0], [3414.25, 1116.0], [3414.5, 37831.0], [3414.75, 4412.0], [3415.0, 40000.0], [3418.0, 45.0]]}}}
{"jsonrpc": "2.0", "method": "subscription", "params": {"channel": "book.ETH-14NOV25.none.20.100ms", "data": {"timestamp": 1762615279694, "change_id": 95769601193, "instrument_name": "ETH-14NOV25", "bids": [[3389.25, 2500.0], [3389.0, 160.0], [3388.75, 1620.0], [3388.5, 5427.0], [3387.5, 3660.0], [3387.25, 12262.0], [3386.0, 329.0], [3385.75, 1551.0], [3385.5, 2819.0], [3385.25, 11660.0], [3385.0, 30856.0], [3384.75, 22030.0], [3384.25, 7482.0], [3384.0, 29056.0], [3383.75, 14620.0], [3383.25, 20.0], [3382.75, 49515.0], [3382.5, 2.0], [3381.0, 11.0], [3380.0, 400.0]], "asks": [[3389.75, 1300.0], [3390.0, 2813.0], [3390.25, 7812.0], [3390.5, 3800.0], [3390.75, 160.0], [3391.25, 388.0], [3391.5, 1300.0], [3391.75, 388.0], [3392.0, 1300.0], [3392.25, 4279.0], [3392.5, 14336.0], [3393.5, 24960.0], [3395.25, 20.0], [3396.25, 24730.0], [3400.0, 89850.0], [3400.75, 400.0], [3402.5, 19714.0], [3404.0, 50302.0], [3406.75, 75335.0], [3410.0, 40000.0]]}}}
{"jsonrpc": "2.0", "method": "subscription", "params": {"channel": "book.ETH-21NOV25.none.20.100ms", "data": {"timestamp": 1762615279689, "change_id": 95769601186, "instrument_name": "ETH-21NOV25", "bids": [[3390.75, 2500.0], [3390.5, 376.0], [3390.25, 1260.0], [3390.0, 1619.0], [3389.75, 5424.0], [3386.5, 5695.0], [3386.25, 19644.0], [3386.0, 5494.0], [3385.75, 20268.0], [3385.5, 6238.0], [3384.0, 11146.0], [3383.75, 37341.0], [3383.5, 5269.0], [3383.25, 17650.0], [3383.0, 2.0], [3381.25, 400.0], [3381.0, 40000.0], [3380.75, 11.0], [3379.5, 38615.0], [3379.25, 37623.0]], "asks": [[3391.5, 1619.0], [3391.75, 6183.0], [3392.0, 2660.0], [3392.5, 6988.0], [3392.75, 23409.0], [3393.25, 448.0], [3393.5, 1502.0], [3395.0, 4311.0], [3395.25, 14442.0], [3396.25, 1829.0], [3396.5, 6126.0], [3397.5, 19093.0], [3401.25, 11462.0], [3401.5, 78798.0], [3406.25, 36401.0], [3406.5, 37020.0], [3411.5, 40000.0], [3414.25, 1116.0], [3414.5, 37831.0], [3414.75, 4412.0]]}}}
{"jsonrpc": "2.0", "method": "subscription", "params": {"channel": "book.ETH-14NOV25.none.20.100ms", "data": {"timestamp": 1762615280467, "change_id": 95769602588, "instrument_name": "ETH-14NOV25", "bids": [[3389.0, 746.0], [3388.75, 2500.0], [3388.25, 1780.0], [3388.0, 5427.0], [3386.5, 3660.0], [3386.25, 12262.0], [3386.0, 329.0], [3385.75, 1551.0], [3385.5, 2819.0], [3385.25, 4412.0], [3385.0, 6576.0], [3384.75, 29278.0], [3384.5, 24280.0], [3384.25, 111.0], [3384.0, 4364.0], [3383.75, 14620.0], [3383.25, 24712.0], [3382.75, 49515.0], [3382.5, 2.0], [3381.0, 11.0]], "asks": [[3389.5, 1688.0], [3389.75, 1688.0], [3390.0, 3909.0], [3390.25, 9775.0], [3390.5, 1300.0], [3391.25, 388.0], [3391.5, 1300.0], [3391.75, 388.0], [3392.0, 1300.0], [3392.25, 4279.0], [3392.5, 14336.0], [3393.5, 24960.0], [3395.25, 20.0], [3396.25, 24730.0], [3400.0, 89850.0], [3400.75, 400.0], [3402.5, 19714.0], [3404.0, 50302.0], [3406.75, 75335.0], [3410.0, 40000.0]]}}}
{"jsonrpc": "2.0", "method": "subscription", "params": {"channel": "book.ETH-21NOV25.none.20.100ms", "data": {"timestamp": 1762615280457, "change_id": 95769602513, "instrument_name": "ETH-21NOV25", "bids": [[3390.25, 2660.0], [3389.5, 1619.0], [3389.25, 5424.0], [3386.5, 5695.0], [3386.25, 19644.0], [3386.0, 5494.0], [3385.75, 20268.0], [3385.5, 6238.0], [3384.0, 11146.0], [3383.75, 37341.0], [3383.5, 5269.0], [3383.25, 17650.0], [3383.0, 2.0], [3381.25, 400.0], [3381.0, 40000.0], [3380.75, 11.0], [3379.5, 38615.0], [3379.25, 37623.0], [3375.0, 45.0], [3374.75, 40000.0]], "asks": [[3391.5, 1779.0], [3391.75, 8195.0], [3392.5, 6988.0], [3392.75, 23409.0], [3393.25, 448.0], [3393.5, 1502.0], [3395.0, 4311.0], [3395.25, 14442.0], [3396.25, 1829.0], [3396.5, 6126.0], [3397.5, 19093.0], [3401.25, 11462.0], [3401.5, 78798.0], [3406.25, 36401.0], [3406.5, 37020.0], [3411.5, 40000.0], [3414.25, 1116.0], [3414.5, 37831.0], [3414.75, 4412.0], [3415.0, 40000.0]]}}}
{"jsonrpc": "2.0", "method": "subscription", "params": {"channel": "book.ETH-14NOV25.none.20.100ms", "data": {"timestamp": 1762615280745, "change_id": 95769603174, "instrument_name": "ETH-14NOV25", "bids": [[3388.75, 2500.0], [3388.25, 1780.0], [3388.0, 5427.0], [3387.0, 3660.0], [3386.75, 12262.0], [3386.0, 329.0], [3385.75, 1551.0], [3385.5, 2819.0], [3385.25, 4412.0], [3385.0, 6576.0], [3384.75, 29278.0], [3384.5, 24280.0], [3384.25, 111.0], [3384.0, 4364.0], [3383.75, 14620.0], [3383.5, 7377.0], [3383.25, 24712.0], [3382.5, 2.0], [3381.25, 49515.0], [3381.0, 11.0]], "asks": [[3389.25, 1688.0], [3389.5, 2834.0], [3389.75, 7812.0], [3390.0, 4188.0], [3390.25, 160.0], [3390.75, 388.0], [3391.0, 1300.0], [3391.25, 388.0], [3391.5, 1300.0], [3392.25, 4279.0], [3392.5, 14336.0], [3393.5, 24960.0], [3395.25, 20.0], [3396.25, 24730.0], [3400.0, 89850.0], [3400.75, 400.0], [3402.5, 19714.0], [3404.0, 50302.0], [3406.5, 40000.0], [3406.75, 75335.0]]}}}
{"jsonrpc": "2.0", "method": "subscription", "params": {"channel": "book.ETH-21NOV25.none.20.100ms", "data": {"timestamp": 1762615280741, "change_id": 95769603159, "instrument_name": "ETH-21NOV25", "bids": [[3390.25, 2500.0], [3390.0, 328.0], [3389.75, 1100.0], [3389.5, 1779.0], [3389.25, 5424.0], [3387.0, 1869.0], [3386.75, 6262.0], [3386.5, 5695.0], [3386.25, 19644.0], [3385.5, 5494.0], [3385.25, 18406.0], [3385.0, 1862.0], [3384.75, 6238.0], [3384.0, 11146.0], [3383.75, 37341.0], [3383.5, 5269.0], [3383.25, 17650.0], [3383.0, 2.0], [3381.25, 400.0], [3381.0, 40000.0]], "asks": [[3391.0, 1619.0], [3391.25, 6218.0], [3391.5, 2660.0], [3392.5, 6988.0], [3392.75, 23409.0], [3393.25, 448.0], [3393.5, 1502.0], [3394.5, 1829.0], [3394.75, 6126.0], [3395.0, 4311.0], [3395.25, 14442.0], [3396.25, 19093.0], [3401.5, 115818.0], [3406.25, 36401.0], [3408.0, 40000.0], [3411.5, 40000.0], [3414.25, 1116.0], [3414.5, 37831.0], [3414.75, 4412.0], [3418.0, 45.0]]}}}
{"jsonrpc": "2.0", "method": "subscription", "params": {"channel": "book.ETH-14NOV25.none.20.100ms", "data": {"timestamp": 1762615281134, "change_id": 95769604081, "instrument_name": "ETH-14NOV25", "bids": [[3388.5, 794.0], [3388.25, 2660.0], [3387.25, 3660.0], [3387.0, 12262.0], [3386.0, 329.0], [3385.75, 1551.0], [3385.5, 2819.0], [3385.25, 4412.0], [3385.0, 6576.0], [3384.75, 22030.0], [3384.5, 7281.0], [3384.25, 24391.0], [3384.0, 4364.0], [3383.75, 14620.0], [3383.25, 20.0], [3382.5, 24694.0], [3381.25, 49515.0], [3381.0, 11.0], [3380.0, 400.0], [3379.75, 40000.0]], "asks": [[3389.25, 1688.0], [3389.5, 2834.0], [3389.75, 7972.0], [3390.0, 4188.0], [3390.75, 388.0], [3391.0, 1300.0], [3391.25, 388.0], [3391.5, 1300.0], [3392.25, 4279.0], [3392.5, 14336.0], [3395.25, 20.0], [3396.25, 24730.0], [3396.75, 49850.0], [3400.0, 40000.0], [3400.75, 400.0], [3402.5, 19714.0], [3404.0, 50302.0], [3406.5, 40000.0], [3406.75, 75335.0], [3410.0, 40000.0]]}}}
{"jsonrpc": "2.0", "method": "subscription", "params": {"channel": "book.ETH-21NOV25.none.20.100ms", "data": {"timestamp": 1762615281129, "change_id": 95769604063, "instrument_name": "ETH-21NOV25", "bids": [[3389.75, 3035.0], [3389.5, 1792.0], [3387.0, 1869.0], [3386.75, 6262.0], [3386.5, 5695.0], [3386.25, 19644.0], [3385.5, 5494.0], [3385.25, 18406.0], [3385.0, 1862.0], [3384.75, 6238.0], [3384.0, 11146.0], [3383.75, 37341.0], [3383.0, 2.0], [3381.25, 18050.0], [3381.0, 40000.0], [3380.75, 11.0], [3379.5, 38615.0], [3379.25, 37623.0], [3375.0, 45.0], [3374.75, 40000.0]], "asks": [[3391.0, 1619.0], [3391.25, 6218.0], [3391.5, 2660.0], [3392.5, 6988.0], [3392.75, 23409.0], [3393.25, 448.0], [3393.5, 1502.0], [3394.5, 1829.0], [3394.75, 6126.0], [3395.0, 4311.0], [3395.25, 14442.0], [3396.25, 19093.0], [3401.5, 115818.0], [3406.25, 36401.0], [3408.0, 40000.0], [3411.5, 40000.0], [3414.25, 1116.0], [3414.5, 37831.0], [3414.75, 4412.0], [3418.0, 45.0]]}}}
{"jsonrpc": "2.0", "method": "subscription", "params": {"channel": "book.ETH-14NOV25.none.20.100ms", "data": {"timestamp": 1762615281321, "change_id": 95769604781, "instrument_name": "ETH-14NOV25", "bids": [[3388.5, 794.0], [3388.25, 4280.0], [3388.0, 5427.0], [3387.25, 3660.0], [3387.0, 12262.0], [3386.0, 329.0], [3385.75, 1551.0], [3385.5, 1502.0], [3385.0, 6576.0], [3384.75, 22030.0], [3384.5, 7281.0], [3384.25, 24391.0], [3384.0, 4364.0], [3383.75, 14620.0], [3383.5, 4412.0], [3383.25, 20.0], [3382.5, 24694.0], [3381.25, 49515.0], [3381.0, 11.0], [3380.0, 400.0]], "asks": [[3389.0, 1688.0], [3389.25, 1688.0], [3389.5, 3906.0], [3389.75, 8087.0], [3390.75, 388.0], [3391.0, 1300.0], [3391.25, 388.0], [3391.5, 1300.0], [3391.75, 7451.0], [3392.0, 24960.0], [3392.25, 4279.0], [3392.5, 14336.0], [3395.25, 20.0], [3396.25, 24730.0], [3396.75, 49850.0], [3398.75, 400.0], [3400.0, 40000.0], [3402.5, 19714.0], [3404.0, 50302.0], [3406.5, 40000.0]]}}}
{"jsonrpc": "2.0", "method": "subscription", "params": {"channel": "book.ETH-21NOV25.none.20.100ms", "data": {"timestamp": 1762615281316, "change_id": 95769604747, "instrument_name": "ETH-21NOV25", "bids": [[3389.75, 2500.0], [3389.5, 1779.0], [3389.25, 5424.0], [3387.0, 1869.0], [3386.75, 6262.0], [3386.5, 5695.0], [3386.25, 19644.0], [3385.5, 5494.0], [3385.25, 18406.0], [3385.0, 1862.0], [3384.75, 6238.0], [3384.0, 11146.0], [3383.75, 37341.0], [3383.0, 2.0], [3381.25, 18050.0], [3381.0, 40000.0], [3380.75, 11.0], [3379.5, 38615.0], [3379.25, 37623.0], [3375.0, 45.0]], "asks": [[3391.0, 1779.0], [3391.25, 7924.0], [3392.5, 6988.0], [3392.75, 23409.0], [3393.25, 448.0], [3393.5, 1502.0], [3394.5, 1829.0], [3394.75, 6126.0], [3395.0, 4311.0], [3395.25, 14442.0], [3396.25, 19093.0], [3401.5, 115818.0], [3406.25, 36401.0], [3408.0, 40000.0], [3411.5, 40000.0], [3414.25, 1116.0], [3414.5, 37831.0], [3414.75, 4412.0], [3418.0, 45.0], [3420.0, 17650.0]]}}}
{"jsonrpc": "2.0", "method": "subscription", "params": {"channel": "book.ETH-14NOV25.none.20.100ms", "data": {"timestamp": 1762615281583, "change_id": 95769605575, "instrument_name": "ETH-14NOV25", "bids": [[3388.5, 794.0], [3388.25, 2660.0], [3387.75, 1620.0], [3387.5, 5427.0], [3387.25, 3660.0], [3387.0, 12262.0], [3385.75, 448.0], [3385.5, 1831.0], [3385.25, 1103.0], [3385.0, 6576.0], [3384.75, 22030.0], [3384.5, 7281.0], [3384.25, 24391.0], [3384.0, 4364.0], [3383.75, 14620.0], [3383.5, 4412.0], [3383.25, 20.0], [3382.5, 24694.0], [3381.25, 49515.0], [3381.0, 11.0]], "asks": [[3389.0, 1688.0], [3389.25, 1688.0], [3389.5, 3906.0], [3389.75, 8087.0], [3390.25, 388.0], [3390.5, 1300.0], [3390.75, 388.0], [3391.0, 1300.0], [3391.25, 388.0], [3391.5, 1300.0], [3391.75, 7451.0], [3392.0, 24960.0], [3392.25, 4279.0], [3392.5, 14336.0], [3395.25, 20.0], [3396.25, 24730.0], [3396.75, 49850.0], [3398.75, 400.0], [3400.0, 40000.0], [3402.5, 19714.0]]}}}
{"jsonrpc": "2.0", "method": "subscription", "params": {"channel": "book.ETH-21NOV25.none.20.100ms", "data": {"timestamp": 1762615281652, "change_id": 95769605644, "instrument_name": "ETH-21NOV25", "bids": [[3389.75, 2500.0], [3389.5, 2879.0], [3389.25, 6980.0], [3389.0, 23384.0], [3387.0, 1869.0], [3386.75, 6262.0], [3386.5, 5695.0], [3386.25, 19644.0], [3385.5, 5494.0], [3385.25, 18406.0], [3385.0, 1862.0], [3384.75, 6238.0], [3384.0, 11146.0], [3383.75, 37341.0], [3383.0, 2.0], [3381.25, 18050.0], [3381.0, 40000.0], [3380.75, 11.0], [3379.5, 38615.0], [3379.25, 37623.0]], "asks": [[3390.75, 794.0], [3391.0, 4279.0], [3391.25, 5424.0], [3393.25, 448.0], [3393.5, 1502.0], [3394.5, 1829.0], [3394.75, 6126.0], [3395.0, 4311.0], [3395.25, 14442.0], [3396.25, 19093.0], [3401.5, 115818.0], [3406.25, 36401.0], [3408.0, 40000.0], [3411.5, 40000.0], [3414.25, 1116.0], [3414.5, 37831.0], [3414.75, 4412.0], [3418.0, 45.0], [3420.0, 17650.0], [3425.25, 24567.0]]}}}
{"jsonrpc": "2.0", "method": "subscription", "params": {"channel": "book.ETH-14NOV25.none.20.100ms", "data": {"timestamp": 1762615282125, "change_id": 95769606629, "instrument_name": "ETH-14NOV25", "bids": [[3388.0, 746.0], [3387.75, 2500.0], [3387.5, 160.0], [3387.25, 1620.0], [3387.0, 5427.0], [3385.75, 448.0], [3385.5, 1502.0], [3385.0, 6576.0], [3384.75, 22030.0], [3384.25, 111.0], [3384.0, 4364.0], [3383.75, 21868.0], [3383.5, 24280.0], [3383.25, 20.0], [3382.5, 24694.0], [3381.25, 49515.0], [3381.0, 11.0], [3380.0, 400.0], [3379.75, 40000.0], [3376.75, 49135.0]], "asks": [[3388.75, 1688.0], [3389.0, 3150.0], [3389.25, 7972.0], [3389.5, 4188.0], [3390.25, 388.0], [3390.5, 1300.0], [3390.75, 388.0], [3391.0, 1300.0], [3391.25, 388.0], [3391.5, 1300.0], [3391.75, 7451.0], [3392.0, 24960.0], [3395.25, 20.0], [3396.25, 24730.0], [3396.75, 49850.0], [3398.75, 400.0], [3400.0, 40000.0], [3402.5, 19714.0], [3404.0, 50302.0], [3406.5, 40000.0]]}}}
{"jsonrpc": "2.0", "method": "subscription", "params": {"channel": "book.ETH-21NOV25.none.20.100ms", "data": {"timestamp": 1762615282123, "change_id": 95769606611, "instrument_name": "ETH-21NOV25", "bids": [[3389.25, 2500.0], [3388.75, 160.0], [3386.5, 4049.0], [3386.25, 14129.0], [3384.25, 5494.0], [3384.0, 18406.0], [3383.0, 2.0], [3382.5, 11146.0], [3382.25, 37341.0], [3381.25, 12340.0], [3381.0, 40000.0], [3380.75, 11.0], [3379.5, 38615.0], [3375.25, 37623.0], [3375.0, 45.0], [3374.75, 40000.0], [3371.25, 37358.0], [3370.5, 40000.0], [3359.25, 181.0], [3358.75, 25723.0]], "asks": [[3390.5, 1619.0], [3390.75, 6218.0], [3391.0, 2660.0], [3393.25, 4752.0], [3393.5, 16111.0], [3394.5, 1829.0], [3394.75, 6126.0], [3396.25, 19093.0], [3398.25, 38398.0], [3401.5, 77420.0], [3406.25, 36401.0], [3408.0, 40000.0], [3411.5, 40000.0], [3414.25, 1116.0], [3414.5, 37831.0], [3414.75, 4412.0], [3418.0, 45.0], [3420.0, 17650.0], [3425.25, 24567.0], [3427.5, 24585.0]]}}}
{"jsonrpc": "2.0", "method": "subscription", "params": {"channel": "book.ETH-14NOV25.none.20.100ms", "data": {"timestamp": 1762615282445, "change_id": 95769608583, "instrument_name": "ETH-14NOV25", "bids": [[3387.75, 273.0], [3387.5, 2888.0], [3387.25, 388.0], [3387.0, 3300.0], [3386.75, 6887.0], [3385.0, 9395.0], [3384.75, 34292.0], [3384.25, 111.0], [3384.0, 4364.0], [3383.75, 14620.0], [3383.25, 20.0], [3382.5, 2.0], [3382.0, 7248.0], [3381.75, 24280.0], [3381.0, 11.0], [3380.5, 24692.0], [3378.75, 49515.0], [3378.0, 400.0], [3377.75, 40000.0], [3376.75, 49135.0]], "asks": [[3388.25, 1688.0], [3388.5, 2950.0], [3388.75, 7972.0], [3389.0, 3800.0], [3390.25, 388.0], [3390.5, 1300.0], [3390.75, 4772.0], [3391.0, 14853.0], [3391.75, 7451.0], [3392.0, 24960.0], [3394.25, 24730.0], [3395.25, 20.0], [3396.75, 49850.0], [3398.75, 400.0], [3400.0, 40000.0], [3402.5, 19714.0], [3404.0, 50302.0], [3406.5, 40000.0], [3406.75, 75335.0], [3410.0, 40000.0]]}}}
{"jsonrpc": "2.0", "method": "subscription", "params": {"channel": "book.ETH-21NOV25.none.20.100ms", "data": {"timestamp": 1762615282436, "change_id": 95769608568, "instrument_name": "ETH-21NOV25", "bids": [[3388.75, 160.0], [3388.5, 1619.0], [3388.25, 5424.0], [3386.5, 4049.0], [3386.25, 14129.0], [3384.75, 1869.0], [3384.5, 6262.0], [3383.75, 5494.0], [3383.5, 20268.0], [3383.0, 1864.0], [3382.75, 6238.0], [3382.5, 11146.0], [3382.25, 37341.0], [3381.25, 11940.0], [3381.0, 40000.0], [3380.75, 11.0], [3379.5, 38615.0], [3379.25, 400.0], [3375.25, 37623.0], [3375.0, 45.0]], "asks": [[3390.0, 1619.0], [3390.25, 6183.0], [3390.5, 2660.0], [3393.25, 4304.0], [3393.5, 16111.0], [3394.5, 1829.0], [3394.75, 11825.0], [3395.0, 19093.0], [3398.25, 38398.0], [3399.5, 400.0], [3401.5, 77020.0], [3406.25, 36401.0], [3408.0, 40000.0], [3411.5, 40000.0], [3414.25, 1116.0], [3414.5, 37831.0], [3414.75, 4412.0], [3418.0, 45.0], [3420.0, 17650.0], [3425.25, 24567.0]]}}}
{"jsonrpc": "2.0", "method": "subscription", "params": {"channel": "book.ETH-14NOV25.none.20.100ms", "data": {"timestamp": 1762615282748, "change_id": 95769609197, "instrument_name": "ETH-14NOV25", "bids": [[3387.75, 551.0], [3387.5, 2888.0], [3387.25, 388.0], [3387.0, 3300.0], [3386.75, 5587.0], [3385.0, 6576.0], [3384.75, 25690.0], [3384.5, 12262.0], [3384.25, 111.0], [3384.0, 4364.0], [3383.75, 16122.0], [3383.25, 20.0], [3382.5, 7250.0], [3382.25, 24280.0], [3381.0, 11.0], [3380.5, 24692.0], [3378.75, 49515.0], [3378.0, 400.0], [3377.75, 40000.0], [3376.75, 49135.0]], "asks": [[3388.5, 2950.0], [3388.75, 7584.0], [3389.0, 2500.0], [3389.75, 388.0], [3390.0, 1300.0], [3390.25, 388.0], [3390.5, 1300.0], [3390.75, 4772.0], [3391.0, 14853.0], [3391.75, 7451.0], [3392.0, 24960.0], [3394.25, 24730.0], [3395.25, 20.0], [3396.75, 49850.0], [3398.75, 400.0], [3400.0, 40000.0], [3402.5, 19714.0], [3404.0, 50302.0], [3406.5, 40000.0], [3406.75, 75335.0]]}}}
{"jsonrpc": "2.0", "method": "subscription", "params": {"channel": "book.ETH-21NOV25.none.20.100ms", "data": {"timestamp": 1762615282779, "change_id": 95769609237, "instrument_name": "ETH-21NOV25", "bids": [[3389.0, 2876.0], [3388.75, 1260.0], [3388.5, 1619.0], [3388.25, 8140.0], [3388.0, 9099.0], [3386.5, 4049.0], [3386.25, 14129.0], [3385.75, 1869.0], [3385.5, 6262.0], [3383.75, 5494.0], [3383.5, 20268.0], [3383.0, 1864.0], [3382.75, 6238.0], [3382.5, 11146.0], [3382.25, 37341.0], [3381.25, 11940.0], [3381.0, 40000.0], [3380.75, 11.0], [3379.5, 38615.0], [3379.25, 400.0]], "asks": [[3390.0, 1779.0], [3390.25, 6183.0], [3390.5, 2500.0], [3391.0, 6985.0], [3391.25, 23399.0], [3393.25, 4304.0], [3393.5, 16111.0], [3394.5, 1829.0], [3394.75, 11825.0], [3395.0, 19093.0], [3398.25, 38398.0], [3399.5, 400.0], [3401.5, 77020.0], [3406.25, 36401.0], [3408.0, 40000.0], [3411.5, 40000.0], [3414.25, 1116.0], [3414.5, 37831.0], [3414.75, 4412.0], [3418.0, 45.0]]}}}
{"jsonrpc": "2.0", "method": "subscription", "params": {"channel": "book.ETH-14NOV25.none.20.100ms", "data": {"timestamp": 1762615282937, "change_id": 95769609384, "instrument_name": "ETH-14NOV25", "bids": [[3387.75, 2773.0], [3387.25, 548.0], [3387.0, 3300.0], [3386.75, 5427.0], [3385.0, 6576.0], [3384.75, 25690.0], [3384.5, 12262.0], [3384.25, 111.0], [3384.0, 4364.0], [3383.75, 16122.0], [3383.25, 20.0], [3382.5, 7250.0], [3382.25, 24280.0], [3381.0, 11.0], [3380.5, 24692.0], [3378.75, 49515.0], [3378.0, 400.0], [3377.75, 40000.0], [3376.75, 49135.0], [3376.0, 16.0]], "asks": [[3388.5, 2950.0], [3388.75, 7584.0], [3389.0, 2500.0], [3389.75, 388.0], [3390.0, 1300.0], [3390.25, 388.0], [3390.5, 1300.0], [3390.75, 4772.0], [3391.0, 14853.0], [3391.75, 7451.0], [3392.0, 24960.0], [3394.25, 24730.0], [3395.25, 20.0], [3396.75, 49850.0], [3398.75, 400.0], [3400.0, 40000.0], [3402.5, 19714.0], [3404.0, 50302.0], [3406.5, 40000.0], [3406.75, 75335.0]]}}}
{"jsonrpc": "2.0", "method": "subscription", "params": {"channel": "book.ETH-21NOV25.none.20.100ms", "data": {"timestamp": 1762615282842, "change_id": 95769609324, "instrument_name": "ETH-21NOV25", "bids": [[3389.25, 2500.0], [3389.0, 376.0], [3388.75, 1260.0], [3388.5, 1619.0], [3388.25, 8140.0], [3388.0, 9099.0], [3386.5, 4049.0], [3386.25, 14129.0], [3385.75, 1869.0], [3385.5, 6262.0], [3383.75, 5494.0], [3383.5, 20268.0], [3383.0, 1864.0], [3382.75, 6238.0], [3382.5, 11146.0], [3382.25, 37341.0], [3381.25, 11940.0], [3381.0, 40000.0], [3380.75, 11.0], [3379.5, 38615.0]], "asks": [[3390.0, 1779.0], [3390.25, 6183.0], [3390.5, 2500.0], [3391.0, 6985.0], [3391.25, 23399.0], [3393.25, 4304.0], [3393.5, 16111.0], [3394.5, 1829.0], [3394.75, 11825.0], [3395.0, 19093.0], [3398.25, 38398.0], [3399.5, 400.0], [3401.5, 77020.0], [3406.25, 36401.0], [3408.0, 40000.0], [3411.5, 40000.0], [3414.25, 1116.0], [3414.5, 37831.0], [3414.75, 4412.0], [3418.0, 45.0]]}}}
{"jsonrpc": "2.0", "method": "subscription", "params": {"channel": "book.ETH-14NOV25.none.20.100ms", "data": {"timestamp": 1762615283417, "change_id": 95769610640, "instrument_name": "ETH-14NOV25", "bids": [[3388.0, 528.0], [3387.75, 2773.0], [3387.5, 1668.0], [3387.25, 5975.0], [3387.0, 1300.0], [3385.0, 6576.0], [3384.75, 25690.0], [3384.5, 12262.0], [3384.25, 111.0], [3384.0, 4364.0], [3383.75, 16122.0], [3383.25, 20.0], [3382.5, 7250.0], [3382.25, 24280.0], [3381.0, 11.0], [3380.5, 24692.0], [3378.75, 49515.0], [3378.0, 400.0], [3377.75, 40000.0], [3376.75, 49135.0]], "asks": [[3388.75, 7584.0], [3389.0, 2500.0], [3389.75, 388.0], [3390.0, 1300.0], [3390.25, 388.0], [3390.5, 1300.0], [3390.75, 4772.0], [3391.0, 14853.0], [3391.75, 7451.0], [3392.0, 24960.0], [3394.25, 24730.0], [3395.25, 20.0], [3396.75, 49850.0], [3398.75, 400.0], [3400.0, 40000.0], [3402.5, 19714.0], [3404.0, 50302.0], [3406.5, 40000.0], [3406.75, 75335.0], [3410.0, 40000.0]]}}}
{"jsonrpc": "2.0", "method": "subscription", "params": {"channel": "book.ETH-21NOV25.none.20.100ms", "data": {"timestamp": 1762615283426, "change_id": 95769610672, "instrument_name": "ETH-21NOV25", "bids": [[3389.25, 2500.0], [3389.0, 376.0], [3388.75, 1260.0], [3388.5, 1619.0], [3388.25, 8140.0], [3388.0, 9099.0], [3386.5, 4049.0], [3386.25, 14129.0], [3385.75, 1869.0], [3385.5, 6262.0], [3383.75, 5494.0], [3383.5, 20268.0], [3383.0, 1864.0], [3382.75, 6238.0], [3382.5, 11146.0], [3382.25, 37341.0], [3381.25, 11940.0], [3381.0, 40000.0], [3380.75, 11.0], [3379.5, 38615.0]], "asks": [[3390.25, 759.0], [3390.5, 4119.0], [3390.75, 5584.0], [3391.0, 6985.0], [3391.25, 23399.0], [3393.25, 4304.0], [3393.5, 16111.0], [3394.5, 1829.0], [3394.75, 11825.0], [3395.0, 19093.0], [3398.25, 38398.0], [3399.5, 400.0], [3401.5, 77020.0], [3406.25, 36401.0], [3408.0, 40000.0], [3411.5, 40000.0], [3414.25, 1116.0], [3414.5, 37831.0], [3414.75, 4412.0], [3418.0, 45.0]]}}}
{"jsonrpc": "2.0", "method": "subscription", "params": {"channel": "book.ETH-14NOV25.none.20.100ms", "data": {"timestamp": 1762615283765, "change_id": 95769611638, "instrument_name": "ETH-14NOV25", "bids": [[3388.0, 528.0], [3387.75, 2773.0], [3387.5, 1668.0], [3387.25, 5975.0], [3385.0, 6576.0], [3384.75, 25690.0], [3384.5, 12262.0], [3384.25, 111.0], [3384.0, 4364.0], [3383.75, 16122.0], [3383.25, 20.0], [3382.5, 7250.0], [3382.25, 24280.0], [3381.0, 11.0], [3380.5, 24692.0], [3378.75, 49515.0], [3378.0, 400.0], [3377.75, 40000.0], [3376.75, 49135.0], [3376.0, 16.0]], "asks": [[3388.5, 1300.0], [3388.75, 7424.0], [3389.0, 2500.0], [3389.5, 160.0], [3389.75, 388.0], [3390.0, 1300.0], [3390.25, 388.0], [3390.5, 1688.0], [3390.75, 6072.0], [3391.0, 14853.0], [3391.75, 7451.0], [3392.0, 24960.0], [3394.25, 24730.0], [3395.25, 20.0], [3396.75, 49850.0], [3398.75, 400.0], [3400.0, 40000.0], [3402.5, 19714.0], [3404.0, 50302.0], [3406.5, 40000.0]]}}}
{"jsonrpc": "2.0", "method": "subscription", "params": {"channel": "book.ETH-21NOV25.none.20.100ms", "data": {"timestamp": 1762615283592, "change_id": 95769611342, "instrument_name": "ETH-21NOV25", "bids": [[3389.25, 2500.0], [3389.0, 376.0], [3388.75, 1588.0], [3388.5, 2719.0], [3388.25, 8140.0], [3388.0, 9099.0], [3386.5, 4049.0], [3386.25, 14129.0], [3385.75, 1869.0], [3385.5, 6262.0], [3383.75, 5494.0], [3383.5, 20268.0], [3383.0, 1864.0], [3382.75, 6238.0], [3382.5, 11146.0], [3382.25, 37341.0], [3381.25, 11940.0], [3381.0, 40000.0], [3380.75, 11.0], [3379.5, 38615.0]], "asks": [[3390.25, 759.0], [3390.5, 4119.0], [3390.75, 5584.0], [3391.0, 6985.0], [3391.25, 23399.0], [3393.25, 4304.0], [3393.5, 16111.0], [3394.5, 1829.0], [3394.75, 11825.0], [3395.0, 19093.0], [3398.25, 38398.0], [3399.5, 400.0], [3401.5, 77020.0], [3406.25, 36401.0], [3408.0, 40000.0], [3411.5, 40000.0], [3414.25, 1116.0], [3414.5, 37831.0], [3414.75, 4412.0], [3418.0, 45.0]]}}}
{"jsonrpc": "2.0", "method": "subscription", "params": {"channel": "book.ETH-14NOV25.none.20.100ms", "data": {"timestamp": 1762615284069, "change_id": 95769612150, "instrument_name": "ETH-14NOV25", "bids": [[3388.25, 747.0], [3388.0, 2500.0], [3387.5, 1668.0], [3387.25, 5975.0], [3385.0, 6576.0], [3384.75, 25690.0], [3384.5, 12262.0], [3384.25, 111.0], [3384.0, 4364.0], [3383.75, 16122.0], [3383.25, 20.0], [3382.5, 7250.0], [3382.25, 31651.0], [3382.0, 24692.0], [3381.0, 11.0], [3378.75, 49515.0], [3378.0, 400.0], [3377.75, 40000.0], [3376.75, 49135.0], [3376.0, 16.0]], "asks": [[3389.0, 1620.0], [3389.25, 6221.0], [3389.5, 2660.0], [3389.75, 388.0], [3390.0, 1300.0], [3390.25, 388.0], [3390.5, 1688.0], [3390.75, 6072.0], [3391.0, 14853.0], [3391.75, 7451.0], [3392.0, 24960.0], [3394.25, 24730.0], [3395.25, 20.0], [3396.75, 49850.0], [3398.75, 400.0], [3400.0, 40000.0], [3402.5, 19714.0], [3404.0, 50302.0], [3406.5, 40000.0], [3406.75, 75335.0]]}}}
{"jsonrpc": "2.0", "method": "subscription", "params": {"channel": "book.ETH-21NOV25.none.20.100ms", "data": {"timestamp": 1762615284100, "change_id": 95769612282, "instrument_name": "ETH-21NOV25", "bids": [[3389.5, 3600.0], [3389.0, 1947.0], [3388.75, 7012.0], [3388.5, 1100.0], [3388.25, 2716.0], [3388.0, 9099.0], [3386.5, 4049.0], [3386.25, 14129.0], [3386.0, 1869.0], [3385.75, 6262.0], [3383.75, 5494.0], [3383.5, 20268.0], [3383.25, 1863.0], [3383.0, 6240.0], [3382.5, 11146.0], [3382.25, 37341.0], [3381.25, 11940.0], [3381.0, 40000.0], [3380.75, 11.0], [3379.5, 38615.0]], "asks": [[3390.5, 1619.0], [3390.75, 6330.0], [3391.0, 9485.0], [3391.25, 23399.0], [3393.25, 4304.0], [3393.5, 16111.0], [3394.5, 1829.0], [3394.75, 6126.0], [3396.25, 19093.0], [3398.25, 38398.0], [3399.5, 400.0], [3401.5, 77020.0], [3406.25, 36401.0], [3408.0, 40000.0], [3411.5, 40000.0], [3414.25, 1116.0], [3414.5, 37831.0], [3414.75, 4412.0], [3418.0, 45.0], [3420.0, 17650.0]]}}}
{"jsonrpc": "2.0", "method": "subscription", "params": {"channel": "book.ETH-14NOV25.none.20.100ms", "data": {"timestamp": 1762615284197, "change_id": 95769612597, "instrument_name": "ETH-14NOV25", "bids": [[3388.25, 747.0], [3388.0, 4168.0], [3387.75, 5587.0], [3385.0, 6576.0], [3384.75, 25690.0], [3384.5, 12262.0], [3384.25, 111.0], [3384.0, 4364.0], [3383.75, 16122.0], [3383.25, 20.0], [3382.5, 7250.0], [3382.25, 31651.0], [3382.0, 24692.0], [3381.0, 11.0], [3378.75, 49515.0], [3378.0, 400.0], [3377.75, 40000.0], [3376.75, 49135.0], [3376.0, 16.0], [3374.0, 73005.0]], "asks": [[3389.0, 1620.0], [3389.25, 6221.0], [3389.5, 2660.0], [3389.75, 388.0], [3390.0, 1300.0], [3390.25, 388.0], [3390.5, 1688.0], [3390.75, 6072.0], [3391.0, 14853.0], [3391.75, 7451.0], [3392.0, 24960.0], [3394.25, 24730.0], [3395.25, 20.0], [3396.75, 49850.0], [3398.75, 400.0], [3400.0, 40000.0], [3402.5, 19714.0], [3404.0, 50302.0], [3406.5, 40000.0], [3406.75, 75335.0]]}}}
{"jsonrpc": "2.0", "method": "subscription", "params": {"channel": "book.ETH-21NOV25.none.20.100ms", "data": {"timestamp": 1762615284268, "change_id": 95769612749, "instrument_name": "ETH-21NOV25", "bids": [[3389.5, 3600.0], [3389.25, 160.0], [3389.0, 1947.0], [3388.75, 6852.0], [3388.5, 1100.0], [3388.25, 2716.0], [3388.0, 9099.0], [3386.5, 4049.0], [3386.25, 14129.0], [3386.0, 1869.0], [3385.75, 6262.0], [3383.75, 5494.0], [3383.5, 20268.0], [3383.25, 1863.0], [3383.0, 6240.0], [3382.5, 11146.0], [3382.25, 37341.0], [3381.25, 11940.0], [3381.0, 40000.0], [3380.75, 11.0]], "asks": [[3390.5, 1619.0], [3390.75, 6330.0], [3391.0, 9485.0], [3391.25, 23399.0], [3393.25, 4304.0], [3393.5, 16111.0], [3394.5, 1829.0], [3394.75, 6126.0], [3396.25, 19093.0], [3398.25, 38398.0], [3399.5, 400.0], [3401.5, 77020.0], [3406.25, 36401.0], [3408.0, 40000.0], [3411.5, 40000.0], [3414.25, 1116.0], [3414.5, 37831.0], [3414.75, 4412.0], [3418.0, 45.0], [3420.0, 17650.0]]}}}
{"jsonrpc": "2.0", "method": "subscription", "params": {"channel": "book.ETH-14NOV25.none.20.100ms", "data": {"timestamp": 1762615284765, "change_id": 95769613765, "instrument_name": "ETH-14NOV25", "bids": [[3388.5, 567.0], [3388.25, 2500.0], [3387.75, 1780.0], [3387.5, 5427.0], [3385.0, 6576.0], [3384.75, 25690.0], [3384.5, 12262.0], [3384.25, 111.0], [3384.0, 4364.0], [3383.75, 14620.0], [3383.25, 20.0], [3382.5, 7250.0], [3382.25, 31651.0], [3382.0, 24692.0], [3381.0, 11.0], [3378.75, 49515.0], [3378.0, 400.0], [3377.75, 40000.0], [3376.75, 49135.0], [3376.0, 16.0]], "asks": [[3389.5, 1780.0], [3389.75, 5427.0], [3390.25, 388.0], [3390.5, 1688.0], [3390.75, 6072.0], [3391.0, 14853.0], [3391.75, 7451.0], [3392.0, 24960.0], [3392.5, 746.0], [3392.75, 2500.0], [3394.0, 7382.0], [3394.25, 24730.0], [3395.25, 20.0], [3396.75, 49850.0], [3398.75, 400.0], [3400.0, 40000.0], [3402.5, 19714.0], [3404.0, 50302.0], [3406.5, 40000.0], [3406.75, 75335.0]]}}}
{"jsonrpc": "2.0", "method": "subscription", "params": {"channel": "book.ETH-21NOV25.none.20.100ms", "data": {"timestamp": 1762615284772, "change_id": 95769613781, "instrument_name": "ETH-21NOV25", "bids": [[3390.0, 706.0], [3389.75, 2828.0], [3389.5, 1476.0], [3389.25, 1260.0], [3389.0, 1947.0], [3388.75, 5752.0], [3388.5, 1100.0], [3388.25, 2716.0], [3388.0, 9099.0], [3386.5, 4049.0], [3386.25, 15998.0], [3386.0, 6262.0], [3383.75, 5494.0], [3383.5, 26506.0], [3383.0, 2.0], [3382.5, 11146.0], [3382.25, 37341.0], [3381.25, 11940.0], [3381.0, 40000.0], [3380.75, 11.0]], "asks": [[3390.75, 160.0], [3391.0, 1619.0], [3391.25, 5424.0], [3393.25, 4304.0], [3393.5, 16111.0], [3394.0, 746.0], [3394.25, 2500.0], [3394.5, 1829.0], [3394.75, 6126.0], [3396.0, 5699.0], [3396.25, 19093.0], [3398.25, 38398.0], [3399.5, 400.0], [3401.5, 77020.0], [3406.25, 36401.0], [3408.0, 40000.0], [3411.5, 40000.0], [3414.25, 1116.0], [3414.5, 37831.0], [3414.75, 4412.0]]}}}
{"jsonrpc": "2.0", "method": "subscription", "params": {"channel": "book.ETH-14NOV25.none.20.100ms", "data": {"timestamp": 1762615284958, "change_id": 95769613959, "instrument_name": "ETH-14NOV25", "bids": [[3388.5, 567.0], [3388.25, 2500.0], [3387.75, 1780.0], [3387.5, 5427.0], [3385.0, 6576.0], [3384.75, 25690.0], [3384.5, 12743.0], [3384.25, 1613.0], [3384.0, 4364.0], [3383.75, 14620.0], [3383.25, 20.0], [3382.5, 7250.0], [3382.25, 31651.0], [3382.0, 24692.0], [3381.0, 11.0], [3378.75, 49515.0], [3378.0, 400.0], [3377.75, 40000.0], [3376.75, 49135.0], [3376.0, 16.0]], "asks": [[3389.5, 1780.0], [3389.75, 5427.0], [3390.25, 388.0], [3390.5, 1688.0], [3390.75, 6072.0], [3391.0, 14853.0], [3391.75, 7451.0], [3392.0, 24960.0], [3392.5, 2500.0], [3394.0, 7382.0], [3394.25, 24730.0], [3395.25, 20.0], [3396.75, 49850.0], [3398.75, 400.0], [3400.0, 40000.0], [3402.5, 19714.0], [3404.0, 50302.0], [3406.5, 40000.0], [3406.75, 75335.0], [3410.0, 40000.0]]}}}
{"jsonrpc": "2.0", "method": "subscription", "params": {"channel": "book.ETH-21NOV25.none.20.100ms", "data": {"timestamp": 1762615284960, "change_id": 95769613962, "instrument_name": "ETH-21NOV25", "bids": [[3390.0, 706.0], [3389.75, 2828.0], [3389.5, 3047.0], [3389.25, 6684.0], [3388.75, 328.0], [3388.5, 1100.0], [3388.25, 2716.0], [3388.0, 9099.0], [3386.5, 4049.0], [3386.25, 15998.0], [3386.0, 6262.0], [3383.75, 5494.0], [3383.5, 26506.0], [3383.0, 2.0], [3382.5, 11146.0], [3382.25, 37341.0], [3381.25, 11940.0], [3381.0, 40000.0], [3380.75, 11.0], [3379.5, 38615.0]], "asks": [[3390.75, 160.0], [3391.0, 1619.0], [3391.25, 5424.0], [3393.25, 4304.0], [3393.5, 16111.0], [3393.75, 746.0], [3394.0, 2500.0], [3394.5, 1829.0], [3394.75, 6126.0], [3396.0, 5699.0], [3396.25, 19093.0], [3398.25, 38398.0], [3399.5, 400.0], [3401.5, 77020.0], [3406.25, 36401.0], [3408.0, 40000.0], [3411.5, 40000.0], [3414.25, 1116.0], [3414.5, 37831.0], [3414.75, 4412.0]]}}}
{"jsonrpc": "2.0", "method": "subscription", "params": {"channel": "book.ETH-14NOV25.none.20.100ms", "data": {"timestamp": 1762615285215, "change_id": 95769614363, "instrument_name": "ETH-14NOV25", "bids": [[3388.5, 2500.0], [3387.75, 1780.0], [3387.5, 5427.0], [3385.0, 6576.0], [3384.75, 25690.0], [3384.5, 12743.0], [3384.25, 1613.0], [3384.0, 4364.0], [3383.75, 14620.0], [3383.25, 20.0], [3382.5, 7250.0], [3382.25, 31651.0], [3382.0, 24692.0], [3381.0, 11.0], [3378.75, 49515.0], [3378.0, 400.0], [3377.75, 40000.0], [3376.75, 49135.0], [3376.0, 16.0], [3374.0, 73005.0]], "asks": [[3389.5, 1780.0], [3389.75, 7288.0], [3390.0, 6236.0], [3390.25, 388.0], [3390.5, 1688.0], [3390.75, 6072.0], [3391.0, 14853.0], [3391.75, 7451.0], [3392.0, 24960.0], [3392.25, 2500.0], [3394.0, 7382.0], [3394.25, 24730.0], [3395.25, 20.0], [3396.75, 49850.0], [3398.75, 400.0], [3400.0, 40000.0], [3402.5, 19714.0], [3404.0, 50302.0], [3406.5, 40000.0], [3406.75, 75335.0]]}}}
{"jsonrpc": "2.0", "method": "subscription", "params": {"channel": "book.ETH-21NOV25.none.20.100ms", "data": {"timestamp": 1762615285268, "change_id": 95769614471, "instrument_name": "ETH-21NOV25", "bids": [[3390.0, 2500.0], [3389.75, 328.0], [3389.5, 3047.0], [3389.25, 6684.0], [3388.75, 328.0], [3388.5, 1100.0], [3388.25, 2716.0], [3388.0, 9099.0], [3386.5, 4049.0], [3386.25, 15998.0], [3386.0, 6262.0], [3383.75, 5494.0], [3383.5, 26506.0], [3383.0, 2.0], [3382.5, 11146.0], [3382.25, 37341.0], [3381.25, 11940.0], [3381.0, 40000.0], [3380.75, 11.0], [3379.5, 38615.0]], "asks": [[3390.75, 160.0], [3391.0, 1619.0], [3391.25, 5424.0], [3393.25, 4304.0], [3393.5, 16111.0], [3393.75, 2500.0], [3394.5, 1829.0], [3394.75, 6126.0], [3396.0, 5699.0], [3396.25, 19093.0], [3398.25, 38398.0], [3399.5, 400.0], [3401.5, 77020.0], [3406.25, 36401.0], [3408.0, 40000.0], [3411.5, 40000.0], [3414.25, 1116.0], [3414.5, 37831.0], [3414.75, 4412.0], [3418.0, 45.0]]}}}
{"jsonrpc": "2.0", "method": "subscription", "params": {"channel": "book.ETH-14NOV25.none.20.100ms", "data": {"timestamp": 1762615285746, "change_id": 95769615194, "instrument_name": "ETH-14NOV25", "bids": [[3388.5, 2500.0], [3388.25, 388.0], [3388.0, 1300.0], [3387.75, 1780.0], [3387.5, 5427.0], [3385.5, 3660.0], [3385.25, 12262.0], [3385.0, 6576.0], [3384.75, 22030.0], [3384.5, 481.0], [3384.25, 1613.0], [3384.0, 4364.0], [3383.75, 14620.0], [3383.25, 20.0], [3383.0, 7248.0], [3382.75, 24280.0], [3382.5, 2.0], [3382.25, 7371.0], [3382.0, 24692.0], [3381.0, 11.0]], "asks": [[3389.25, 1736.0], [3389.5, 3080.0], [3389.75, 7288.0], [3390.0, 6236.0], [3390.25, 388.0], [3390.5, 1688.0], [3390.75, 6072.0], [3391.0, 14853.0], [3391.75, 7451.0], [3392.0, 27460.0], [3394.0, 7382.0], [3394.25, 24730.0], [3395.25, 20.0], [3396.75, 49850.0], [3398.75, 400.0], [3400.0, 40000.0], [3402.5, 19714.0], [3404.0, 50302.0], [3406.5, 40000.0], [3406.75, 75335.0]]}}}
{"jsonrpc": "2.0", "method": "subscription", "params": {"channel": "book.ETH-21NOV25.none.20.100ms", "data": {"timestamp": 1762615285692, "change_id": 95769615174, "instrument_name": "ETH-21NOV25", "bids": [[3390.0, 2500.0], [3389.75, 328.0], [3389.5, 3047.0], [3389.25, 5584.0], [3388.75, 328.0], [3388.5, 1100.0], [3388.25, 2716.0], [3388.0, 9099.0], [3386.5, 4049.0], [3386.25, 15998.0], [3386.0, 6262.0], [3384.25, 1317.0], [3384.0, 4412.0], [3383.75, 5494.0], [3383.5, 26506.0], [3383.0, 2.0], [3382.5, 11146.0], [3382.25, 37341.0], [3381.25, 11940.0], [3381.0, 40000.0]], "asks": [[3390.75, 160.0], [3391.0, 1619.0], [3391.25, 5424.0], [3393.25, 4304.0], [3393.5, 18611.0], [3394.5, 1829.0], [3394.75, 6126.0], [3396.0, 5699.0], [3396.25, 19093.0], [3398.25, 38398.0], [3399.5, 400.0], [3401.5, 77020.0], [3406.25, 36401.0], [3408.0, 40000.0], [3411.5, 40000.0], [3414.25, 1116.0], [3414.5, 37831.0], [3414.75, 4412.0], [3418.0, 45.0], [3420.0, 17650.0]]}}}
{"jsonrpc": "2.0", "method": "subscription", "params": {"channel": "book.ETH-14NOV25.none.20.100ms", "data": {"timestamp": 1762615286084, "change_id": 95769615516, "instrument_name": "ETH-14NOV25", "bids": [[3388.25, 2500.0], [3387.75, 1780.0], [3387.5, 5427.0], [3385.5, 3660.0], [3385.25, 12262.0], [3385.0, 6576.0], [3384.75, 22030.0], [3384.5, 481.0], [3384.25, 1613.0], [3384.0, 4364.0], [3383.75, 14620.0], [3383.25, 7268.0], [3383.0, 24280.0], [3382.5, 2.0], [3382.25, 7371.0], [3382.0, 24692.0], [3381.0, 11.0], [3378.75, 49515.0], [3378.0, 18050.0], [3377.75, 40000.0]], "asks": [[3389.0, 1688.0], [3389.25, 1736.0], [3389.5, 3080.0], [3389.75, 7288.0], [3390.0, 6236.0], [3390.25, 388.0], [3390.5, 1688.0], [3390.75, 6072.0], [3391.0, 14853.0], [3391.25, 746.0], [3391.5, 2500.0], [3391.75, 7451.0], [3392.0, 24960.0], [3394.0, 7382.0], [3394.25, 24730.0], [3395.25, 20.0], [3396.75, 49850.0], [3398.75, 400.0], [3400.0, 40000.0], [3402.5, 19714.0]]}}}
{"jsonrpc": "2.0", "method": "subscription", "params": {"channel": "book.ETH-21NOV25.none.20.100ms", "data": {"timestamp": 1762615286079, "change_id": 95769615511, "instrument_name": "ETH-21NOV25", "bids": [[3389.75, 2500.0], [3389.5, 1100.0], [3389.25, 160.0], [3389.0, 1619.0], [3388.75, 5752.0], [3388.5, 1100.0], [3388.25, 2716.0], [3388.0, 9099.0], [3386.5, 4049.0], [3386.25, 15998.0], [3386.0, 6262.0], [3384.25, 1317.0], [3384.0, 4412.0], [3383.75, 5494.0], [3383.5, 26506.0], [3383.0, 2.0], [3382.5, 11146.0], [3382.25, 37341.0], [3381.25, 11940.0], [3381.0, 40000.0]], "asks": [[3390.75, 160.0], [3391.0, 1619.0], [3391.25, 5424.0], [3393.0, 2500.0], [3393.25, 4304.0], [3393.5, 16111.0], [3394.5, 1829.0], [3394.75, 6126.0], [3396.0, 5699.0], [3396.25, 19093.0], [3398.25, 38398.0], [3399.5, 400.0], [3401.5, 77020.0], [3406.25, 36401.0], [3408.0, 40000.0], [3411.5, 40000.0], [3414.25, 1116.0], [3414.5, 37831.0], [3414.75, 4412.0], [3418.0, 45.0]]}}}
{"jsonrpc": "2.0", "method": "subscription", "params": {"channel": "book.ETH-14NOV25.none.20.100ms", "data": {"timestamp": 1762615286279, "change_id": 95769615922, "instrument_name": "ETH-14NOV25", "bids": [[3388.25, 2500.0], [3387.75, 1780.0], [3387.5, 5427.0], [3385.5, 3660.0], [3385.25, 12262.0], [3385.0, 6576.0], [3384.75, 22030.0], [3384.5, 481.0], [3384.25, 1613.0], [3384.0, 4364.0], [3383.75, 14620.0], [3383.25, 7268.0], [3383.0, 24280.0], [3382.5, 2.0], [3382.25, 7371.0], [3382.0, 24692.0], [3381.0, 11.0], [3378.75, 49515.0], [3378.0, 18050.0], [3377.75, 40000.0]], "asks": [[3389.0, 1688.0], [3389.25, 1736.0], [3389.5, 3080.0], [3389.75, 7288.0], [3390.0, 6236.0], [3390.25, 388.0], [3390.5, 1688.0], [3390.75, 6072.0], [3391.0, 14853.0], [3391.25, 2500.0], [3391.75, 7451.0], [3392.0, 24960.0], [3394.0, 7382.0], [3394.25, 24730.0], [3395.25, 20.0], [3396.75, 49850.0], [3398.75, 400.0], [3400.0, 40000.0], [3402.5, 19714.0], [3404.0, 50302.0]]}}}
{"jsonrpc": "2.0", "method": "subscription", "params": {"channel": "book.ETH-21NOV25.none.20.100ms", "data": {"timestamp": 1762615286326, "change_id": 95769615963, "instrument_name": "ETH-21NOV25", "bids": [[3389.75, 2500.0], [3389.25, 160.0], [3389.0, 1619.0], [3388.75, 5752.0], [3388.5, 1100.0], [3388.25, 2716.0], [3388.0, 9099.0], [3386.5, 4049.0], [3386.25, 15998.0], [3386.0, 6262.0], [3384.25, 1317.0], [3384.0, 4412.0], [3383.75, 5494.0], [3383.5, 26506.0], [3383.0, 2.0], [3382.5, 11146.0], [3382.25, 37341.0], [3381.25, 11940.0], [3381.0, 40000.0], [3380.75, 11.0]], "asks": [[3390.75, 160.0], [3391.0, 1619.0], [3391.25, 5424.0], [3392.75, 2500.0], [3393.25, 4304.0], [3393.5, 16111.0], [3394.5, 1829.0], [3394.75, 6126.0], [3396.0, 5699.0], [3396.25, 19093.0], [3398.25, 38398.0], [3399.5, 400.0], [3401.5, 77020.0], [3406.25, 36401.0], [3408.0, 40000.0], [3411.5, 40000.0], [3414.25, 1116.0], [3414.5, 37831.0], [3414.75, 4412.0], [3418.0, 45.0]]}}}
{"jsonrpc": "2.0", "method": "subscription", "params": {"channel": "book.ETH-14NOV25.none.20.100ms", "data": {"timestamp": 1762615286723, "change_id": 95769616628, "instrument_name": "ETH-14NOV25", "bids": [[3388.25, 2500.0], [3387.75, 1780.0], [3387.5, 5427.0], [3385.5, 3660.0], [3385.25, 12262.0], [3385.0, 6576.0], [3384.75, 22030.0], [3384.5, 481.0], [3384.25, 1613.0], [3384.0, 4364.0], [3383.75, 14620.0], [3383.25, 7268.0], [3383.0, 24280.0], [3382.5, 2.0], [3382.25, 7371.0], [3382.0, 24692.0], [3381.0, 11.0], [3379.0, 4412.0], [3378.75, 49515.0], [3378.0, 18050.0]], "asks": [[3389.0, 1688.0], [3389.25, 1736.0], [3389.5, 3080.0], [3389.75, 7288.0], [3390.0, 6624.0], [3390.25, 1688.0], [3390.5, 1688.0], [3390.75, 6072.0], [3391.0, 17353.0], [3391.75, 7451.0], [3392.0, 24960.0], [3394.0, 7382.0], [3394.25, 24730.0], [3395.25, 20.0], [3396.75, 49850.0], [3398.75, 400.0], [3400.0, 40000.0], [3402.5, 19714.0], [3404.0, 50302.0], [3406.5, 40000.0]]}}}
{"jsonrpc": "2.0", "method": "subscription", "params": {"channel": "book.ETH-21NOV25.none.20.100ms", "data": {"timestamp": 1762615286727, "change_id": 95769616634, "instrument_name": "ETH-21NOV25", "bids": [[3389.75, 2500.0], [3389.5, 376.0], [3389.25, 1260.0], [3389.0, 1619.0], [3388.75, 5752.0], [3388.5, 1100.0], [3388.25, 2716.0], [3388.0, 9099.0], [3386.5, 4049.0], [3386.25, 15998.0], [3386.0, 6262.0], [3384.5, 329.0], [3384.25, 2420.0], [3384.0, 4412.0], [3383.75, 5494.0], [3383.5, 26506.0], [3383.0, 2.0], [3382.5, 11146.0], [3382.25, 37341.0], [3381.25, 11940.0]], "asks": [[3390.75, 160.0], [3391.0, 1619.0], [3391.25, 5424.0], [3392.5, 2500.0], [3393.25, 4304.0], [3393.5, 16111.0], [3394.5, 1829.0], [3394.75, 6126.0], [3396.0, 5699.0], [3396.25, 19093.0], [3398.25, 38398.0], [3399.5, 400.0], [3401.5, 77020.0], [3406.25, 36401.0], [3408.0, 40000.0], [3411.5, 40000.0], [3414.25, 1116.0], [3414.5, 37831.0], [3414.75, 4412.0], [3418.0, 45.0]]}}}
{"jsonrpc": "2.0", "method": "subscription", "params": {"channel": "book.ETH-14NOV25.none.20.100ms", "data": {"timestamp": 1762615287046, "change_id": 95769616765, "instrument_name": "ETH-14NOV25", "bids": [[3388.25, 2500.0], [3387.75, 1780.0], [3387.5, 5427.0], [3385.5, 3660.0], [3385.25, 12262.0], [3385.0, 6576.0], [3384.75, 22030.0], [3384.5, 481.0], [3384.25, 1613.0], [3384.0, 4364.0], [3383.75, 14620.0], [3383.25, 7268.0], [3383.0, 24280.0], [3382.5, 2.0], [3382.25, 7371.0], [3382.0, 24692.0], [3381.0, 11.0], [3379.0, 4412.0], [3378.75, 49515.0], [3378.0, 18050.0]], "asks": [[3389.0, 388.0], [3389.25, 1736.0], [3389.5, 3080.0], [3389.75, 7288.0], [3390.0, 6624.0], [3390.25, 1688.0], [3390.5, 2385.0], [3390.75, 8572.0], [3391.0, 14853.0], [3391.75, 7451.0], [3392.0, 24960.0], [3394.0, 7382.0], [3394.25, 24730.0], [3395.25, 20.0], [3396.75, 49850.0], [3398.75, 400.0], [3400.0, 40000.0], [3402.5, 19714.0], [3404.0, 50302.0], [3406.5, 40000.0]]}}}
{"jsonrpc": "2.0", "method": "subscription", "params": {"channel": "book.ETH-21NOV25.none.20.100ms", "data": {"timestamp": 1762615287036, "change_id": 95769616759, "instrument_name": "ETH-21NOV25", "bids": [[3389.75, 2500.0], [3389.5, 376.0], [3389.25, 1260.0], [3389.0, 1619.0], [3388.75, 5752.0], [3388.5, 1100.0], [3388.25, 2716.0], [3388.0, 9099.0], [3386.5, 4049.0], [3386.25, 15998.0], [3386.0, 6262.0], [3384.5, 329.0], [3384.25, 2420.0], [3384.0, 4412.0], [3383.75, 5494.0], [3383.5, 26506.0], [3383.0, 2.0], [3382.5, 11146.0], [3382.25, 37341.0], [3381.25, 11940.0]], "asks": [[3390.75, 160.0], [3391.0, 1619.0], [3391.25, 5424.0], [3392.25, 2500.0], [3393.25, 4304.0], [3393.5, 16111.0], [3394.5, 1829.0], [3394.75, 6126.0], [3396.0, 5699.0], [3396.25, 19093.0], [3398.25, 38398.0], [3399.5, 400.0], [3401.5, 77020.0], [3406.25, 36401.0], [3408.0, 40000.0], [3411.5, 40000.0], [3414.25, 1116.0], [3414.5, 37831.0], [3414.75, 4412.0], [3418.0, 45.0]]}}}
{"jsonrpc": "2.0", "method": "subscription", "params": {"channel": "book.ETH-14NOV25.none.20.100ms", "data": {"timestamp": 1762615287681, "change_id": 95769618127, "instrument_name": "ETH-14NOV25", "bids": [[3388.0, 2500.0], [3387.75, 160.0], [3387.5, 1620.0], [3387.25, 5427.0], [3385.5, 3660.0], [3385.25, 12262.0], [3385.0, 6576.0], [3384.75, 22030.0], [3384.25, 111.0], [3383.25, 20.0], [3383.0, 7248.0], [3382.75, 24280.0], [3382.5, 2.0], [3382.25, 7371.0], [3382.0, 29143.0], [3381.75, 14911.0], [3381.0, 11.0], [3379.0, 4412.0], [3378.75, 49515.0], [3378.0, 18050.0]], "asks": [[3388.75, 388.0], [3389.0, 3242.0], [3389.25, 7163.0], [3389.5, 1848.0], [3389.75, 3161.0], [3390.0, 6624.0], [3390.25, 2385.0], [3390.5, 4188.0], [3390.75, 6072.0], [3391.0, 14853.0], [3391.75, 7451.0], [3392.0, 24960.0], [3394.0, 7382.0], [3394.25, 24730.0], [3395.25, 20.0], [3396.75, 49850.0], [3398.75, 400.0], [3400.0, 40000.0], [3402.5, 19714.0], [3404.0, 50302.0]]}}}
{"jsonrpc": "2.0", "method": "subscription", "params": {"channel": "book.ETH-21NOV25.none.20.100ms", "data": {"timestamp": 1762615287653, "change_id": 95769618034, "instrument_name": "ETH-21NOV25", "bids": [[3389.5, 3600.0], [3389.25, 1428.0], [3389.0, 1100.0], [3388.75, 1953.0], [3388.5, 6684.0], [3385.0, 6262.0], [3384.5, 329.0], [3384.25, 34963.0], [3384.0, 4412.0], [3383.25, 6238.0], [3383.0, 2.0], [3382.5, 11146.0], [3382.25, 37341.0], [3381.25, 11940.0], [3381.0, 40000.0], [3380.75, 11.0], [3379.5, 38615.0], [3379.25, 400.0], [3375.5, 17650.0], [3375.25, 37623.0]], "asks": [[3390.5, 1667.0], [3390.75, 5584.0], [3392.0, 2500.0], [3393.25, 4304.0], [3393.5, 16111.0], [3394.5, 1829.0], [3394.75, 6126.0], [3396.0, 5699.0], [3396.25, 19093.0], [3398.25, 38398.0], [3399.5, 400.0], [3401.5, 77020.0], [3406.25, 36401.0], [3408.0, 40000.0], [3411.5, 40000.0], [3414.25, 1116.0], [3414.5, 37831.0], [3414.75, 4412.0], [3418.0, 45.0], [3420.0, 17650.0]]}}}
{"jsonrpc": "2.0", "method": "subscription", "params": {"channel": "book.ETH-14NOV25.none.20.100ms", "data": {"timestamp": 1762615288073, "change_id": 95769618479, "instrument_name": "ETH-14NOV25", "bids": [[3388.5, 746.0], [3388.25, 2500.0], [3387.75, 160.0], [3387.5, 1620.0], [3387.25, 5427.0], [3385.75, 12262.0], [3385.0, 6576.0], [3384.75, 22030.0], [3384.25, 1613.0], [3383.5, 39088.0], [3383.25, 349.0], [3383.0, 1103.0], [3382.5, 2.0], [3382.25, 7371.0], [3382.0, 24692.0], [3381.0, 11.0], [3379.0, 4412.0], [3378.75, 49515.0], [3378.0, 18050.0], [3377.75, 40000.0]], "asks": [[3389.0, 3242.0], [3389.25, 7163.0], [3389.5, 1848.0], [3389.75, 3161.0], [3390.0, 6624.0], [3390.25, 2385.0], [3390.5, 4188.0], [3390.75, 6072.0], [3391.0, 14853.0], [3391.75, 7451.0], [3392.0, 24960.0], [3394.0, 7382.0], [3394.25, 24730.0], [3395.25, 20.0], [3396.75, 49850.0], [3398.75, 400.0], [3400.0, 40000.0], [3402.5, 19714.0], [3404.0, 50302.0], [3406.5, 40000.0]]}}}
{"jsonrpc": "2.0", "method": "subscription", "params": {"channel": "book.ETH-21NOV25.none.20.100ms", "data": {"timestamp": 1762615287916, "change_id": 95769618347, "instrument_name": "ETH-21NOV25", "bids": [[3389.5, 3928.0], [3389.25, 1428.0], [3389.0, 1260.0], [3388.75, 1953.0], [3388.5, 6524.0], [3386.0, 14765.0], [3385.25, 1869.0], [3385.0, 6262.0], [3384.5, 329.0], [3384.25, 20826.0], [3384.0, 4412.0], [3383.5, 1862.0], [3383.25, 6238.0], [3383.0, 2.0], [3382.5, 11146.0], [3382.25, 37341.0], [3381.25, 11940.0], [3381.0, 40000.0], [3380.75, 11.0], [3379.5, 38615.0]], "asks": [[3390.5, 1667.0], [3390.75, 5584.0], [3391.75, 746.0], [3392.0, 2500.0], [3393.25, 4304.0], [3393.5, 16111.0], [3394.5, 1829.0], [3394.75, 6126.0], [3396.0, 5699.0], [3396.25, 19093.0], [3398.25, 38398.0], [3399.5, 400.0], [3401.5, 77020.0], [3406.25, 36401.0], [3408.0, 40000.0], [3411.5, 40000.0], [3414.25, 1116.0], [3414.5, 37831.0], [3414.75, 4412.0], [3418.0, 45.0]]}}}
{"jsonrpc": "2.0", "method": "subscription", "params": {"channel": "book.ETH-14NOV25.none.20.100ms", "data": {"timestamp": 1762615288409, "change_id": 95769619203, "instrument_name": "ETH-14NOV25", "bids": [[3388.5, 746.0], [3388.25, 2500.0], [3388.0, 1668.0], [3387.75, 5587.0], [3385.75, 12262.0], [3385.0, 6576.0], [3384.75, 22030.0], [3384.25, 1613.0], [3383.5, 39088.0], [3383.25, 349.0], [3383.0, 1103.0], [3382.5, 2.0], [3382.25, 7371.0], [3382.0, 24692.0], [3381.0, 11.0], [3379.0, 4412.0], [3378.75, 49515.0], [3378.0, 18050.0], [3377.75, 40000.0], [3376.75, 49135.0]], "asks": [[3389.5, 160.0], [3389.75, 1861.0], [3390.0, 6624.0], [3390.25, 2385.0], [3390.5, 3800.0], [3390.75, 4772.0], [3391.0, 14853.0], [3391.75, 7451.0], [3392.0, 24960.0], [3394.0, 7382.0], [3394.25, 24730.0], [3395.25, 20.0], [3396.75, 49850.0], [3398.75, 400.0], [3400.0, 40000.0], [3402.5, 19714.0], [3404.0, 50302.0], [3406.5, 40000.0], [3406.75, 75335.0], [3410.0, 40000.0]]}}}
{"jsonrpc": "2.0", "method": "subscription", "params": {"channel": "book.ETH-21NOV25.none.20.100ms", "data": {"timestamp": 1762615288409, "change_id": 95769619202, "instrument_name": "ETH-21NOV25", "bids": [[3389.75, 2828.0], [3389.5, 1428.0], [3389.25, 1428.0], [3389.0, 6684.0], [3388.75, 328.0], [3388.5, 1100.0], [3386.0, 14765.0], [3385.25, 1869.0], [3385.0, 6262.0], [3384.5, 329.0], [3384.25, 20826.0], [3384.0, 4412.0], [3383.5, 1862.0], [3383.25, 6238.0], [3383.0, 2.0], [3382.5, 11146.0], [3382.25, 37341.0], [3381.25, 11940.0], [3381.0, 40000.0], [3380.75, 11.0]], "asks": [[3390.75, 1779.0], [3391.75, 746.0], [3392.0, 2500.0], [3393.25, 4304.0], [3393.5, 16111.0], [3394.5, 1829.0], [3394.75, 6126.0], [3396.0, 5699.0], [3396.25, 19093.0], [3398.25, 38398.0], [3399.5, 400.0], [3401.5, 77020.0], [3406.25, 36401.0], [3408.0, 40000.0], [3411.5, 40000.0], [3414.25, 1116.0], [3414.5, 37831.0], [3414.75, 4412.0], [3418.0, 45.0], [3420.0, 17650.0]]}}}
{"jsonrpc": "2.0", "method": "subscription", "params": {"channel": "book.ETH-14NOV25.none.20.100ms", "data": {"timestamp": 1762615288661, "change_id": 95769619755, "instrument_name": "ETH-14NOV25", "bids": [[3388.75, 746.0], [3388.5, 2500.0], [3388.25, 160.0], [3388.0, 1668.0], [3387.75, 5427.0], [3386.0, 12262.0], [3385.0, 6576.0], [3384.75, 22030.0], [3384.25, 1613.0], [3383.75, 24280.0], [3383.5, 14808.0], [3383.25, 349.0], [3383.0, 1103.0], [3382.5, 2.0], [3382.25, 7371.0], [3382.0, 24692.0], [3381.0, 11.0], [3379.0, 4412.0], [3378.75, 49515.0], [3378.0, 18050.0]], "asks": [[3389.5, 2878.0], [3389.75, 7288.0], [3390.0, 6624.0], [3390.25, 2385.0], [3390.5, 3800.0], [3390.75, 4772.0], [3391.0, 14853.0], [3391.75, 7451.0], [3392.0, 24960.0], [3395.25, 24750.0], [3396.75, 49850.0], [3398.75, 400.0], [3400.0, 40000.0], [3402.5, 19714.0], [3404.0, 50302.0], [3406.5, 40000.0], [3406.75, 75335.0], [3410.0, 40000.0], [3413.0, 1116.0], [3413.75, 4412.0]]}}}
{"jsonrpc": "2.0", "method": "subscription", "params": {"channel": "book.ETH-21NOV25.none.20.100ms", "data": {"timestamp": 1762615288725, "change_id": 95769619790, "instrument_name": "ETH-21NOV25", "bids": [[3390.0, 2500.0], [3389.75, 328.0], [3389.5, 1588.0], [3389.25, 3053.0], [3389.0, 5424.0], [3386.25, 4407.0], [3386.0, 14765.0], [3385.25, 1869.0], [3385.0, 6262.0], [3384.5, 5781.0], [3384.25, 20826.0], [3384.0, 4412.0], [3383.5, 1862.0], [3383.25, 6238.0], [3383.0, 2.0], [3382.5, 11146.0], [3382.25, 37341.0], [3381.25, 11940.0], [3381.0, 40000.0], [3380.75, 11.0]], "asks": [[3391.0, 1619.0], [3391.25, 5424.0], [3391.5, 160.0], [3391.75, 746.0], [3392.0, 2500.0], [3393.25, 4304.0], [3393.5, 16111.0], [3394.5, 1829.0], [3394.75, 6126.0], [3396.0, 5699.0], [3396.25, 19093.0], [3398.25, 38398.0], [3399.5, 400.0], [3401.5, 77020.0], [3406.25, 36401.0], [3408.0, 40000.0], [3411.5, 40000.0], [3414.25, 1116.0], [3414.5, 37831.0], [3414.75, 4412.0]]}}}
{"jsonrpc": "2.0", "method": "subscription", "params": {"channel": "book.ETH-14NOV25.none.20.100ms", "data": {"timestamp": 1762615289013, "change_id": 95769620005, "instrument_name": "ETH-14NOV25", "bids": [[3388.5, 2500.0], [3388.0, 1668.0], [3387.75, 5427.0], [3387.5, 160.0], [3386.25, 3660.0], [3386.0, 12262.0], [3385.0, 6576.0], [3384.75, 22030.0], [3384.25, 1613.0], [3383.75, 24280.0], [3383.5, 14808.0], [3383.25, 349.0], [3383.0, 1103.0], [3382.5, 2.0], [3382.25, 7371.0], [3382.0, 24692.0], [3381.0, 11.0], [3379.0, 4412.0], [3378.75, 49515.0], [3378.0, 18050.0]], "asks": [[3389.0, 1688.0], [3389.25, 1736.0], [3389.5, 2878.0], [3389.75, 7288.0], [3390.0, 7321.0], [3390.25, 4188.0], [3390.5, 1300.0], [3390.75, 4772.0], [3391.0, 14853.0], [3391.75, 7451.0], [3392.0, 24960.0], [3395.25, 24750.0], [3396.75, 49850.0], [3398.75, 400.0], [3400.0, 40000.0], [3402.5, 19714.0], [3404.0, 50302.0], [3406.5, 40000.0], [3406.75, 75335.0], [3410.0, 40000.0]]}}}
{"jsonrpc": "2.0", "method": "subscription", "params": {"channel": "book.ETH-21NOV25.none.20.100ms", "data": {"timestamp": 1762615288982, "change_id": 95769619978, "instrument_name": "ETH-21NOV25", "bids": [[3389.75, 2500.0], [3389.5, 1588.0], [3389.25, 3053.0], [3389.0, 5424.0], [3386.25, 4407.0], [3386.0, 14765.0], [3385.25, 1869.0], [3385.0, 6262.0], [3384.5, 5781.0], [3384.25, 20826.0], [3384.0, 4412.0], [3383.5, 1862.0], [3383.25, 6238.0], [3383.0, 2.0], [3382.5, 11146.0], [3382.25, 37341.0], [3381.25, 11940.0], [3381.0, 40000.0], [3380.75, 11.0], [3379.5, 38615.0]], "asks": [[3391.0, 1779.0], [3391.25, 5424.0], [3391.5, 746.0], [3391.75, 2500.0], [3393.25, 4304.0], [3393.5, 16111.0], [3394.5, 1829.0], [3394.75, 6126.0], [3396.0, 5699.0], [3396.25, 19093.0], [3398.25, 38398.0], [3399.5, 400.0], [3401.5, 77020.0], [3406.25, 36401.0], [3408.0, 40000.0], [3411.5, 40000.0], [3414.25, 1116.0], [3414.5, 37831.0], [3414.75, 4412.0], [3418.0, 45.0]]}}}
{"jsonrpc": "2.0", "method": "subscription", "params": {"channel": "book.ETH-21NOV25.none.20.100ms", "data": {"timestamp": 1762615289085, "change_id": 95769620078, "instrument_name": "ETH-21NOV25", "bids": [[3389.75, 2500.0], [3389.5, 1588.0], [3389.25, 3053.0], [3389.0, 5424.0], [3386.25, 4407.0], [3386.0, 14765.0], [3385.25, 1869.0], [3385.0, 6262.0], [3384.5, 5781.0], [3384.25, 20826.0], [3384.0, 4412.0], [3383.5, 1862.0], [3383.25, 6238.0], [3383.0, 2.0], [3382.5, 11146.0], [3382.25, 37341.0], [3381.25, 11940.0], [3381.0, 40000.0], [3380.75, 11.0], [3379.5, 38615.0]], "asks": [[3391.0, 1779.0], [3391.25, 5424.0], [3391.5, 4870.0], [3391.75, 16634.0], [3393.25, 4304.0], [3393.5, 16111.0], [3394.5, 1829.0], [3394.75, 6126.0], [3396.0, 5699.0], [3396.25, 19093.0], [3398.25, 38398.0], [3399.5, 400.0], [3401.5, 77020.0], [3406.25, 36401.0], [3408.0, 40000.0], [3411.5, 40000.0], [3414.25, 1116.0], [3414.5, 37831.0], [3414.75, 4412.0], [3418.0, 45.0]]}}}
{"jsonrpc": "2.0", "method": "subscription", "params": {"channel": "book.ETH-14NOV25.none.20.100ms", "data": {"timestamp": 1762615289728, "change_id": 95769621081, "instrument_name": "ETH-14NOV25", "bids": [[3388.25, 615.0], [3388.0, 4168.0], [3387.75, 5427.0], [3387.5, 160.0], [3386.5, 1300.0], [3386.25, 3660.0], [3386.0, 12262.0], [3385.0, 6576.0], [3384.75, 22030.0], [3384.25, 1613.0], [3383.75, 24280.0], [3383.5, 14808.0], [3383.25, 349.0], [3383.0, 1103.0], [3382.5, 2.0], [3382.25, 7371.0], [3382.0, 24692.0], [3381.0, 11.0], [3379.0, 4412.0], [3378.75, 49515.0]], "asks": [[3388.75, 1688.0], [3389.0, 2921.0], [3389.25, 7163.0], [3389.5, 1848.0], [3389.75, 3161.0], [3390.0, 8736.0], [3390.25, 388.0], [3390.5, 1300.0], [3390.75, 4772.0], [3391.0, 14853.0], [3391.75, 7451.0], [3392.0, 24960.0], [3395.25, 24750.0], [3396.75, 49850.0], [3398.75, 400.0], [3400.0, 40000.0], [3402.5, 19714.0], [3404.0, 50302.0], [3406.5, 40000.0], [3406.75, 75335.0]]}}}
