{"jsonrpc": "2.0", "id": 1, "result": ["book.ETH-5DEC25.none.20.100ms"], "usIn": 1763776066963712, "usOut": 1763776066963849, "usDiff": 137, "testnet": false}
{"jsonrpc": "2.0", "method": "subscription", "params": {"channel": "book.ETH-5DEC25.none.20.100ms", "data": {"timestamp": 1763776066930, "change_id": 98262468843, "instrument_name": "ETH-5DEC25", "bids": [[2773.75, 1000.0], [2773.5, 602.0], [2773.25, 5856.0], [2772.25, 299.0], [2772.0, 1000.0], [2771.75, 1299.0], [2771.5, 1000.0], [2771.25, 299.0], [2771.0, 1000.0], [2770.75, 299.0], [2770.5, 1000.0], [2770.25, 3940.0], [2770.0, 14530.0], [2769.0, 6287.0], [2768.5, 333.0], [2768.25, 1114.0], [2768.0, 6200.0], [2767.0, 2.0], [2765.75, 6662.0], [2765.5, 22281.0]], "asks": [[2774.5, 299.0], [2774.75, 2323.0], [2775.0, 13217.0], [2775.25, 80.0], [2775.75, 299.0], [2776.0, 2855.0], [2776.25, 6416.0], [2776.5, 1002.0], [2777.0, 3873.0], [2777.25, 14134.0], [2780.25, 3228.0], [2780.5, 18978.0], [2780.75, 11.0], [2781.0, 8329.0], [2781.25, 40000.0], [2781.5, 400.0], [2783.0, 38151.0], [2784.5, 38502.0], [2785.25, 37626.0], [2787.5, 40000.0]]}}}
{"jsonrpc": "2.0", "method": "subscription", "params": {"channel": "book.ETH-5DEC25.none.20.100ms", "data": {"timestamp": 1763776067069, "change_id": 98262469115, "instrument_name": "ETH-5DEC25", "bids": [[2773.75, 1000.0], [2773.5, 1602.0], [2773.25, 4856.0], [2772.25, 299.0], [2772.0, 1000.0], [2771.75, 299.0], [2771.5, 1000.0], [2770.25, 3940.0], [2770.0, 14530.0], [2769.0, 6287.0], [2768.5, 333.0], [2768.25, 1114.0], [2768.0, 6200.0], [2767.0, 2.0], [2765.75, 6662.0], [2765.5, 22281.0], [2765.25, 40000.0], [2764.5, 400.0], [2762.5, 46.0], [2762.0, 19187.0]], "asks": [[2774.5, 299.0], [2774.75, 2323.0], [2775.0, 13217.0], [2775.25, 80.0], [2775.75, 299.0], [2776.0, 2855.0], [2776.25, 6416.0], [2776.5, 2.0], [2776.75, 1000.0], [2777.0, 3873.0], [2777.25, 14134.0], [2780.25, 3228.0], [2780.5, 18978.0], [2780.75, 11.0], [2781.0, 8329.0], [2781.25, 40000.0], [2781.5, 400.0], [2783.0, 38151.0], [2784.5, 38502.0], [2785.25, 37626.0]]}}}
{"jsonrpc": "2.0", "method": "subscription", "params": {"channel": "book.ETH-5DEC25.none.20.100ms", "data": {"timestamp": 1763776067511, "change_id": 98262469641, "instrument_name": "ETH-5DEC25", "bids": [[2773.75, 1000.0], [2773.25, 4856.0], [2772.25, 299.0], [2772.0, 1000.0], [2771.75, 299.0], [2771.5, 1000.0], [2770.25, 3940.0], [2770.0, 14530.0], [2769.25, 6287.0], [2768.5, 333.0], [2768.25, 1114.0], [2767.25, 6200.0], [2767.0, 2.0], [2765.75, 6662.0], [2765.5, 22281.0], [2765.25, 40000.0], [2764.5, 400.0], [2762.5, 46.0], [2762.0, 19187.0], [2760.5, 40000.0]], "asks": [[2774.5, 299.0], [2774.75, 2323.0], [2775.0, 13217.0], [2775.25, 80.0], [2775.75, 299.0], [2776.0, 2855.0], [2776.25, 6416.0], [2776.5, 301.0], [2776.75, 1000.0], [2777.0, 3873.0], [2777.25, 14134.0], [2780.25, 3228.0], [2780.5, 18978.0], [2780.75, 11.0], [2781.0, 8329.0], [2781.25, 40000.0], [2781.5, 400.0], [2783.0, 38151.0], [2784.5, 38502.0], [2785.25, 37626.0]]}}}
{"jsonrpc": "2.0", "method": "subscription", "params": {"channel": "book.ETH-5DEC25.none.20.100ms", "data": {"timestamp": 1763776067636, "change_id": 98262469805, "instrument_name": "ETH-5DEC25", "bids": [[2773.75, 1000.0], [2773.25, 4856.0], [2772.25, 299.0], [2772.0, 1000.0], [2771.75, 299.0], [2771.5, 1000.0], [2770.25, 3940.0], [2770.0, 14530.0], [2769.25, 6287.0], [2768.5, 333.0], [2768.25, 1114.0], [2767.25, 6200.0], [2767.0, 2.0], [2765.75, 6662.0], [2765.5, 22281.0], [2765.25, 40000.0], [2764.5, 400.0], [2762.5, 46.0], [2762.0, 19187.0], [2760.5, 40000.0]], "asks": [[2774.5, 299.0], [2774.75, 2403.0], [2775.0, 13217.0], [2775.75, 299.0], [2776.0, 2855.0], [2776.25, 6416.0], [2776.5, 301.0], [2776.75, 1000.0], [2777.0, 3873.0], [2777.25, 14134.0], [2780.25, 3228.0], [2780.5, 18978.0], [2780.75, 11.0], [2781.0, 8329.0], [2781.25, 40000.0], [2781.5, 400.0], [2783.0, 38151.0], [2784.5, 38502.0], [2785.25, 37626.0], [2787.5, 40000.0]]}}}
{"jsonrpc": "2.0", "method": "subscription", "params": {"channel": "book.ETH-5DEC25.none.20.100ms", "data": {"timestamp": 1763776068031, "change_id": 98262470643, "instrument_name": "ETH-5DEC25", "bids": [[2773.75, 1000.0], [2773.25, 4856.0], [2772.75, 299.0], [2772.5, 1000.0], [2770.25, 3940.0], [2770.0, 14530.0], [2769.25, 6287.0], [2768.5, 333.0], [2768.25, 1114.0], [2767.5, 1851.0], [2767.25, 6200.0], [2767.0, 2.0], [2765.75, 6662.0], [2765.5, 22281.0], [2765.25, 40000.0], [2764.5, 400.0], [2762.5, 46.0], [2762.0, 19187.0], [2760.5, 40000.0], [2759.25, 37467.0]], "asks": [[2774.25, 299.0], [2774.5, 1322.0], [2774.75, 2403.0], [2775.0, 13217.0], [2775.75, 299.0], [2776.0, 2855.0], [2776.25, 6416.0], [2776.5, 301.0], [2776.75, 1000.0], [2777.0, 3873.0], [2777.25, 14134.0], [2780.25, 3228.0], [2780.5, 18978.0], [2780.75, 11.0], [2781.0, 8329.0], [2781.25, 40000.0], [2781.5, 400.0], [2783.0, 38151.0], [2784.5, 38502.0], [2785.25, 37626.0]]}}}
{"jsonrpc": "2.0", "method": "subscription", "params": {"channel": "book.ETH-5DEC25.none.20.100ms", "data": {"timestamp": 1763776068362, "change_id": 98262470837, "instrument_name": "ETH-5DEC25", "bids": [[2773.75, 1000.0], [2773.25, 4856.0], [2772.75, 299.0], [2772.5, 1000.0], [2770.25, 3940.0], [2770.0, 14530.0], [2769.5, 1877.0], [2769.25, 6287.0], [2768.5, 333.0], [2768.25, 1114.0], [2767.5, 1851.0], [2767.25, 6200.0], [2767.0, 2.0], [2765.75, 6662.0], [2765.5, 22281.0], [2765.25, 40000.0], [2764.5, 400.0], [2762.5, 46.0], [2762.0, 19187.0], [2760.5, 40000.0]], "asks": [[2774.25, 299.0], [2774.5, 1322.0], [2774.75, 2403.0], [2775.0, 13217.0], [2775.75, 299.0], [2776.0, 2855.0], [2776.25, 6416.0], [2776.5, 301.0], [2776.75, 1000.0], [2777.0, 3873.0], [2777.25, 14134.0], [2780.25, 3228.0], [2780.5, 18978.0], [2780.75, 11.0], [2781.0, 8329.0], [2781.25, 40000.0], [2781.5, 400.0], [2783.0, 38151.0], [2784.5, 38502.0], [2785.25, 37626.0]]}}}
{"jsonrpc": "2.0", "method": "subscription", "params": {"channel": "book.ETH-5DEC25.none.20.100ms", "data": {"timestamp": 1763776069018, "change_id": 98262471959, "instrument_name": "ETH-5DEC25", "bids": [[2773.75, 1000.0], [2773.5, 1000.0], [2773.25, 4856.0], [2770.25, 3940.0], [2770.0, 14530.0], [2769.5, 1877.0], [2769.25, 6287.0], [2768.5, 333.0], [2768.25, 1114.0], [2767.5, 1851.0], [2767.25, 6200.0], [2767.0, 2.0], [2765.75, 6662.0], [2765.5, 22281.0], [2765.25, 40000.0], [2764.5, 400.0], [2762.5, 46.0], [2762.0, 19187.0], [2760.5, 40000.0], [2759.25, 37467.0]], "asks": [[2774.25, 299.0], [2774.5, 1322.0], [2774.75, 2403.0], [2775.0, 13217.0], [2775.75, 299.0], [2776.0, 2855.0], [2776.25, 6416.0], [2776.5, 301.0], [2776.75, 1000.0], [2777.0, 3873.0], [2777.25, 14134.0], [2780.25, 3228.0], [2780.5, 18978.0], [2780.75, 11.0], [2781.0, 8329.0], [2781.25, 40000.0], [2781.5, 400.0], [2783.0, 38151.0], [2784.5, 38502.0], [2785.25, 37626.0]]}}}
{"jsonrpc": "2.0", "method": "subscription", "params": {"channel": "book.ETH-5DEC25.none.20.100ms", "data": {"timestamp": 1763776070571, "change_id": 98262473547, "instrument_name": "ETH-5DEC25", "bids": [[2773.75, 1000.0], [2773.25, 4856.0], [2770.25, 3940.0], [2770.0, 14530.0], [2769.5, 1877.0], [2769.25, 6287.0], [2768.5, 333.0], [2768.25, 1114.0], [2767.5, 1851.0], [2767.25, 6200.0], [2767.0, 2.0], [2765.75, 6662.0], [2765.5, 22281.0], [2765.25, 40000.0], [2764.5, 400.0], [2762.5, 46.0], [2762.0, 19187.0], [2760.5, 40000.0], [2759.25, 37467.0], [2757.25, 38432.0]], "asks": [[2774.25, 299.0], [2774.5, 1322.0], [2774.75, 2403.0], [2775.0, 13217.0], [2775.75, 299.0], [2776.0, 2855.0], [2776.25, 6416.0], [2776.5, 301.0], [2776.75, 1000.0], [2777.0, 3873.0], [2777.25, 14134.0], [2780.25, 3228.0], [2780.5, 18978.0], [2780.75, 11.0], [2781.0, 8329.0], [2781.25, 40000.0], [2781.5, 400.0], [2783.0, 38151.0], [2784.5, 38502.0], [2785.25, 37626.0]]}}}
{"jsonrpc": "2.0", "method": "subscription", "params": {"channel": "book.ETH-5DEC25.none.20.100ms", "data": {"timestamp": 1763776070913, "change_id": 98262474768, "instrument_name": "ETH-5DEC25", "bids": [[2773.25, 1000.0], [2772.75, 4856.0], [2770.25, 3940.0], [2770.0, 14530.0], [2768.75, 6287.0], [2768.5, 333.0], [2768.25, 1114.0], [2767.25, 6200.0], [2767.0, 2.0], [2765.75, 6662.0], [2765.5, 22281.0], [2765.25, 40000.0], [2764.5, 400.0], [2762.5, 46.0], [2762.0, 19187.0], [2760.5, 40000.0], [2759.25, 37467.0], [2757.25, 38432.0], [2756.75, 37092.0], [2753.5, 40000.0]], "asks": [[2774.25, 1782.0], [2774.5, 6178.0], [2774.75, 2897.0], [2775.0, 8361.0], [2775.75, 299.0], [2776.0, 2855.0], [2776.25, 6416.0], [2776.5, 301.0], [2776.75, 1000.0], [2777.0, 3873.0], [2777.25, 14134.0], [2780.25, 3228.0], [2780.5, 18978.0], [2780.75, 11.0], [2781.0, 8329.0], [2781.25, 40000.0], [2781.5, 400.0], [2783.0, 38151.0], [2784.5, 38502.0], [2785.25, 37626.0]]}}}
{"jsonrpc": "2.0", "method": "subscription", "params": {"channel": "book.ETH-5DEC25.none.20.100ms", "data": {"timestamp": 1763776071032, "change_id": 98262475027, "instrument_name": "ETH-5DEC25", "bids": [[2773.25, 1000.0], [2772.75, 4856.0], [2770.25, 3940.0], [2770.0, 14530.0], [2769.0, 6287.0], [2768.5, 333.0], [2768.25, 1114.0], [2767.5, 6200.0], [2767.0, 2.0], [2765.75, 6662.0], [2765.5, 22281.0], [2765.25, 40000.0], [2764.5, 400.0], [2762.5, 46.0], [2762.0, 19187.0], [2760.5, 40000.0], [2759.25, 37467.0], [2757.25, 38432.0], [2756.75, 37092.0], [2753.5, 40000.0]], "asks": [[2773.75, 299.0], [2774.0, 1322.0], [2774.25, 2782.0], [2774.5, 5856.0], [2775.5, 299.0], [2775.75, 1299.0], [2776.0, 2855.0], [2776.25, 6416.0], [2776.5, 301.0], [2776.75, 1000.0], [2777.0, 3873.0], [2777.25, 14134.0], [2780.25, 3228.0], [2780.5, 18978.0], [2780.75, 11.0], [2781.0, 8329.0], [2781.25, 40000.0], [2781.5, 400.0], [2783.0, 38151.0], [2784.5, 38502.0]]}}}
{"jsonrpc": "2.0", "method": "subscription", "params": {"channel": "book.ETH-5DEC25.none.20.100ms", "data": {"timestamp": 1763776071468, "change_id": 98262475386, "instrument_name": "ETH-5DEC25", "bids": [[2773.25, 1000.0], [2772.75, 4856.0], [2770.25, 3940.0], [2770.0, 14530.0], [2769.25, 6287.0], [2768.5, 333.0], [2768.25, 1114.0], [2767.25, 6200.0], [2767.0, 2.0], [2765.75, 6662.0], [2765.5, 22281.0], [2765.25, 40000.0], [2764.5, 400.0], [2762.5, 46.0], [2762.0, 19187.0], [2760.5, 40000.0], [2759.25, 37467.0], [2757.25, 38432.0], [2756.75, 37092.0], [2753.5, 40000.0]], "asks": [[2773.75, 299.0], [2774.0, 1580.0], [2774.25, 3782.0], [2774.5, 4856.0], [2775.5, 299.0], [2775.75, 1299.0], [2776.0, 2855.0], [2776.25, 6416.0], [2776.5, 301.0], [2776.75, 1000.0], [2777.0, 3873.0], [2777.25, 14134.0], [2780.25, 3228.0], [2780.5, 18978.0], [2780.75, 11.0], [2781.0, 8329.0], [2781.25, 40000.0], [2781.5, 400.0], [2783.0, 38151.0], [2784.5, 38502.0]]}}}
{"jsonrpc": "2.0", "method": "subscription", "params": {"channel": "book.ETH-5DEC25.none.20.100ms", "data": {"timestamp": 1763776071729, "change_id": 98262475896, "instrument_name": "ETH-5DEC25", "bids": [[2773.25, 1000.0], [2772.75, 4856.0], [2770.25, 3940.0], [2770.0, 14530.0], [2769.5, 1877.0], [2769.25, 6287.0], [2768.5, 333.0], [2768.25, 1114.0], [2767.5, 1851.0], [2767.25, 6200.0], [2767.0, 2.0], [2765.75, 11.0], [2765.5, 4456.0], [2765.25, 40000.0], [2764.5, 400.0], [2762.5, 17871.0], [2762.0, 19187.0], [2760.5, 40000.0], [2759.25, 37467.0], [2757.25, 38432.0]], "asks": [[2773.75, 299.0], [2774.0, 1580.0], [2774.25, 3782.0], [2774.5, 4856.0], [2775.5, 299.0], [2775.75, 1299.0], [2776.0, 2855.0], [2776.25, 6416.0], [2776.5, 301.0], [2776.75, 1000.0], [2777.0, 3873.0], [2777.25, 14134.0], [2780.25, 3228.0], [2780.5, 18978.0], [2780.75, 11.0], [2781.0, 8329.0], [2781.25, 40000.0], [2781.5, 400.0], [2783.0, 38151.0], [2784.5, 38502.0]]}}}
{"jsonrpc": "2.0", "method": "subscription", "params": {"channel": "book.ETH-5DEC25.none.20.100ms", "data": {"timestamp": 1763776072239, "change_id": 98262476792, "instrument_name": "ETH-5DEC25", "bids": [[2773.25, 1000.0], [2772.75, 4856.0], [2770.25, 3940.0], [2770.0, 14530.0], [2768.75, 6287.0], [2768.5, 333.0], [2768.25, 1114.0], [2767.0, 2.0], [2765.75, 1341.0], [2765.5, 4456.0], [2765.25, 40000.0], [2764.5, 400.0], [2762.5, 17871.0], [2762.0, 19187.0], [2760.5, 40000.0], [2759.25, 37467.0], [2757.25, 38432.0], [2756.75, 37092.0], [2753.5, 40000.0], [2753.25, 100.0]], "asks": [[2773.75, 1299.0], [2774.0, 1580.0], [2774.25, 3782.0], [2774.5, 4856.0], [2775.5, 1299.0], [2775.75, 1299.0], [2776.0, 2855.0], [2776.25, 6416.0], [2776.5, 301.0], [2776.75, 1000.0], [2780.25, 5252.0], [2780.5, 18978.0], [2780.75, 11.0], [2781.0, 8329.0], [2781.25, 40000.0], [2781.5, 400.0], [2783.0, 38151.0], [2784.5, 38502.0], [2785.25, 37626.0], [2787.5, 40000.0]]}}}
{"jsonrpc": "2.0", "method": "subscription", "params": {"channel": "book.ETH-5DEC25.none.20.100ms", "data": {"timestamp": 1763776072439, "change_id": 98262477061, "instrument_name": "ETH-5DEC25", "bids": [[2773.25, 1000.0], [2773.0, 230.0], [2772.75, 4856.0], [2770.25, 3940.0], [2770.0, 14530.0], [2768.75, 6287.0], [2768.5, 333.0], [2768.25, 1114.0], [2767.0, 2.0], [2765.75, 1341.0], [2765.5, 4456.0], [2765.25, 40000.0], [2764.5, 400.0], [2762.5, 17871.0], [2762.0, 19187.0], [2760.5, 40000.0], [2759.25, 37467.0], [2757.25, 38432.0], [2756.75, 37092.0], [2753.5, 40000.0]], "asks": [[2774.0, 322.0], [2774.25, 2782.0], [2774.5, 4856.0], [2775.5, 1299.0], [2775.75, 1299.0], [2776.0, 2855.0], [2776.25, 6416.0], [2776.5, 301.0], [2776.75, 1000.0], [2777.5, 2190.0], [2777.75, 13985.0], [2780.25, 5252.0], [2780.5, 18978.0], [2780.75, 11.0], [2781.0, 8329.0], [2781.25, 40000.0], [2781.5, 400.0], [2783.0, 38151.0], [2784.5, 38502.0], [2785.25, 37626.0]]}}}
{"jsonrpc": "2.0", "method": "subscription", "params": {"channel": "book.ETH-5DEC25.none.20.100ms", "data": {"timestamp": 1763776072729, "change_id": 98262477606, "instrument_name": "ETH-5DEC25", "bids": [[2773.25, 1000.0], [2772.75, 4856.0], [2770.25, 3940.0], [2770.0, 14530.0], [2769.0, 1877.0], [2768.75, 6287.0], [2768.5, 333.0], [2768.25, 1114.0], [2767.0, 2.0], [2765.75, 1341.0], [2765.5, 4456.0], [2765.25, 40000.0], [2764.5, 400.0], [2762.5, 17871.0], [2762.0, 19187.0], [2760.5, 40000.0], [2759.25, 37467.0], [2757.25, 38432.0], [2756.75, 37092.0], [2753.5, 40000.0]], "asks": [[2774.0, 322.0], [2774.25, 2782.0], [2774.5, 4856.0], [2775.25, 299.0], [2775.5, 1299.0], [2775.75, 1299.0], [2776.0, 2855.0], [2776.25, 20980.0], [2776.5, 301.0], [2776.75, 1000.0], [2780.25, 5252.0], [2780.5, 18978.0], [2780.75, 11.0], [2781.0, 8329.0], [2781.25, 40000.0], [2781.5, 400.0], [2783.0, 38151.0], [2784.5, 38502.0], [2785.25, 37626.0], [2787.5, 40000.0]]}}}
{"jsonrpc": "2.0", "method": "subscription", "params": {"channel": "book.ETH-5DEC25.none.20.100ms", "data": {"timestamp": 1763776073090, "change_id": 98262478272, "instrument_name": "ETH-5DEC25", "bids": [[2773.0, 1000.0], [2772.75, 4856.0], [2770.75, 299.0], [2770.5, 1000.0], [2770.25, 3940.0], [2770.0, 14530.0], [2769.0, 1877.0], [2768.75, 6287.0], [2768.5, 333.0], [2768.25, 1114.0], [2767.0, 2.0], [2765.75, 1341.0], [2765.5, 4456.0], [2765.25, 40000.0], [2764.5, 400.0], [2762.5, 17871.0], [2762.0, 19187.0], [2760.5, 40000.0], [2759.25, 37467.0], [2757.25, 38432.0]], "asks": [[2773.75, 299.0], [2774.0, 1000.0], [2774.25, 1782.0], [2774.5, 20808.0], [2775.25, 299.0], [2775.5, 1299.0], [2775.75, 1299.0], [2776.0, 2855.0], [2776.25, 20980.0], [2776.5, 2.0], [2780.25, 5252.0], [2780.5, 18978.0], [2780.75, 11.0], [2781.0, 8329.0], [2781.25, 40000.0], [2781.5, 400.0], [2783.0, 38151.0], [2784.5, 38502.0], [2785.25, 37626.0], [2787.5, 40000.0]]}}}
{"jsonrpc": "2.0", "method": "subscription", "params": {"channel": "book.ETH-5DEC25.none.20.100ms", "data": {"timestamp": 1763776073244, "change_id": 98262478301, "instrument_name": "ETH-5DEC25", "bids": [[2773.0, 1000.0], [2772.75, 4856.0], [2770.75, 299.0], [2770.5, 1000.0], [2770.25, 3940.0], [2770.0, 14530.0], [2769.0, 1877.0], [2768.75, 6287.0], [2768.5, 333.0], [2768.25, 1114.0], [2767.0, 2.0], [2765.75, 1341.0], [2765.5, 4456.0], [2765.25, 40000.0], [2764.5, 400.0], [2762.5, 17871.0], [2762.0, 19187.0], [2760.5, 40000.0], [2759.25, 37467.0], [2757.25, 38432.0]], "asks": [[2773.75, 299.0], [2774.0, 1000.0], [2774.25, 1782.0], [2774.5, 20808.0], [2775.25, 299.0], [2775.5, 1299.0], [2775.75, 1299.0], [2776.0, 2855.0], [2776.25, 20980.0], [2776.5, 2.0], [2780.25, 5252.0], [2780.5, 18978.0], [2780.75, 11.0], [2781.0, 8329.0], [2781.25, 40000.0], [2781.5, 400.0], [2783.0, 38151.0], [2784.5, 38502.0], [2785.25, 37626.0], [2787.5, 40000.0]]}}}
{"jsonrpc": "2.0", "method": "subscription", "params": {"channel": "book.ETH-5DEC25.none.20.100ms", "data": {"timestamp": 1763776073881, "change_id": 98262479893, "instrument_name": "ETH-5DEC25", "bids": [[2772.5, 1000.0], [2772.25, 238.0], [2772.0, 4856.0], [2770.75, 299.0], [2770.5, 1000.0], [2770.25, 3940.0], [2770.0, 14530.0], [2768.5, 333.0], [2768.25, 1114.0], [2768.0, 1877.0], [2767.75, 6287.0], [2767.0, 2.0], [2766.0, 6200.0], [2765.75, 1341.0], [2765.5, 4456.0], [2765.25, 40000.0], [2764.5, 400.0], [2762.5, 17871.0], [2762.0, 19187.0], [2760.5, 40000.0]], "asks": [[2773.5, 299.0], [2773.75, 2778.0], [2774.0, 4856.0], [2774.25, 2226.0], [2774.5, 15952.0], [2775.25, 299.0], [2775.5, 1000.0], [2775.75, 1000.0], [2776.0, 1000.0], [2776.25, 20980.0], [2776.5, 2.0], [2780.25, 5406.0], [2780.5, 18978.0], [2780.75, 11.0], [2781.0, 8329.0], [2781.25, 40000.0], [2781.5, 400.0], [2783.0, 38151.0], [2784.5, 38502.0], [2785.25, 37626.0]]}}}
{"jsonrpc": "2.0", "method": "subscription", "params": {"channel": "book.ETH-5DEC25.none.20.100ms", "data": {"timestamp": 1763776074220, "change_id": 98262480370, "instrument_name": "ETH-5DEC25", "bids": [[2772.75, 326.0], [2772.5, 5856.0], [2771.25, 299.0], [2771.0, 1000.0], [2770.75, 299.0], [2770.5, 1000.0], [2770.25, 3940.0], [2770.0, 14530.0], [2768.5, 333.0], [2768.25, 1114.0], [2768.0, 1877.0], [2767.75, 6287.0], [2767.0, 2.0], [2766.0, 6200.0], [2765.75, 1341.0], [2765.5, 4456.0], [2765.25, 40000.0], [2764.5, 400.0], [2762.5, 17871.0], [2762.0, 19187.0]], "asks": [[2773.75, 80.0], [2774.0, 4856.0], [2775.75, 299.0], [2776.0, 4803.0], [2776.25, 20980.0], [2776.5, 2.0], [2780.25, 5406.0], [2780.5, 18978.0], [2780.75, 11.0], [2781.0, 8329.0], [2781.25, 40000.0], [2781.5, 400.0], [2783.0, 38151.0], [2784.5, 38502.0], [2785.25, 37626.0], [2787.5, 40000.0], [2791.25, 36410.0], [2793.5, 100.0], [2795.25, 184.0], [2795.5, 40000.0]]}}}
{"jsonrpc": "2.0", "method": "subscription", "params": {"channel": "book.ETH-5DEC25.none.20.100ms", "data": {"timestamp": 1763776074522, "change_id": 98262480780, "instrument_name": "ETH-5DEC25", "bids": [[2772.75, 1000.0], [2772.5, 4856.0], [2771.25, 299.0], [2771.0, 1000.0], [2770.75, 299.0], [2770.5, 1000.0], [2770.25, 3940.0], [2770.0, 14530.0], [2768.0, 1877.0], [2767.75, 6287.0], [2767.0, 2.0], [2766.5, 333.0], [2766.25, 2965.0], [2766.0, 6200.0], [2765.75, 1341.0], [2765.5, 4456.0], [2765.25, 40000.0], [2764.5, 400.0], [2762.5, 17871.0], [2762.0, 19187.0]], "asks": [[2773.75, 299.0], [2774.0, 1000.0], [2774.25, 1220.0], [2774.5, 4936.0], [2775.75, 299.0], [2776.0, 4803.0], [2776.25, 20980.0], [2776.5, 2.0], [2780.25, 5406.0], [2780.5, 18978.0], [2780.75, 11.0], [2781.0, 8329.0], [2781.25, 40000.0], [2781.5, 400.0], [2783.0, 38151.0], [2784.5, 38502.0], [2785.25, 37626.0], [2787.5, 40000.0], [2791.25, 36410.0], [2793.75, 100.0]]}}}
{"jsonrpc": "2.0", "method": "subscription", "params": {"channel": "book.ETH-5DEC25.none.20.100ms", "data": {"timestamp": 1763776074818, "change_id": 98262481542, "instrument_name": "ETH-5DEC25", "bids": [[2772.75, 1000.0], [2772.5, 4856.0], [2771.25, 299.0], [2771.0, 1000.0], [2770.75, 299.0], [2770.5, 1000.0], [2770.25, 3940.0], [2770.0, 14530.0], [2768.0, 1877.0], [2767.75, 6287.0], [2767.0, 2.0], [2766.5, 333.0], [2766.25, 2965.0], [2766.0, 6200.0], [2765.75, 1341.0], [2765.5, 4456.0], [2765.25, 40000.0], [2764.5, 400.0], [2762.5, 17871.0], [2762.0, 19187.0]], "asks": [[2773.75, 1624.0], [2774.0, 7197.0], [2774.25, 4226.0], [2775.75, 299.0], [2776.0, 4803.0], [2776.25, 20980.0], [2776.5, 2.0], [2780.25, 5406.0], [2780.5, 18978.0], [2780.75, 11.0], [2781.0, 8329.0], [2781.25, 40000.0], [2781.5, 400.0], [2783.0, 38151.0], [2784.5, 38502.0], [2785.25, 37626.0], [2787.5, 40000.0], [2791.25, 36410.0], [2793.75, 100.0], [2795.25, 184.0]]}}}
{"jsonrpc": "2.0", "method": "subscription", "params": {"channel": "book.ETH-5DEC25.none.20.100ms", "data": {"timestamp": 1763776075164, "change_id": 98262481841, "instrument_name": "ETH-5DEC25", "bids": [[2772.75, 1000.0], [2772.5, 4856.0], [2771.75, 299.0], [2771.5, 1000.0], [2771.25, 299.0], [2771.0, 1000.0], [2770.75, 299.0], [2770.5, 1000.0], [2770.25, 3940.0], [2770.0, 14530.0], [2768.0, 1877.0], [2767.75, 6287.0], [2767.0, 2.0], [2766.5, 333.0], [2766.25, 2965.0], [2766.0, 6200.0], [2765.75, 1341.0], [2765.5, 4456.0], [2765.25, 40000.0], [2764.5, 400.0]], "asks": [[2773.5, 299.0], [2773.75, 2624.0], [2774.0, 6197.0], [2774.25, 4226.0], [2775.75, 299.0], [2776.0, 4803.0], [2776.25, 20980.0], [2776.5, 2.0], [2780.25, 5406.0], [2780.5, 18978.0], [2780.75, 11.0], [2781.0, 8329.0], [2781.25, 40000.0], [2781.5, 400.0], [2783.0, 38151.0], [2784.5, 38502.0], [2785.25, 37626.0], [2787.5, 40000.0], [2791.25, 36410.0], [2793.75, 100.0]]}}}
{"jsonrpc": "2.0", "method": "subscription", "params": {"channel": "book.ETH-5DEC25.none.20.100ms", "data": {"timestamp": 1763776075254, "change_id": 98262481875, "instrument_name": "ETH-5DEC25", "bids": [[2772.75, 1000.0], [2772.5, 4856.0], [2771.75, 299.0], [2771.5, 1000.0], [2771.25, 299.0], [2771.0, 1000.0], [2770.75, 299.0], [2770.5, 1000.0], [2770.25, 3940.0], [2770.0, 14530.0], [2768.0, 1877.0], [2767.75, 6287.0], [2767.0, 2.0], [2766.5, 333.0], [2766.25, 2965.0], [2766.0, 6200.0], [2765.75, 1341.0], [2765.5, 4456.0], [2765.25, 40000.0], [2764.5, 400.0]], "asks": [[2773.5, 299.0], [2773.75, 2624.0], [2774.0, 6197.0], [2774.25, 4226.0], [2775.75, 299.0], [2776.0, 4803.0], [2776.25, 20980.0], [2776.5, 2.0], [2780.25, 5406.0], [2780.5, 18978.0], [2780.75, 11.0], [2781.0, 8329.0], [2781.25, 40000.0], [2781.5, 400.0], [2783.0, 38151.0], [2784.5, 38502.0], [2785.25, 37626.0], [2787.5, 40000.0], [2791.25, 36410.0], [2793.5, 100.0]]}}}
{"jsonrpc": "2.0", "method": "subscription", "params": {"channel": "book.ETH-5DEC25.none.20.100ms", "data": {"timestamp": 1763776075870, "change_id": 98262482889, "instrument_name": "ETH-5DEC25", "bids": [[2772.75, 1000.0], [2772.5, 4856.0], [2771.75, 299.0], [2771.5, 1000.0], [2771.25, 299.0], [2771.0, 1000.0], [2770.75, 299.0], [2770.5, 1000.0], [2770.25, 3940.0], [2770.0, 14530.0], [2768.0, 1877.0], [2767.75, 6287.0], [2767.0, 2.0], [2766.5, 333.0], [2766.25, 2965.0], [2766.0, 6200.0], [2765.75, 1341.0], [2765.5, 4456.0], [2765.25, 40000.0], [2764.5, 400.0]], "asks": [[2773.5, 299.0], [2773.75, 2624.0], [2774.0, 6197.0], [2774.25, 4226.0], [2775.75, 299.0], [2776.0, 4803.0], [2776.25, 20980.0], [2776.5, 2.0], [2780.25, 5406.0], [2780.5, 18978.0], [2780.75, 11.0], [2781.0, 8329.0], [2781.25, 40000.0], [2781.5, 400.0], [2783.0, 38151.0], [2784.5, 38502.0], [2785.25, 37626.0], [2787.5, 40000.0], [2791.25, 36410.0], [2793.75, 100.0]]}}}
{"jsonrpc": "2.0", "method": "subscription", "params": {"channel": "book.ETH-5DEC25.none.20.100ms", "data": {"timestamp": 1763776076057, "change_id": 98262483091, "instrument_name": "ETH-5DEC25", "bids": [[2772.75, 1000.0], [2772.5, 4856.0], [2771.75, 299.0], [2771.5, 1000.0], [2771.25, 299.0], [2771.0, 1000.0], [2770.75, 299.0], [2770.5, 1000.0], [2770.25, 3940.0], [2770.0, 14530.0], [2768.0, 1877.0], [2767.75, 6287.0], [2767.0, 2.0], [2766.5, 333.0], [2766.25, 2965.0], [2766.0, 6200.0], [2765.75, 1341.0], [2765.5, 4456.0], [2765.25, 40000.0], [2764.5, 400.0]], "asks": [[2773.5, 299.0], [2773.75, 2624.0], [2774.0, 6197.0], [2774.25, 4226.0], [2775.75, 299.0], [2776.0, 4803.0], [2776.25, 20980.0], [2776.5, 2.0], [2780.25, 5406.0], [2780.5, 18978.0], [2780.75, 11.0], [2781.0, 8329.0], [2781.25, 40000.0], [2781.5, 400.0], [2783.0, 38151.0], [2784.5, 38502.0], [2785.25, 37626.0], [2787.5, 40000.0], [2791.25, 36410.0], [2793.5, 100.0]]}}}
{"jsonrpc": "2.0", "method": "subscription", "params": {"channel": "book.ETH-5DEC25.none.20.100ms", "data": {"timestamp": 1763776077186, "change_id": 98262484369, "instrument_name": "ETH-5DEC25", "bids": [[2772.75, 1225.0], [2772.5, 4856.0], [2771.75, 299.0], [2771.5, 1000.0], [2771.25, 299.0], [2771.0, 1000.0], [2770.75, 299.0], [2770.5, 1000.0], [2770.25, 3940.0], [2770.0, 14530.0], [2768.0, 1877.0], [2767.75, 6287.0], [2767.0, 2.0], [2766.5, 333.0], [2766.25, 2965.0], [2766.0, 6200.0], [2765.75, 1341.0], [2765.5, 4456.0], [2765.25, 40000.0], [2764.5, 400.0]], "asks": [[2773.75, 2624.0], [2774.0, 6197.0], [2774.25, 4226.0], [2775.75, 299.0], [2776.0, 4803.0], [2776.25, 20980.0], [2776.5, 2.0], [2780.25, 5406.0], [2780.5, 18978.0], [2780.75, 11.0], [2781.0, 8329.0], [2781.25, 40000.0], [2781.5, 400.0], [2783.0, 38151.0], [2784.5, 38502.0], [2785.25, 37626.0], [2787.5, 40000.0], [2791.25, 36410.0], [2793.5, 100.0], [2795.25, 184.0]]}}}
{"jsonrpc": "2.0", "method": "subscription", "params": {"channel": "book.ETH-5DEC25.none.20.100ms", "data": {"timestamp": 1763776077264, "change_id": 98262484404, "instrument_name": "ETH-5DEC25", "bids": [[2772.75, 1225.0], [2772.5, 4856.0], [2771.75, 299.0], [2771.5, 1000.0], [2771.25, 299.0], [2771.0, 1000.0], [2770.75, 299.0], [2770.5, 1000.0], [2770.25, 3940.0], [2770.0, 14530.0], [2768.0, 1877.0], [2767.75, 6287.0], [2767.0, 2.0], [2766.5, 333.0], [2766.25, 2965.0], [2766.0, 6200.0], [2765.75, 1341.0], [2765.5, 4456.0], [2765.25, 40000.0], [2764.5, 400.0]], "asks": [[2773.75, 2624.0], [2774.0, 6197.0], [2774.25, 4226.0], [2775.75, 299.0], [2776.0, 4803.0], [2776.25, 20980.0], [2776.5, 2.0], [2780.25, 5406.0], [2780.5, 18978.0], [2780.75, 11.0], [2781.0, 8329.0], [2781.25, 40000.0], [2781.5, 400.0], [2783.0, 38151.0], [2784.5, 38502.0], [2785.25, 37626.0], [2787.5, 40000.0], [2791.25, 36410.0], [2793.75, 100.0], [2795.25, 184.0]]}}}
{"jsonrpc": "2.0", "method": "subscription", "params": {"channel": "book.ETH-5DEC25.none.20.100ms", "data": {"timestamp": 1763776077666, "change_id": 98262484984, "instrument_name": "ETH-5DEC25", "bids": [[2772.75, 1000.0], [2772.5, 4856.0], [2771.75, 299.0], [2771.5, 1000.0], [2771.25, 299.0], [2771.0, 1000.0], [2770.75, 299.0], [2770.5, 1000.0], [2770.25, 3940.0], [2770.0, 14530.0], [2768.0, 1877.0], [2767.75, 6287.0], [2767.0, 2.0], [2766.5, 333.0], [2766.25, 2965.0], [2766.0, 6200.0], [2765.75, 1341.0], [2765.5, 4456.0], [2765.25, 40000.0], [2764.5, 400.0]], "asks": [[2773.5, 299.0], [2773.75, 2624.0], [2774.0, 6197.0], [2774.25, 4226.0], [2775.75, 299.0], [2776.0, 4803.0], [2776.25, 20980.0], [2776.5, 2.0], [2780.25, 5406.0], [2780.5, 18978.0], [2780.75, 11.0], [2781.0, 8329.0], [2781.25, 40000.0], [2781.5, 400.0], [2783.0, 38151.0], [2784.5, 38502.0], [2785.25, 37626.0], [2787.5, 40000.0], [2791.25, 36410.0], [2793.5, 100.0]]}}}
{"jsonrpc": "2.0", "method": "subscription", "params": {"channel": "book.ETH-5DEC25.none.20.100ms", "data": {"timestamp": 1763776077901, "change_id": 98262485387, "instrument_name": "ETH-5DEC25", "bids": [[2772.75, 1000.0], [2772.5, 4856.0], [2771.75, 299.0], [2771.5, 1000.0], [2771.25, 299.0], [2771.0, 1000.0], [2770.75, 299.0], [2770.5, 1000.0], [2770.25, 3940.0], [2770.0, 14530.0], [2767.25, 6287.0], [2767.0, 2.0], [2766.5, 2141.0], [2766.25, 7314.0], [2765.75, 1341.0], [2765.5, 4456.0], [2765.25, 40000.0], [2764.5, 400.0], [2762.5, 17871.0], [2762.0, 19187.0]], "asks": [[2773.5, 299.0], [2773.75, 2624.0], [2774.0, 6197.0], [2774.25, 4226.0], [2775.75, 299.0], [2776.0, 4803.0], [2776.25, 20980.0], [2776.5, 2.0], [2780.25, 5406.0], [2780.5, 18978.0], [2780.75, 11.0], [2781.0, 8329.0], [2781.25, 40000.0], [2781.5, 400.0], [2783.0, 38151.0], [2784.5, 38502.0], [2785.25, 37626.0], [2787.5, 40000.0], [2791.25, 36410.0], [2793.5, 100.0]]}}}
{"jsonrpc": "2.0", "method": "subscription", "params": {"channel": "book.ETH-5DEC25.none.20.100ms", "data": {"timestamp": 1763776078469, "change_id": 98262485778, "instrument_name": "ETH-5DEC25", "bids": [[2772.75, 1000.0], [2772.5, 4856.0], [2771.75, 299.0], [2771.5, 1000.0], [2771.25, 299.0], [2771.0, 1000.0], [2770.75, 299.0], [2770.5, 1000.0], [2769.25, 4230.0], [2769.0, 14170.0], [2767.25, 6287.0], [2767.0, 2.0], [2766.5, 2141.0], [2766.25, 7314.0], [2765.75, 1341.0], [2765.5, 4456.0], [2765.25, 40000.0], [2764.5, 400.0], [2762.5, 17871.0], [2762.0, 19187.0]], "asks": [[2773.5, 299.0], [2773.75, 2624.0], [2774.0, 6197.0], [2774.25, 4226.0], [2775.75, 299.0], [2776.0, 4803.0], [2776.25, 20980.0], [2776.5, 2.0], [2780.25, 5406.0], [2780.5, 18978.0], [2780.75, 11.0], [2781.0, 8329.0], [2781.25, 40000.0], [2781.5, 400.0], [2783.0, 38151.0], [2784.5, 38502.0], [2785.25, 37626.0], [2787.5, 40000.0], [2791.25, 36410.0], [2793.5, 100.0]]}}}
{"jsonrpc": "2.0", "method": "subscription", "params": {"channel": "book.ETH-5DEC25.none.20.100ms", "data": {"timestamp": 1763776079019, "change_id": 98262486785, "instrument_name": "ETH-5DEC25", "bids": [[2772.75, 1000.0], [2772.5, 4856.0], [2772.25, 299.0], [2772.0, 1000.0], [2771.75, 299.0], [2771.5, 1000.0], [2769.25, 4230.0], [2769.0, 14170.0], [2767.25, 6287.0], [2767.0, 2.0], [2766.5, 2141.0], [2766.25, 7314.0], [2765.75, 1341.0], [2765.5, 4456.0], [2765.25, 40000.0], [2764.5, 400.0], [2762.5, 17871.0], [2762.0, 19187.0], [2760.5, 40000.0], [2759.25, 37467.0]], "asks": [[2773.5, 299.0], [2773.75, 2624.0], [2774.0, 4936.0], [2775.75, 299.0], [2776.0, 4803.0], [2776.25, 20980.0], [2776.5, 2.0], [2780.25, 5406.0], [2780.5, 18978.0], [2780.75, 11.0], [2781.0, 8329.0], [2781.25, 40000.0], [2781.5, 400.0], [2783.0, 38151.0], [2784.5, 38502.0], [2785.25, 37626.0], [2787.5, 40000.0], [2791.25, 36410.0], [2793.5, 100.0], [2795.25, 184.0]]}}}
{"jsonrpc": "2.0", "method": "subscription", "params": {"channel": "book.ETH-5DEC25.none.20.100ms", "data": {"timestamp": 1763776079896, "change_id": 98262487824, "instrument_name": "ETH-5DEC25", "bids": [[2772.75, 1000.0], [2772.5, 4856.0], [2769.25, 4230.0], [2769.0, 14170.0], [2767.5, 1877.0], [2767.25, 6287.0], [2767.0, 2.0], [2766.5, 2141.0], [2766.25, 7314.0], [2765.75, 1341.0], [2765.5, 4456.0], [2765.25, 40000.0], [2764.5, 400.0], [2762.5, 17871.0], [2762.0, 19187.0], [2760.5, 40000.0], [2759.25, 37467.0], [2757.25, 38432.0], [2756.75, 37092.0], [2753.5, 40000.0]], "asks": [[2773.5, 299.0], [2773.75, 2624.0], [2774.0, 4936.0], [2775.75, 299.0], [2776.0, 4803.0], [2776.25, 20980.0], [2776.5, 2.0], [2780.25, 5406.0], [2780.5, 18978.0], [2780.75, 11.0], [2781.0, 8329.0], [2781.25, 40000.0], [2781.5, 400.0], [2783.0, 38151.0], [2784.5, 38502.0], [2785.25, 37626.0], [2787.5, 40000.0], [2791.25, 36410.0], [2793.5, 100.0], [2795.25, 184.0]]}}}
{"jsonrpc": "2.0", "method": "subscription", "params": {"channel": "book.ETH-5DEC25.none.20.100ms", "data": {"timestamp": 1763776080494, "change_id": 98262488776, "instrument_name": "ETH-5DEC25", "bids": [[2772.25, 1000.0], [2772.0, 4856.0], [2769.25, 4230.0], [2769.0, 14170.0], [2767.5, 1877.0], [2767.25, 6287.0], [2767.0, 2.0], [2766.5, 2141.0], [2766.25, 7314.0], [2765.75, 1341.0], [2765.5, 4456.0], [2765.25, 40000.0], [2764.5, 400.0], [2762.5, 17871.0], [2762.0, 19187.0], [2760.5, 40000.0], [2759.25, 37467.0], [2757.25, 38432.0], [2756.75, 37092.0], [2753.5, 40000.0]], "asks": [[2773.25, 1450.0], [2773.5, 6569.0], [2773.75, 5867.0], [2774.0, 80.0], [2775.75, 299.0], [2776.0, 6776.0], [2776.25, 20980.0], [2776.5, 2.0], [2780.25, 5406.0], [2780.5, 18978.0], [2780.75, 11.0], [2781.0, 8329.0], [2781.25, 40000.0], [2781.5, 400.0], [2783.0, 38151.0], [2784.5, 38502.0], [2785.25, 37626.0], [2787.5, 40000.0], [2791.25, 36410.0], [2793.25, 100.0]]}}}
{"jsonrpc": "2.0", "method": "subscription", "params": {"channel": "book.ETH-5DEC25.none.20.100ms", "data": {"timestamp": 1763776080714, "change_id": 98262489619, "instrument_name": "ETH-5DEC25", "bids": [[2772.25, 1000.0], [2772.0, 269.0], [2771.75, 4856.0], [2769.75, 1877.0], [2769.5, 6287.0], [2769.25, 4230.0], [2769.0, 14170.0], [2767.0, 2.0], [2766.25, 1114.0], [2765.75, 11.0], [2765.5, 10522.0], [2765.25, 40000.0], [2764.5, 400.0], [2764.0, 19187.0], [2762.5, 17871.0], [2760.5, 40000.0], [2759.25, 37467.0], [2757.25, 38432.0], [2756.75, 37092.0], [2753.5, 40000.0]], "asks": [[2773.0, 299.0], [2773.25, 2031.0], [2773.5, 6350.0], [2773.75, 4867.0], [2775.5, 6416.0], [2775.75, 18978.0], [2776.0, 4803.0], [2776.25, 14564.0], [2776.5, 2.0], [2779.0, 5256.0], [2779.25, 38151.0], [2780.75, 11.0], [2781.0, 8329.0], [2781.25, 77626.0], [2781.5, 400.0], [2784.5, 38502.0], [2787.5, 40000.0], [2791.25, 36410.0], [2793.0, 100.0], [2795.25, 184.0]]}}}
{"jsonrpc": "2.0", "method": "subscription", "params": {"channel": "book.ETH-5DEC25.none.20.100ms", "data": {"timestamp": 1763776080957, "change_id": 98262490289, "instrument_name": "ETH-5DEC25", "bids": [[2772.25, 1000.0], [2772.0, 269.0], [2771.75, 4856.0], [2770.0, 1000.0], [2769.75, 1877.0], [2769.5, 6287.0], [2769.25, 4230.0], [2769.0, 14170.0], [2767.25, 6200.0], [2767.0, 2.0], [2766.5, 333.0], [2766.25, 1114.0], [2765.75, 11.0], [2765.5, 10522.0], [2765.25, 40000.0], [2764.5, 400.0], [2764.0, 19187.0], [2762.5, 17871.0], [2760.5, 40000.0], [2759.25, 37467.0]], "asks": [[2773.0, 299.0], [2773.25, 2031.0], [2773.5, 4936.0], [2775.5, 6416.0], [2775.75, 18978.0], [2776.0, 4803.0], [2776.25, 14564.0], [2776.5, 2.0], [2779.0, 5256.0], [2779.25, 38151.0], [2780.75, 11.0], [2781.0, 8329.0], [2781.25, 77626.0], [2781.5, 400.0], [2784.5, 38502.0], [2787.5, 40000.0], [2791.25, 36410.0], [2793.0, 100.0], [2795.25, 184.0], [2795.5, 40000.0]]}}}
{"jsonrpc": "2.0", "method": "subscription", "params": {"channel": "book.ETH-5DEC25.none.20.100ms", "data": {"timestamp": 1763776081319, "change_id": 98262490551, "instrument_name": "ETH-5DEC25", "bids": [[2772.25, 1000.0], [2772.0, 269.0], [2771.75, 4856.0], [2770.0, 1000.0], [2769.75, 1877.0], [2769.5, 6287.0], [2769.25, 4230.0], [2769.0, 14170.0], [2767.25, 6200.0], [2767.0, 2.0], [2766.5, 333.0], [2766.25, 1114.0], [2765.75, 11.0], [2765.5, 10522.0], [2765.25, 40000.0], [2764.5, 400.0], [2764.0, 19187.0], [2762.5, 17871.0], [2760.5, 40000.0], [2759.25, 37467.0]], "asks": [[2773.0, 299.0], [2773.25, 2031.0], [2773.5, 14985.0], [2775.5, 6416.0], [2775.75, 18978.0], [2776.0, 4803.0], [2776.25, 14564.0], [2776.5, 2.0], [2779.0, 5256.0], [2779.25, 38151.0], [2780.75, 11.0], [2781.0, 8329.0], [2781.25, 77626.0], [2781.5, 400.0], [2784.5, 38502.0], [2787.5, 40000.0], [2791.25, 36410.0], [2793.0, 100.0], [2795.25, 184.0], [2795.5, 40000.0]]}}}
{"jsonrpc": "2.0", "method": "subscription", "params": {"channel": "book.ETH-5DEC25.none.20.100ms", "data": {"timestamp": 1763776081620, "change_id": 98262490987, "instrument_name": "ETH-5DEC25", "bids": [[2772.25, 1000.0], [2772.0, 269.0], [2771.75, 4856.0], [2770.0, 1000.0], [2769.75, 1877.0], [2769.5, 6287.0], [2769.25, 4230.0], [2769.0, 14170.0], [2767.25, 6200.0], [2767.0, 2.0], [2766.5, 333.0], [2766.25, 1114.0], [2765.75, 11.0], [2765.5, 10522.0], [2765.25, 40000.0], [2764.5, 400.0], [2764.0, 19187.0], [2762.5, 17871.0], [2760.5, 40000.0], [2759.25, 37467.0]], "asks": [[2773.0, 299.0], [2773.25, 2031.0], [2773.5, 4936.0], [2775.5, 6416.0], [2775.75, 18978.0], [2776.0, 4803.0], [2776.25, 14564.0], [2776.5, 2.0], [2779.0, 5256.0], [2779.25, 38151.0], [2780.75, 11.0], [2781.0, 8329.0], [2781.25, 77626.0], [2781.5, 400.0], [2784.5, 38502.0], [2787.5, 40000.0], [2791.25, 36410.0], [2793.0, 100.0], [2795.25, 184.0], [2795.5, 40000.0]]}}}
{"jsonrpc": "2.0", "method": "subscription", "params": {"channel": "book.ETH-5DEC25.none.20.100ms", "data": {"timestamp": 1763776082139, "change_id": 98262491912, "instrument_name": "ETH-5DEC25", "bids": [[2772.0, 269.0], [2771.75, 5856.0], [2770.25, 299.0], [2770.0, 1000.0], [2769.75, 1877.0], [2769.5, 6287.0], [2769.25, 4230.0], [2769.0, 14170.0], [2767.25, 6200.0], [2767.0, 2.0], [2766.5, 333.0], [2766.25, 1114.0], [2765.75, 1341.0], [2765.5, 10522.0], [2765.25, 40000.0], [2764.5, 400.0], [2764.0, 19187.0], [2762.5, 17871.0], [2760.5, 40000.0], [2759.25, 37467.0]], "asks": [[2773.0, 299.0], [2773.25, 2031.0], [2773.5, 4936.0], [2775.5, 10672.0], [2775.75, 18978.0], [2776.0, 4803.0], [2776.25, 14564.0], [2776.5, 2.0], [2779.0, 5256.0], [2779.25, 38151.0], [2780.75, 11.0], [2781.0, 8329.0], [2781.25, 77626.0], [2781.5, 400.0], [2784.5, 38502.0], [2787.5, 40000.0], [2791.25, 36410.0], [2793.0, 100.0], [2795.25, 184.0], [2795.5, 40000.0]]}}}
{"jsonrpc": "2.0", "method": "subscription", "params": {"channel": "book.ETH-5DEC25.none.20.100ms", "data": {"timestamp": 1763776082480, "change_id": 98262492102, "instrument_name": "ETH-5DEC25", "bids": [[2772.0, 1269.0], [2771.75, 4856.0], [2770.25, 299.0], [2770.0, 1000.0], [2769.75, 1877.0], [2769.5, 6287.0], [2769.25, 4230.0], [2769.0, 14170.0], [2767.25, 6200.0], [2767.0, 2.0], [2766.5, 333.0], [2766.25, 1114.0], [2765.75, 1341.0], [2765.5, 10522.0], [2765.25, 40000.0], [2764.5, 400.0], [2764.0, 19187.0], [2762.5, 17871.0], [2760.5, 40000.0], [2759.25, 37467.0]], "asks": [[2772.75, 299.0], [2773.0, 1000.0], [2773.25, 1031.0], [2773.5, 4936.0], [2775.25, 1915.0], [2775.5, 10672.0], [2775.75, 18978.0], [2776.0, 4803.0], [2776.25, 14564.0], [2776.5, 2.0], [2779.0, 5256.0], [2779.25, 38151.0], [2780.75, 11.0], [2781.0, 46.0], [2781.25, 77626.0], [2781.5, 400.0], [2784.5, 38502.0], [2787.5, 40000.0], [2791.25, 36410.0], [2793.0, 100.0]]}}}
{"jsonrpc": "2.0", "method": "subscription", "params": {"channel": "book.ETH-5DEC25.none.20.100ms", "data": {"timestamp": 1763776082610, "change_id": 98262492345, "instrument_name": "ETH-5DEC25", "bids": [[2772.0, 1269.0], [2771.75, 4856.0], [2770.25, 299.0], [2770.0, 1000.0], [2769.75, 1877.0], [2769.5, 6287.0], [2769.25, 4230.0], [2769.0, 14170.0], [2767.25, 6200.0], [2767.0, 2.0], [2766.5, 333.0], [2766.25, 1114.0], [2765.75, 1341.0], [2765.5, 10522.0], [2765.25, 40000.0], [2764.5, 400.0], [2764.0, 19187.0], [2762.5, 17871.0], [2760.5, 40000.0], [2759.25, 37467.0]], "asks": [[2772.75, 299.0], [2773.0, 1000.0], [2773.25, 1332.0], [2773.5, 20444.0], [2775.25, 1915.0], [2775.5, 10672.0], [2775.75, 18978.0], [2776.0, 4803.0], [2776.25, 14564.0], [2776.5, 2.0], [2779.0, 5256.0], [2779.25, 38151.0], [2780.75, 11.0], [2781.0, 46.0], [2781.25, 77626.0], [2781.5, 400.0], [2784.5, 38502.0], [2787.5, 40000.0], [2791.25, 36410.0], [2792.75, 100.0]]}}}
{"jsonrpc": "2.0", "method": "subscription", "params": {"channel": "book.ETH-5DEC25.none.20.100ms", "data": {"timestamp": 1763776082864, "change_id": 98262492942, "instrument_name": "ETH-5DEC25", "bids": [[2772.0, 1269.0], [2771.75, 4856.0], [2770.25, 299.0], [2770.0, 1299.0], [2769.75, 2877.0], [2769.5, 6287.0], [2769.25, 4230.0], [2769.0, 14170.0], [2767.25, 6200.0], [2767.0, 2.0], [2766.5, 333.0], [2766.25, 1114.0], [2765.75, 1341.0], [2765.5, 10522.0], [2765.25, 40000.0], [2764.5, 400.0], [2764.0, 19187.0], [2762.5, 17871.0], [2760.5, 40000.0], [2759.25, 37467.0]], "asks": [[2772.75, 299.0], [2773.0, 1000.0], [2773.25, 1332.0], [2773.5, 20444.0], [2775.25, 1915.0], [2775.5, 10672.0], [2775.75, 18978.0], [2776.0, 4803.0], [2776.25, 14564.0], [2776.5, 2.0], [2779.0, 5256.0], [2779.25, 38151.0], [2780.75, 11.0], [2781.0, 46.0], [2781.25, 77626.0], [2781.5, 400.0], [2784.5, 38502.0], [2787.5, 40000.0], [2791.25, 36410.0], [2792.75, 100.0]]}}}
{"jsonrpc": "2.0", "method": "subscription", "params": {"channel": "book.ETH-5DEC25.none.20.100ms", "data": {"timestamp": 1763776083776, "change_id": 98262494253, "instrument_name": "ETH-5DEC25", "bids": [[2772.0, 1000.0], [2771.5, 272.0], [2771.25, 4856.0], [2770.25, 299.0], [2770.0, 1299.0], [2769.75, 2877.0], [2769.5, 6287.0], [2769.25, 4230.0], [2769.0, 14170.0], [2767.25, 6200.0], [2767.0, 2.0], [2766.5, 333.0], [2766.25, 1114.0], [2765.75, 1341.0], [2765.5, 10522.0], [2765.25, 40000.0], [2764.5, 400.0], [2764.0, 19187.0], [2762.5, 17871.0], [2760.5, 40000.0]], "asks": [[2772.75, 1252.0], [2773.0, 5856.0], [2773.25, 1846.0], [2773.5, 15588.0], [2775.25, 1915.0], [2775.5, 10672.0], [2775.75, 18978.0], [2776.0, 4803.0], [2776.25, 14564.0], [2776.5, 2.0], [2779.0, 5256.0], [2779.25, 38151.0], [2780.75, 11.0], [2781.0, 46.0], [2781.25, 77626.0], [2781.5, 400.0], [2784.5, 38502.0], [2787.5, 40000.0], [2791.25, 36410.0], [2792.75, 100.0]]}}}
{"jsonrpc": "2.0", "method": "subscription", "params": {"channel": "book.ETH-5DEC25.none.20.100ms", "data": {"timestamp": 1763776084098, "change_id": 98262495600, "instrument_name": "ETH-5DEC25", "bids": [[2771.5, 1000.0], [2771.25, 4856.0], [2770.5, 299.0], [2770.25, 1299.0], [2770.0, 2867.0], [2769.75, 7287.0], [2769.25, 4230.0], [2769.0, 14170.0], [2767.5, 1851.0], [2767.25, 6200.0], [2767.0, 2.0], [2766.5, 333.0], [2766.25, 1114.0], [2765.75, 1341.0], [2765.5, 10522.0], [2765.25, 40000.0], [2764.5, 400.0], [2764.0, 19187.0], [2762.5, 17871.0], [2760.5, 40000.0]], "asks": [[2772.5, 299.0], [2772.75, 2252.0], [2773.0, 4936.0], [2774.5, 3257.0], [2774.75, 14134.0], [2775.25, 1915.0], [2775.5, 10672.0], [2775.75, 18978.0], [2776.5, 2.0], [2779.0, 5256.0], [2779.25, 38151.0], [2780.75, 11.0], [2781.0, 46.0], [2781.25, 77626.0], [2781.5, 400.0], [2784.5, 38502.0], [2787.5, 40000.0], [2791.25, 36410.0], [2792.5, 100.0], [2795.25, 184.0]]}}}
{"jsonrpc": "2.0", "method": "subscription", "params": {"channel": "book.ETH-5DEC25.none.20.100ms", "data": {"timestamp": 1763776084405, "change_id": 98262495902, "instrument_name": "ETH-5DEC25", "bids": [[2771.75, 2000.0], [2771.5, 234.0], [2771.25, 4856.0], [2770.5, 299.0], [2770.25, 1299.0], [2770.0, 2867.0], [2769.75, 7287.0], [2769.25, 4230.0], [2769.0, 14170.0], [2767.5, 1851.0], [2767.25, 6200.0], [2767.0, 2.0], [2766.5, 333.0], [2766.25, 1114.0], [2765.75, 1341.0], [2765.5, 10522.0], [2765.25, 40000.0], [2764.5, 400.0], [2764.0, 19187.0], [2762.5, 17871.0]], "asks": [[2772.5, 299.0], [2772.75, 2252.0], [2773.0, 13735.0], [2774.5, 3257.0], [2774.75, 14134.0], [2775.25, 1915.0], [2775.5, 10672.0], [2775.75, 18978.0], [2776.5, 2.0], [2779.0, 5256.0], [2779.25, 38151.0], [2780.75, 11.0], [2781.0, 46.0], [2781.25, 77626.0], [2781.5, 400.0], [2784.5, 38502.0], [2787.5, 40000.0], [2791.25, 36410.0], [2792.5, 100.0], [2795.25, 184.0]]}}}
{"jsonrpc": "2.0", "method": "subscription", "params": {"channel": "book.ETH-5DEC25.none.20.100ms", "data": {"timestamp": 1763776084701, "change_id": 98262496676, "instrument_name": "ETH-5DEC25", "bids": [[2771.75, 2000.0], [2771.5, 614.0], [2771.25, 4856.0], [2770.5, 299.0], [2770.25, 1299.0], [2770.0, 2867.0], [2769.75, 7287.0], [2769.25, 4230.0], [2769.0, 14170.0], [2767.5, 1851.0], [2767.25, 6200.0], [2767.0, 2.0], [2766.5, 333.0], [2766.25, 1114.0], [2765.75, 1341.0], [2765.5, 10522.0], [2765.25, 40000.0], [2764.5, 400.0], [2764.0, 19187.0], [2762.5, 17871.0]], "asks": [[2772.75, 2252.0], [2773.0, 13735.0], [2774.5, 3257.0], [2774.75, 14134.0], [2775.25, 1915.0], [2775.5, 10672.0], [2775.75, 18978.0], [2776.5, 2.0], [2779.0, 5256.0], [2779.25, 38151.0], [2780.75, 11.0], [2781.0, 46.0], [2781.25, 77626.0], [2781.5, 400.0], [2784.5, 38502.0], [2787.5, 40000.0], [2791.25, 36410.0], [2792.75, 100.0], [2795.25, 184.0], [2795.5, 40000.0]]}}}
{"jsonrpc": "2.0", "method": "subscription", "params": {"channel": "book.ETH-5DEC25.none.20.100ms", "data": {"timestamp": 1763776085121, "change_id": 98262497530, "instrument_name": "ETH-5DEC25", "bids": [[2771.75, 1000.0], [2771.5, 1614.0], [2771.25, 4856.0], [2770.5, 299.0], [2770.25, 1299.0], [2770.0, 2867.0], [2769.75, 6287.0], [2769.25, 4230.0], [2769.0, 14170.0], [2767.5, 1851.0], [2767.25, 6200.0], [2767.0, 2.0], [2766.5, 333.0], [2766.25, 1114.0], [2765.75, 1341.0], [2765.5, 10522.0], [2765.25, 40000.0], [2764.5, 400.0], [2764.0, 19187.0], [2762.5, 17871.0]], "asks": [[2772.75, 2252.0], [2773.0, 4936.0], [2775.25, 1915.0], [2775.5, 10672.0], [2775.75, 18978.0], [2776.5, 2.0], [2779.0, 5256.0], [2779.25, 38151.0], [2780.75, 11.0], [2781.0, 46.0], [2781.25, 77626.0], [2781.5, 400.0], [2784.5, 38502.0], [2787.5, 40000.0], [2791.25, 36410.0], [2792.5, 100.0], [2795.25, 184.0], [2795.5, 40000.0], [2797.75, 24462.0], [2800.75, 24883.0]]}}}
{"jsonrpc": "2.0", "method": "subscription", "params": {"channel": "book.ETH-5DEC25.none.20.100ms", "data": {"timestamp": 1763776085430, "change_id": 98262497993, "instrument_name": "ETH-5DEC25", "bids": [[2771.75, 6148.0], [2771.5, 1000.0], [2770.5, 299.0], [2770.25, 1299.0], [2770.0, 2867.0], [2769.75, 6287.0], [2769.25, 4230.0], [2769.0, 14170.0], [2767.5, 1851.0], [2767.25, 6200.0], [2767.0, 2.0], [2766.5, 333.0], [2766.25, 1114.0], [2765.75, 1341.0], [2765.5, 10522.0], [2765.25, 40000.0], [2764.5, 400.0], [2764.0, 19187.0], [2762.5, 17871.0], [2760.5, 40000.0]], "asks": [[2773.0, 299.0], [2773.25, 2450.0], [2773.5, 4856.0], [2773.75, 80.0], [2775.0, 3245.0], [2775.25, 16336.0], [2775.5, 10672.0], [2775.75, 18978.0], [2776.5, 2.0], [2779.0, 5256.0], [2779.25, 38151.0], [2780.75, 11.0], [2781.0, 46.0], [2781.25, 77626.0], [2781.5, 400.0], [2784.5, 38502.0], [2787.5, 40000.0], [2791.25, 36410.0], [2793.25, 100.0], [2795.25, 184.0]]}}}
{"jsonrpc": "2.0", "method": "subscription", "params": {"channel": "book.ETH-5DEC25.none.20.100ms", "data": {"timestamp": 1763776085780, "change_id": 98262498645, "instrument_name": "ETH-5DEC25", "bids": [[2771.75, 1000.0], [2771.5, 236.0], [2771.25, 4856.0], [2770.5, 299.0], [2770.25, 1299.0], [2770.0, 2867.0], [2769.75, 6287.0], [2769.25, 4230.0], [2769.0, 14170.0], [2767.5, 1851.0], [2767.25, 6200.0], [2767.0, 2.0], [2766.5, 333.0], [2766.25, 1114.0], [2765.75, 1341.0], [2765.5, 10522.0], [2765.25, 40000.0], [2764.5, 400.0], [2764.0, 19187.0], [2762.5, 17871.0]], "asks": [[2772.75, 1323.0], [2773.0, 5856.0], [2773.25, 80.0], [2775.0, 3245.0], [2775.25, 16336.0], [2775.5, 10672.0], [2775.75, 18978.0], [2776.5, 2.0], [2779.0, 5256.0], [2779.25, 38151.0], [2780.75, 11.0], [2781.0, 46.0], [2781.25, 77626.0], [2781.5, 400.0], [2784.5, 38502.0], [2787.5, 40000.0], [2791.25, 36410.0], [2792.75, 100.0], [2795.25, 184.0], [2795.5, 40000.0]]}}}
{"jsonrpc": "2.0", "method": "subscription", "params": {"channel": "book.ETH-5DEC25.none.20.100ms", "data": {"timestamp": 1763776085900, "change_id": 98262498986, "instrument_name": "ETH-5DEC25", "bids": [[2771.75, 1000.0], [2771.5, 236.0], [2771.25, 4856.0], [2770.75, 299.0], [2770.5, 1299.0], [2770.25, 1299.0], [2770.0, 2867.0], [2769.75, 6287.0], [2769.25, 4230.0], [2769.0, 14170.0], [2767.5, 1851.0], [2767.25, 6200.0], [2767.0, 2.0], [2766.5, 333.0], [2766.25, 1114.0], [2765.75, 1341.0], [2765.5, 10522.0], [2765.25, 40000.0], [2764.5, 400.0], [2764.0, 19187.0]], "asks": [[2772.75, 1323.0], [2773.0, 6423.0], [2773.25, 16025.0], [2775.0, 3245.0], [2775.25, 16336.0], [2775.5, 10672.0], [2775.75, 18978.0], [2776.5, 2.0], [2779.0, 5256.0], [2779.25, 38151.0], [2780.75, 11.0], [2781.0, 46.0], [2781.25, 77626.0], [2781.5, 400.0], [2784.5, 38502.0], [2787.5, 40000.0], [2791.25, 36410.0], [2792.75, 100.0], [2795.25, 184.0], [2795.5, 40000.0]]}}}
{"jsonrpc": "2.0", "method": "subscription", "params": {"channel": "book.ETH-5DEC25.none.20.100ms", "data": {"timestamp": 1763776086193, "change_id": 98262499437, "instrument_name": "ETH-5DEC25", "bids": [[2771.75, 1000.0], [2771.5, 236.0], [2771.25, 4856.0], [2770.75, 299.0], [2770.5, 1299.0], [2770.25, 1299.0], [2770.0, 2867.0], [2769.75, 6287.0], [2769.25, 4230.0], [2769.0, 14170.0], [2767.5, 1851.0], [2767.25, 6200.0], [2767.0, 2.0], [2766.5, 333.0], [2766.25, 1114.0], [2765.75, 1341.0], [2765.5, 10522.0], [2765.25, 40000.0], [2764.5, 400.0], [2764.0, 19187.0]], "asks": [[2772.75, 1323.0], [2773.0, 5856.0], [2773.25, 80.0], [2775.0, 3245.0], [2775.25, 16336.0], [2775.5, 10672.0], [2775.75, 18978.0], [2776.5, 2.0], [2779.0, 5256.0], [2779.25, 38151.0], [2780.75, 11.0], [2781.0, 46.0], [2781.25, 77626.0], [2781.5, 400.0], [2784.5, 38502.0], [2787.5, 40000.0], [2791.25, 36410.0], [2792.75, 100.0], [2795.25, 184.0], [2795.5, 40000.0]]}}}
{"jsonrpc": "2.0", "method": "subscription", "params": {"channel": "book.ETH-5DEC25.none.20.100ms", "data": {"timestamp": 1763776086539, "change_id": 98262499807, "instrument_name": "ETH-5DEC25", "bids": [[2771.75, 1000.0], [2771.5, 236.0], [2771.25, 4856.0], [2770.75, 299.0], [2770.5, 1299.0], [2770.25, 1299.0], [2770.0, 2867.0], [2769.75, 6287.0], [2769.25, 4230.0], [2769.0, 14170.0], [2767.5, 1851.0], [2767.25, 6200.0], [2767.0, 2.0], [2766.5, 333.0], [2766.25, 1114.0], [2765.75, 1341.0], [2765.5, 10522.0], [2765.25, 40000.0], [2764.5, 400.0], [2764.0, 19187.0]], "asks": [[2772.75, 1323.0], [2773.0, 6334.0], [2773.25, 3714.0], [2775.0, 3245.0], [2775.25, 16336.0], [2775.5, 10672.0], [2775.75, 18978.0], [2776.5, 2.0], [2779.0, 5256.0], [2779.25, 38151.0], [2780.75, 11.0], [2781.0, 46.0], [2781.25, 77626.0], [2781.5, 400.0], [2784.5, 38502.0], [2787.5, 40000.0], [2791.25, 36410.0], [2792.75, 100.0], [2795.25, 184.0], [2795.5, 40000.0]]}}}
{"jsonrpc": "2.0", "method": "subscription", "params": {"channel": "book.ETH-5DEC25.none.20.100ms", "data": {"timestamp": 1763776087104, "change_id": 98262501082, "instrument_name": "ETH-5DEC25", "bids": [[2771.25, 5856.0], [2770.75, 299.0], [2770.5, 1299.0], [2770.25, 1299.0], [2770.0, 1000.0], [2769.25, 10517.0], [2769.0, 14170.0], [2767.0, 1853.0], [2766.75, 6200.0], [2766.5, 333.0], [2766.25, 1114.0], [2765.75, 1341.0], [2765.5, 4456.0], [2764.5, 400.0], [2764.0, 19187.0], [2763.5, 40000.0], [2762.5, 17871.0], [2760.5, 40000.0], [2759.25, 37467.0], [2757.25, 38432.0]], "asks": [[2772.5, 299.0], [2772.75, 2403.0], [2773.0, 4856.0], [2775.0, 3245.0], [2775.25, 16336.0], [2775.5, 10672.0], [2775.75, 18978.0], [2776.5, 2.0], [2779.0, 5256.0], [2779.25, 38151.0], [2780.75, 11.0], [2781.0, 46.0], [2781.25, 77626.0], [2781.5, 400.0], [2784.5, 38502.0], [2787.5, 40000.0], [2791.25, 36410.0], [2792.75, 100.0], [2795.25, 184.0], [2795.5, 40000.0]]}}}
{"jsonrpc": "2.0", "method": "subscription", "params": {"channel": "book.ETH-5DEC25.none.20.100ms", "data": {"timestamp": 1763776087317, "change_id": 98262501554, "instrument_name": "ETH-5DEC25", "bids": [[2772.0, 1224.0], [2771.75, 7059.0], [2770.75, 299.0], [2770.5, 1299.0], [2770.25, 1299.0], [2770.0, 1000.0], [2769.25, 10517.0], [2769.0, 14170.0], [2767.0, 1853.0], [2766.75, 6200.0], [2766.5, 333.0], [2766.25, 1114.0], [2765.75, 1341.0], [2765.5, 4456.0], [2764.5, 400.0], [2764.0, 19187.0], [2763.5, 40000.0], [2762.5, 17871.0], [2760.5, 40000.0], [2759.25, 37467.0]], "asks": [[2773.0, 2349.0], [2773.25, 1384.0], [2773.5, 4936.0], [2775.0, 3245.0], [2775.25, 16336.0], [2775.5, 10672.0], [2775.75, 18978.0], [2776.5, 2.0], [2779.0, 5256.0], [2779.25, 38151.0], [2780.75, 11.0], [2781.0, 46.0], [2781.25, 77626.0], [2781.5, 400.0], [2784.5, 38502.0], [2787.5, 40000.0], [2791.25, 36410.0], [2793.0, 100.0], [2795.25, 184.0], [2795.5, 40000.0]]}}}
{"jsonrpc": "2.0", "method": "subscription", "params": {"channel": "book.ETH-5DEC25.none.20.100ms", "data": {"timestamp": 1763776087716, "change_id": 98262503400, "instrument_name": "ETH-5DEC25", "bids": [[2772.0, 2224.0], [2771.75, 6059.0], [2770.75, 299.0], [2770.5, 1299.0], [2770.25, 1299.0], [2770.0, 1000.0], [2769.25, 10517.0], [2769.0, 14170.0], [2767.0, 1853.0], [2766.75, 6200.0], [2766.5, 333.0], [2766.25, 1114.0], [2765.75, 1341.0], [2765.5, 4456.0], [2764.5, 400.0], [2764.0, 19187.0], [2763.5, 40000.0], [2762.5, 17871.0], [2760.5, 40000.0], [2759.25, 37467.0]], "asks": [[2773.0, 299.0], [2773.25, 2384.0], [2773.5, 4936.0], [2775.0, 3245.0], [2775.25, 16336.0], [2775.5, 10672.0], [2775.75, 18978.0], [2776.5, 2.0], [2779.0, 5256.0], [2779.25, 38151.0], [2780.75, 11.0], [2781.0, 46.0], [2781.25, 77626.0], [2781.5, 400.0], [2784.5, 38502.0], [2787.5, 40000.0], [2791.25, 36410.0], [2793.0, 100.0], [2795.25, 184.0], [2795.5, 40000.0]]}}}
{"jsonrpc": "2.0", "method": "subscription", "params": {"channel": "book.ETH-5DEC25.none.20.100ms", "data": {"timestamp": 1763776087836, "change_id": 98262503803, "instrument_name": "ETH-5DEC25", "bids": [[2772.0, 2224.0], [2771.75, 5059.0], [2771.25, 299.0], [2771.0, 1000.0], [2769.25, 10517.0], [2769.0, 14170.0], [2767.0, 1853.0], [2766.75, 6200.0], [2766.5, 333.0], [2766.25, 1114.0], [2765.75, 1341.0], [2765.5, 4456.0], [2764.5, 400.0], [2764.0, 19187.0], [2763.5, 40000.0], [2762.5, 17871.0], [2760.5, 40000.0], [2759.25, 37467.0], [2757.25, 38432.0], [2756.75, 37092.0]], "asks": [[2773.0, 299.0], [2773.25, 2384.0], [2773.5, 19634.0], [2775.0, 3245.0], [2775.25, 16336.0], [2775.5, 10672.0], [2775.75, 18978.0], [2776.5, 2.0], [2779.0, 5256.0], [2779.25, 38151.0], [2780.75, 11.0], [2781.0, 46.0], [2781.25, 77626.0], [2781.5, 400.0], [2784.5, 38502.0], [2787.5, 40000.0], [2791.25, 36410.0], [2793.0, 100.0], [2795.25, 184.0], [2795.5, 40000.0]]}}}
{"jsonrpc": "2.0", "method": "subscription", "params": {"channel": "book.ETH-5DEC25.none.20.100ms", "data": {"timestamp": 1763776088397, "change_id": 98262504245, "instrument_name": "ETH-5DEC25", "bids": [[2772.25, 1000.0], [2772.0, 1224.0], [2771.75, 5059.0], [2771.25, 299.0], [2771.0, 1000.0], [2769.5, 6287.0], [2769.25, 4230.0], [2769.0, 14170.0], [2767.5, 1851.0], [2767.25, 6200.0], [2767.0, 2.0], [2766.5, 333.0], [2766.25, 1114.0], [2765.75, 1341.0], [2765.5, 4456.0], [2764.5, 400.0], [2764.0, 19187.0], [2763.5, 40000.0], [2762.5, 17871.0], [2760.5, 40000.0]], "asks": [[2773.0, 299.0], [2773.25, 2384.0], [2773.5, 19634.0], [2775.0, 3245.0], [2775.25, 16336.0], [2775.5, 10672.0], [2775.75, 18978.0], [2776.5, 2.0], [2779.0, 5256.0], [2779.25, 38151.0], [2780.75, 11.0], [2781.0, 46.0], [2781.25, 77626.0], [2781.5, 400.0], [2784.5, 38502.0], [2787.5, 40000.0], [2791.25, 36410.0], [2793.0, 100.0], [2795.25, 184.0], [2795.5, 40000.0]]}}}
{"jsonrpc": "2.0", "method": "subscription", "params": {"channel": "book.ETH-5DEC25.none.20.100ms", "data": {"timestamp": 1763776088520, "change_id": 98262504453, "instrument_name": "ETH-5DEC25", "bids": [[2772.25, 1000.0], [2772.0, 1224.0], [2771.75, 5059.0], [2771.25, 299.0], [2771.0, 1000.0], [2769.5, 6287.0], [2769.25, 4230.0], [2769.0, 14170.0], [2767.5, 1851.0], [2767.25, 6200.0], [2767.0, 2.0], [2766.5, 333.0], [2766.25, 1114.0], [2765.75, 1341.0], [2765.5, 4456.0], [2764.5, 400.0], [2764.0, 19187.0], [2763.5, 40000.0], [2762.5, 17871.0], [2760.5, 40000.0]], "asks": [[2773.0, 299.0], [2773.25, 2384.0], [2773.5, 19634.0], [2775.0, 3245.0], [2775.25, 16336.0], [2775.5, 10672.0], [2775.75, 18978.0], [2776.5, 2.0], [2779.0, 5256.0], [2779.25, 38151.0], [2780.75, 11.0], [2781.0, 46.0], [2781.25, 77626.0], [2781.5, 400.0], [2784.5, 38502.0], [2787.5, 40000.0], [2791.25, 36410.0], [2793.0, 100.0], [2795.25, 184.0], [2795.5, 40000.0]]}}}
{"jsonrpc": "2.0", "method": "subscription", "params": {"channel": "book.ETH-5DEC25.none.20.100ms", "data": {"timestamp": 1763776089078, "change_id": 98262505432, "instrument_name": "ETH-5DEC25", "bids": [[2772.25, 1214.0], [2772.0, 1722.0], [2771.75, 5059.0], [2769.5, 6287.0], [2769.25, 4230.0], [2769.0, 14170.0], [2767.5, 1851.0], [2767.25, 6200.0], [2767.0, 2.0], [2766.5, 333.0], [2766.25, 1114.0], [2765.75, 1341.0], [2765.5, 4456.0], [2764.5, 400.0], [2764.0, 19187.0], [2763.5, 40000.0], [2762.5, 17871.0], [2760.5, 40000.0], [2759.25, 37467.0], [2757.25, 38432.0]], "asks": [[2773.25, 2384.0], [2773.5, 19634.0], [2775.25, 1915.0], [2775.5, 10672.0], [2775.75, 18978.0], [2776.25, 14065.0], [2776.5, 2.0], [2779.0, 5256.0], [2779.25, 38151.0], [2780.75, 11.0], [2781.0, 46.0], [2781.25, 77626.0], [2781.5, 400.0], [2784.5, 38502.0], [2787.5, 40000.0], [2791.25, 36410.0], [2793.0, 100.0], [2795.25, 184.0], [2795.5, 40000.0], [2797.75, 24462.0]]}}}
{"jsonrpc": "2.0", "method": "subscription", "params": {"channel": "book.ETH-5DEC25.none.20.100ms", "data": {"timestamp": 1763776089190, "change_id": 98262505772, "instrument_name": "ETH-5DEC25", "bids": [[2772.25, 6070.0], [2772.0, 1000.0], [2769.5, 6287.0], [2769.25, 4230.0], [2769.0, 14170.0], [2767.0, 2.0], [2766.5, 333.0], [2766.25, 1114.0], [2765.75, 1341.0], [2765.5, 4456.0], [2764.5, 400.0], [2764.0, 19187.0], [2763.5, 40000.0], [2762.5, 17871.0], [2760.5, 40000.0], [2759.25, 37467.0], [2757.25, 38432.0], [2756.75, 37092.0], [2753.5, 40000.0], [2752.25, 100.0]], "asks": [[2773.25, 1384.0], [2773.5, 15778.0], [2773.75, 756.0], [2774.0, 4856.0], [2775.25, 1915.0], [2775.5, 10672.0], [2775.75, 18978.0], [2776.25, 14065.0], [2776.5, 2.0], [2779.0, 5256.0], [2779.25, 38151.0], [2780.75, 11.0], [2781.0, 46.0], [2781.25, 77626.0], [2781.5, 400.0], [2784.5, 38502.0], [2787.5, 40000.0], [2791.25, 36410.0], [2793.25, 100.0], [2795.25, 184.0]]}}}
{"jsonrpc": "2.0", "method": "subscription", "params": {"channel": "book.ETH-5DEC25.none.20.100ms", "data": {"timestamp": 1763776089729, "change_id": 98262506737, "instrument_name": "ETH-5DEC25", "bids": [[2772.25, 1000.0], [2771.75, 1417.0], [2771.5, 4856.0], [2769.75, 1877.0], [2769.5, 6287.0], [2769.25, 4230.0], [2769.0, 14170.0], [2767.0, 2.0], [2766.5, 333.0], [2766.25, 1114.0], [2765.75, 1341.0], [2765.5, 4456.0], [2764.5, 400.0], [2764.0, 19187.0], [2763.5, 40000.0], [2762.5, 17871.0], [2760.5, 40000.0], [2759.25, 37467.0], [2757.25, 38432.0], [2756.75, 37092.0]], "asks": [[2773.25, 2725.0], [2773.5, 4936.0], [2775.25, 1915.0], [2775.5, 10672.0], [2775.75, 18978.0], [2776.25, 14065.0], [2776.5, 2.0], [2779.0, 5256.0], [2779.25, 38151.0], [2780.75, 11.0], [2781.0, 46.0], [2781.25, 77626.0], [2781.5, 400.0], [2784.5, 38502.0], [2787.5, 40000.0], [2791.25, 36410.0], [2793.0, 100.0], [2795.25, 184.0], [2795.5, 40000.0], [2797.75, 24462.0]]}}}
{"jsonrpc": "2.0", "method": "subscription", "params": {"channel": "book.ETH-5DEC25.none.20.100ms", "data": {"timestamp": 1763776090019, "change_id": 98262507431, "instrument_name": "ETH-5DEC25", "bids": [[2772.25, 1000.0], [2772.0, 1000.0], [2771.75, 1417.0], [2771.5, 4856.0], [2769.75, 1877.0], [2769.5, 6287.0], [2769.25, 4230.0], [2769.0, 14170.0], [2767.0, 2.0], [2766.5, 333.0], [2766.25, 1114.0], [2765.75, 1341.0], [2765.5, 4456.0], [2764.5, 400.0], [2764.0, 19187.0], [2763.5, 40000.0], [2762.5, 17871.0], [2760.5, 40000.0], [2759.25, 37467.0], [2757.25, 38432.0]], "asks": [[2773.0, 299.0], [2773.25, 2183.0], [2773.5, 5501.0], [2773.75, 15692.0], [2775.25, 1915.0], [2775.5, 10672.0], [2775.75, 18978.0], [2776.25, 14065.0], [2776.5, 2.0], [2779.0, 5256.0], [2779.25, 38151.0], [2780.75, 11.0], [2781.0, 46.0], [2781.25, 77626.0], [2781.5, 400.0], [2784.5, 38502.0], [2787.5, 40000.0], [2791.25, 36410.0], [2793.25, 100.0], [2795.25, 184.0]]}}}
{"jsonrpc": "2.0", "method": "subscription", "params": {"channel": "book.ETH-5DEC25.none.20.100ms", "data": {"timestamp": 1763776090328, "change_id": 98262507649, "instrument_name": "ETH-5DEC25", "bids": [[2772.25, 1237.0], [2772.0, 1000.0], [2771.75, 1417.0], [2771.5, 4856.0], [2769.75, 1877.0], [2769.5, 6287.0], [2769.25, 4230.0], [2769.0, 14170.0], [2767.0, 2.0], [2766.5, 333.0], [2766.25, 1114.0], [2765.75, 1341.0], [2765.5, 4456.0], [2764.5, 400.0], [2764.0, 19187.0], [2763.5, 40000.0], [2762.5, 17871.0], [2760.5, 40000.0], [2759.25, 37467.0], [2757.25, 38432.0]], "asks": [[2773.25, 2183.0], [2773.5, 5501.0], [2773.75, 15692.0], [2775.25, 1915.0], [2775.5, 10672.0], [2775.75, 18978.0], [2776.25, 14065.0], [2776.5, 2.0], [2779.0, 5256.0], [2779.25, 38151.0], [2780.75, 11.0], [2781.0, 46.0], [2781.25, 77626.0], [2781.5, 400.0], [2784.5, 38502.0], [2787.5, 40000.0], [2791.25, 36410.0], [2793.25, 100.0], [2795.25, 184.0], [2795.5, 40000.0]]}}}
{"jsonrpc": "2.0", "method": "subscription", "params": {"channel": "book.ETH-5DEC25.none.20.100ms", "data": {"timestamp": 1763776090506, "change_id": 98262507807, "instrument_name": "ETH-5DEC25", "bids": [[2772.25, 1237.0], [2772.0, 5856.0], [2769.75, 1877.0], [2769.5, 6287.0], [2769.25, 4230.0], [2769.0, 14170.0], [2767.0, 2.0], [2766.5, 333.0], [2766.25, 1114.0], [2765.75, 1341.0], [2765.5, 4456.0], [2764.5, 400.0], [2764.0, 19187.0], [2763.5, 40000.0], [2762.5, 17871.0], [2760.5, 40000.0], [2759.25, 37467.0], [2757.25, 38432.0], [2756.75, 37092.0], [2753.5, 40000.0]], "asks": [[2773.25, 2183.0], [2773.5, 5501.0], [2773.75, 15692.0], [2775.25, 1915.0], [2775.5, 10672.0], [2775.75, 18978.0], [2776.25, 14065.0], [2776.5, 2.0], [2779.0, 5256.0], [2779.25, 38151.0], [2780.75, 11.0], [2781.0, 46.0], [2781.25, 77626.0], [2781.5, 400.0], [2784.5, 38502.0], [2787.5, 40000.0], [2791.25, 36410.0], [2793.25, 100.0], [2795.25, 184.0], [2795.5, 40000.0]]}}}
{"jsonrpc": "2.0", "method": "subscription", "params": {"channel": "book.ETH-5DEC25.none.20.100ms", "data": {"timestamp": 1763776090946, "change_id": 98262508787, "instrument_name": "ETH-5DEC25", "bids": [[2772.5, 1000.0], [2772.25, 1237.0], [2772.0, 4856.0], [2770.25, 299.0], [2770.0, 7287.0], [2769.25, 4230.0], [2769.0, 14170.0], [2767.0, 2.0], [2766.5, 333.0], [2766.25, 1114.0], [2765.75, 1341.0], [2765.5, 4456.0], [2764.5, 400.0], [2764.0, 19187.0], [2763.5, 40000.0], [2762.5, 17871.0], [2760.5, 40000.0], [2759.25, 37467.0], [2757.25, 38432.0], [2756.75, 37092.0]], "asks": [[2773.25, 2183.0], [2773.5, 5501.0], [2773.75, 15692.0], [2775.25, 1915.0], [2775.5, 10672.0], [2775.75, 18978.0], [2776.25, 14065.0], [2776.5, 2.0], [2779.0, 5256.0], [2779.25, 38151.0], [2780.75, 11.0], [2781.0, 46.0], [2781.25, 77626.0], [2781.5, 400.0], [2784.5, 38502.0], [2787.5, 40000.0], [2791.25, 36410.0], [2793.25, 100.0], [2795.25, 184.0], [2795.5, 40000.0]]}}}
{"jsonrpc": "2.0", "method": "subscription", "params": {"channel": "book.ETH-5DEC25.none.20.100ms", "data": {"timestamp": 1763776091086, "change_id": 98262509025, "instrument_name": "ETH-5DEC25", "bids": [[2772.5, 1000.0], [2772.25, 1237.0], [2772.0, 4856.0], [2770.25, 299.0], [2770.0, 1000.0], [2769.5, 6287.0], [2769.25, 4230.0], [2769.0, 14170.0], [2767.25, 6200.0], [2767.0, 2.0], [2766.5, 333.0], [2766.25, 1114.0], [2765.75, 1341.0], [2765.5, 4456.0], [2764.5, 400.0], [2764.0, 19187.0], [2763.5, 40000.0], [2762.5, 17871.0], [2760.5, 40000.0], [2759.25, 37467.0]], "asks": [[2773.25, 2183.0], [2773.5, 5501.0], [2773.75, 15692.0], [2775.25, 1915.0], [2775.5, 10672.0], [2775.75, 18978.0], [2776.25, 14065.0], [2776.5, 2.0], [2779.0, 5256.0], [2779.25, 38151.0], [2780.75, 11.0], [2781.0, 46.0], [2781.25, 77626.0], [2781.5, 400.0], [2784.5, 38502.0], [2787.5, 40000.0], [2791.25, 36410.0], [2793.25, 100.0], [2795.25, 184.0], [2795.5, 40000.0]]}}}
{"jsonrpc": "2.0", "method": "subscription", "params": {"channel": "book.ETH-5DEC25.none.20.100ms", "data": {"timestamp": 1763776091728, "change_id": 98262509885, "instrument_name": "ETH-5DEC25", "bids": [[2772.5, 1000.0], [2772.25, 1533.0], [2772.0, 4856.0], [2770.25, 299.0], [2770.0, 1000.0], [2769.25, 4230.0], [2769.0, 14170.0], [2767.5, 1851.0], [2767.25, 6200.0], [2767.0, 2.0], [2766.5, 333.0], [2766.25, 1114.0], [2765.75, 1341.0], [2765.5, 4456.0], [2764.5, 400.0], [2764.0, 19187.0], [2763.5, 40000.0], [2762.5, 17871.0], [2760.5, 40000.0], [2759.25, 37467.0]], "asks": [[2773.5, 1014.0], [2773.75, 15692.0], [2775.25, 1915.0], [2775.5, 11672.0], [2775.75, 18978.0], [2776.25, 14065.0], [2776.5, 2.0], [2779.0, 5256.0], [2779.25, 38151.0], [2780.75, 11.0], [2781.0, 46.0], [2781.25, 77626.0], [2781.5, 400.0], [2784.5, 38502.0], [2787.5, 40000.0], [2791.25, 36410.0], [2793.25, 100.0], [2795.25, 184.0], [2795.5, 40000.0], [2797.75, 24462.0]]}}}
{"jsonrpc": "2.0", "method": "subscription", "params": {"channel": "book.ETH-5DEC25.none.20.100ms", "data": {"timestamp": 1763776091936, "change_id": 98262510459, "instrument_name": "ETH-5DEC25", "bids": [[2772.75, 1000.0], [2772.5, 1209.0], [2772.25, 1533.0], [2772.0, 4856.0], [2771.0, 299.0], [2770.75, 1000.0], [2770.5, 1877.0], [2770.25, 6586.0], [2769.25, 4230.0], [2769.0, 14170.0], [2767.75, 6200.0], [2767.0, 2.0], [2766.5, 333.0], [2766.25, 1114.0], [2765.75, 1341.0], [2765.5, 4456.0], [2764.5, 400.0], [2764.0, 19187.0], [2763.5, 40000.0], [2762.5, 17871.0]], "asks": [[2773.5, 1014.0], [2773.75, 16103.0], [2774.0, 4856.0], [2775.25, 1915.0], [2775.5, 11672.0], [2775.75, 18978.0], [2776.25, 14065.0], [2776.5, 2.0], [2779.0, 5256.0], [2779.25, 38151.0], [2780.75, 11.0], [2781.0, 46.0], [2781.25, 77626.0], [2781.5, 400.0], [2784.5, 38502.0], [2787.5, 40000.0], [2791.25, 36410.0], [2793.5, 100.0], [2795.25, 184.0], [2795.5, 40000.0]]}}}
{"jsonrpc": "2.0", "method": "subscription", "params": {"channel": "book.ETH-5DEC25.none.20.100ms", "data": {"timestamp": 1763776092382, "change_id": 98262512234, "instrument_name": "ETH-5DEC25", "bids": [[2773.0, 5856.0], [2772.5, 1000.0], [2772.25, 1000.0], [2770.75, 1000.0], [2770.5, 13746.0], [2767.25, 12487.0], [2767.0, 2.0], [2766.25, 1114.0], [2765.75, 11.0], [2765.5, 4456.0], [2765.25, 40000.0], [2764.5, 400.0], [2762.5, 17871.0], [2760.5, 40000.0], [2759.25, 37467.0], [2757.25, 38432.0], [2756.75, 37092.0], [2753.5, 40000.0], [2753.0, 100.0], [2750.25, 37110.0]], "asks": [[2774.75, 4856.0], [2775.0, 80.0], [2776.5, 2.0], [2778.0, 14533.0], [2780.75, 11.0], [2781.0, 46.0], [2781.25, 77626.0], [2781.5, 400.0], [2784.5, 38502.0], [2787.5, 40000.0], [2791.25, 36410.0], [2794.75, 100.0], [2795.25, 184.0], [2795.5, 40000.0], [2797.75, 24462.0], [2800.75, 24883.0], [2808.0, 1113.0], [2811.5, 24376.0], [2842.5, 4453.0], [2843.75, 71360.0]]}}}
{"jsonrpc": "2.0", "method": "subscription", "params": {"channel": "book.ETH-5DEC25.none.20.100ms", "data": {"timestamp": 1763776092719, "change_id": 98262513337, "instrument_name": "ETH-5DEC25", "bids": [[2773.5, 1000.0], [2773.25, 1420.0], [2773.0, 4856.0], [2772.75, 299.0], [2772.5, 1299.0], [2772.25, 1000.0], [2770.75, 4883.0], [2770.5, 13746.0], [2767.5, 6287.0], [2767.25, 6200.0], [2767.0, 2.0], [2766.25, 1114.0], [2765.75, 11.0], [2765.5, 4456.0], [2765.25, 40000.0], [2764.5, 400.0], [2762.5, 37058.0], [2760.5, 40000.0], [2759.25, 37467.0], [2757.25, 38432.0]], "asks": [[2774.5, 939.0], [2774.75, 4856.0], [2775.0, 80.0], [2775.75, 299.0], [2776.0, 1000.0], [2776.5, 2.0], [2777.5, 1915.0], [2777.75, 10204.0], [2778.0, 14533.0], [2780.0, 4013.0], [2780.25, 18978.0], [2780.75, 11.0], [2781.0, 46.0], [2781.25, 115777.0], [2781.5, 400.0], [2784.5, 38502.0], [2787.5, 40000.0], [2791.25, 36410.0], [2794.75, 100.0], [2795.25, 184.0]]}}}
{"jsonrpc": "2.0", "method": "subscription", "params": {"channel": "book.ETH-5DEC25.none.20.100ms", "data": {"timestamp": 1763776093048, "change_id": 98262514641, "instrument_name": "ETH-5DEC25", "bids": [[2773.75, 1000.0], [2773.5, 1217.0], [2773.25, 1420.0], [2773.0, 4856.0], [2771.5, 299.0], [2771.25, 1000.0], [2771.0, 299.0], [2770.75, 4883.0], [2770.5, 13746.0], [2767.0, 2.0], [2766.75, 1851.0], [2766.5, 6533.0], [2766.25, 1114.0], [2765.75, 11.0], [2765.5, 4456.0], [2765.25, 40000.0], [2764.5, 400.0], [2762.5, 37058.0], [2760.5, 40000.0], [2759.25, 37467.0]], "asks": [[2774.5, 939.0], [2774.75, 4856.0], [2775.0, 80.0], [2775.75, 299.0], [2776.0, 1000.0], [2776.5, 2.0], [2776.75, 3497.0], [2777.0, 14777.0], [2777.5, 1915.0], [2777.75, 6416.0], [2780.0, 4013.0], [2780.25, 18978.0], [2780.75, 11.0], [2781.0, 46.0], [2781.25, 40000.0], [2781.5, 400.0], [2784.5, 76653.0], [2785.25, 37626.0], [2787.5, 40000.0], [2791.25, 36410.0]]}}}
{"jsonrpc": "2.0", "method": "subscription", "params": {"channel": "book.ETH-5DEC25.none.20.100ms", "data": {"timestamp": 1763776093142, "change_id": 98262514822, "instrument_name": "ETH-5DEC25", "bids": [[2773.75, 1000.0], [2773.5, 1217.0], [2773.25, 1420.0], [2773.0, 4856.0], [2771.5, 299.0], [2771.25, 1000.0], [2771.0, 299.0], [2770.75, 4883.0], [2770.5, 13746.0], [2767.0, 2.0], [2766.75, 1851.0], [2766.5, 6533.0], [2766.25, 1114.0], [2765.75, 11.0], [2765.5, 4456.0], [2765.25, 40000.0], [2764.5, 400.0], [2762.5, 37058.0], [2760.5, 40000.0], [2759.25, 37467.0]], "asks": [[2774.5, 939.0], [2774.75, 4856.0], [2775.0, 80.0], [2775.75, 299.0], [2776.0, 1000.0], [2776.5, 2.0], [2776.75, 3497.0], [2777.0, 14777.0], [2777.5, 1915.0], [2777.75, 6416.0], [2780.0, 4013.0], [2780.25, 18978.0], [2780.75, 11.0], [2781.0, 46.0], [2781.25, 40000.0], [2781.5, 400.0], [2784.5, 76653.0], [2785.25, 37626.0], [2787.5, 40000.0], [2791.25, 36410.0]]}}}
{"jsonrpc": "2.0", "method": "subscription", "params": {"channel": "book.ETH-5DEC25.none.20.100ms", "data": {"timestamp": 1763776093637, "change_id": 98262515729, "instrument_name": "ETH-5DEC25", "bids": [[2773.75, 1000.0], [2773.5, 1217.0], [2773.25, 1420.0], [2773.0, 4856.0], [2771.5, 299.0], [2771.25, 1000.0], [2771.0, 299.0], [2770.75, 4883.0], [2770.5, 13746.0], [2767.5, 1877.0], [2767.25, 6287.0], [2767.0, 2.0], [2766.75, 1851.0], [2766.5, 6533.0], [2766.25, 1114.0], [2765.75, 11.0], [2765.5, 4456.0], [2765.25, 40000.0], [2764.5, 400.0], [2762.5, 17871.0]], "asks": [[2774.5, 939.0], [2774.75, 4856.0], [2775.0, 80.0], [2775.5, 299.0], [2775.75, 1000.0], [2776.5, 2.0], [2776.75, 3497.0], [2777.0, 14777.0], [2777.5, 1915.0], [2777.75, 6416.0], [2780.0, 4013.0], [2780.25, 18978.0], [2780.75, 11.0], [2781.0, 46.0], [2781.25, 40000.0], [2781.5, 400.0], [2784.5, 76653.0], [2785.25, 37626.0], [2787.5, 40000.0], [2791.25, 36410.0]]}}}
{"jsonrpc": "2.0", "method": "subscription", "params": {"channel": "book.ETH-5DEC25.none.20.100ms", "data": {"timestamp": 1763776093741, "change_id": 98262515951, "instrument_name": "ETH-5DEC25", "bids": [[2773.75, 1000.0], [2773.5, 1217.0], [2773.25, 1420.0], [2773.0, 4856.0], [2772.0, 299.0], [2771.75, 1000.0], [2771.5, 299.0], [2771.25, 1000.0], [2771.0, 299.0], [2770.75, 4883.0], [2770.5, 13746.0], [2767.5, 1877.0], [2767.25, 6287.0], [2767.0, 2.0], [2766.75, 1851.0], [2766.5, 6533.0], [2766.25, 1114.0], [2765.75, 11.0], [2765.5, 4456.0], [2765.25, 40000.0]], "asks": [[2774.5, 939.0], [2774.75, 4856.0], [2775.0, 80.0], [2775.5, 299.0], [2775.75, 1000.0], [2776.5, 2.0], [2776.75, 3497.0], [2777.0, 14777.0], [2777.5, 1915.0], [2777.75, 6416.0], [2780.0, 4013.0], [2780.25, 18978.0], [2780.75, 11.0], [2781.0, 46.0], [2781.25, 40000.0], [2781.5, 400.0], [2784.5, 76653.0], [2785.25, 37626.0], [2787.5, 40000.0], [2791.25, 36410.0]]}}}
{"jsonrpc": "2.0", "method": "subscription", "params": {"channel": "book.ETH-5DEC25.none.20.100ms", "data": {"timestamp": 1763776094349, "change_id": 98262516805, "instrument_name": "ETH-5DEC25", "bids": [[2773.75, 1000.0], [2773.5, 1217.0], [2773.25, 1420.0], [2773.0, 4856.0], [2772.0, 299.0], [2771.75, 1000.0], [2771.5, 299.0], [2771.25, 1000.0], [2771.0, 299.0], [2770.75, 4883.0], [2770.5, 13746.0], [2767.5, 1877.0], [2767.25, 6287.0], [2767.0, 2.0], [2766.75, 1851.0], [2766.5, 6533.0], [2766.25, 1114.0], [2765.75, 11.0], [2765.5, 4456.0], [2765.25, 40000.0]], "asks": [[2774.5, 939.0], [2774.75, 4856.0], [2775.0, 80.0], [2775.25, 299.0], [2775.5, 1000.0], [2776.5, 2.0], [2776.75, 3497.0], [2777.0, 14777.0], [2777.5, 1915.0], [2777.75, 6416.0], [2780.0, 4013.0], [2780.25, 18978.0], [2780.75, 11.0], [2781.25, 40000.0], [2781.5, 400.0], [2784.5, 76653.0], [2785.25, 37626.0], [2787.5, 40000.0], [2791.25, 36410.0], [2794.5, 100.0]]}}}
{"jsonrpc": "2.0", "method": "subscription", "params": {"channel": "book.ETH-5DEC25.none.20.100ms", "data": {"timestamp": 1763776094917, "change_id": 98262517778, "instrument_name": "ETH-5DEC25", "bids": [[2773.75, 1000.0], [2773.5, 4218.0], [2773.25, 1000.0], [2772.0, 299.0], [2771.75, 1000.0], [2771.5, 299.0], [2771.25, 1000.0], [2771.0, 299.0], [2770.75, 4883.0], [2770.5, 13746.0], [2767.5, 1877.0], [2767.25, 6287.0], [2767.0, 2.0], [2766.75, 1851.0], [2766.5, 6533.0], [2766.25, 1114.0], [2765.75, 11.0], [2765.5, 4456.0], [2765.25, 40000.0], [2764.5, 400.0]], "asks": [[2774.5, 822.0], [2774.75, 4001.0], [2775.0, 80.0], [2775.25, 299.0], [2775.5, 1000.0], [2776.75, 3497.0], [2777.0, 14777.0], [2777.5, 1915.0], [2777.75, 6416.0], [2780.0, 4013.0], [2780.25, 18978.0], [2780.75, 11.0], [2781.25, 40000.0], [2781.5, 400.0], [2784.5, 76653.0], [2785.25, 37626.0], [2787.5, 40000.0], [2791.0, 2.0], [2791.25, 36410.0], [2794.5, 100.0]]}}}
{"jsonrpc": "2.0", "method": "subscription", "params": {"channel": "book.ETH-5DEC25.none.20.100ms", "data": {"timestamp": 1763776095325, "change_id": 98262518111, "instrument_name": "ETH-5DEC25", "bids": [[2773.75, 1000.0], [2773.5, 4218.0], [2773.25, 1000.0], [2772.0, 299.0], [2771.75, 1000.0], [2771.5, 299.0], [2771.25, 1000.0], [2771.0, 299.0], [2770.75, 4883.0], [2770.5, 13746.0], [2767.5, 1877.0], [2767.25, 6287.0], [2767.0, 2.0], [2766.75, 1851.0], [2766.5, 6533.0], [2766.25, 1114.0], [2765.75, 11.0], [2765.5, 4456.0], [2765.25, 40000.0], [2764.5, 400.0]], "asks": [[2774.5, 822.0], [2774.75, 4001.0], [2775.0, 379.0], [2775.25, 1000.0], [2776.75, 3497.0], [2777.0, 14777.0], [2777.5, 1915.0], [2777.75, 6416.0], [2780.0, 4013.0], [2780.25, 18978.0], [2780.75, 11.0], [2781.25, 40000.0], [2781.5, 400.0], [2784.5, 76653.0], [2785.25, 37626.0], [2787.5, 40000.0], [2791.0, 2.0], [2791.25, 36410.0], [2794.5, 100.0], [2795.25, 230.0]]}}}
{"jsonrpc": "2.0", "method": "subscription", "params": {"channel": "book.ETH-5DEC25.none.20.100ms", "data": {"timestamp": 1763776095717, "change_id": 98262518928, "instrument_name": "ETH-5DEC25", "bids": [[2773.75, 1000.0], [2773.5, 4218.0], [2772.25, 1000.0], [2772.0, 299.0], [2771.75, 1000.0], [2771.5, 299.0], [2771.25, 1000.0], [2771.0, 299.0], [2770.75, 4883.0], [2770.5, 13746.0], [2767.5, 1877.0], [2767.25, 6287.0], [2767.0, 2.0], [2766.75, 1851.0], [2766.5, 6533.0], [2766.25, 1114.0], [2765.75, 11.0], [2765.5, 4456.0], [2765.25, 40000.0], [2764.5, 400.0]], "asks": [[2774.5, 822.0], [2774.75, 4001.0], [2775.0, 379.0], [2775.25, 1000.0], [2776.75, 3497.0], [2777.0, 14777.0], [2777.5, 1915.0], [2777.75, 6416.0], [2780.0, 4013.0], [2780.25, 18978.0], [2780.75, 11.0], [2781.25, 40000.0], [2781.5, 400.0], [2784.5, 76653.0], [2785.25, 37626.0], [2787.5, 40000.0], [2791.0, 2.0], [2791.25, 36410.0], [2794.5, 100.0], [2795.25, 230.0]]}}}
{"jsonrpc": "2.0", "method": "subscription", "params": {"channel": "book.ETH-5DEC25.none.20.100ms", "data": {"timestamp": 1763776096250, "change_id": 98262519740, "instrument_name": "ETH-5DEC25", "bids": [[2773.75, 1000.0], [2773.5, 4218.0], [2772.5, 299.0], [2772.25, 1000.0], [2772.0, 299.0], [2771.75, 1000.0], [2771.5, 299.0], [2771.25, 1000.0], [2771.0, 299.0], [2770.75, 4883.0], [2770.5, 13746.0], [2767.5, 1877.0], [2767.25, 6287.0], [2767.0, 2.0], [2766.75, 1851.0], [2766.5, 6533.0], [2766.25, 1114.0], [2765.75, 11.0], [2765.5, 4456.0], [2765.25, 40000.0]], "asks": [[2774.5, 822.0], [2774.75, 5001.0], [2775.0, 80.0], [2776.75, 3497.0], [2777.0, 14777.0], [2777.5, 1915.0], [2777.75, 6416.0], [2780.0, 4013.0], [2780.25, 18978.0], [2780.75, 11.0], [2781.25, 40000.0], [2781.5, 400.0], [2784.5, 76653.0], [2785.25, 37626.0], [2787.5, 40000.0], [2791.0, 2.0], [2791.25, 36410.0], [2794.5, 100.0], [2795.25, 230.0], [2795.5, 40000.0]]}}}
{"jsonrpc": "2.0", "method": "subscription", "params": {"channel": "book.ETH-5DEC25.none.20.100ms", "data": {"timestamp": 1763776096962, "change_id": 98262521046, "instrument_name": "ETH-5DEC25", "bids": [[2773.75, 1228.0], [2773.5, 4218.0], [2772.5, 299.0], [2772.25, 1000.0], [2772.0, 299.0], [2771.75, 1000.0], [2771.5, 299.0], [2771.25, 1000.0], [2771.0, 299.0], [2770.75, 4883.0], [2770.5, 13746.0], [2767.5, 1877.0], [2767.25, 6287.0], [2767.0, 2.0], [2766.75, 1851.0], [2766.5, 6533.0], [2766.25, 1114.0], [2765.75, 11.0], [2765.5, 4456.0], [2765.25, 40000.0]], "asks": [[2774.75, 4001.0], [2775.0, 80.0], [2776.25, 299.0], [2776.5, 1000.0], [2776.75, 3497.0], [2777.0, 14777.0], [2777.5, 1915.0], [2777.75, 6416.0], [2780.0, 4013.0], [2780.25, 18978.0], [2780.75, 11.0], [2781.25, 40000.0], [2781.5, 400.0], [2784.5, 76653.0], [2785.25, 37626.0], [2787.5, 40000.0], [2791.0, 2.0], [2791.25, 36410.0], [2794.75, 100.0], [2795.25, 230.0]]}}}
{"jsonrpc": "2.0", "method": "subscription", "params": {"channel": "book.ETH-5DEC25.none.20.100ms", "data": {"timestamp": 1763776097222, "change_id": 98262521539, "instrument_name": "ETH-5DEC25", "bids": [[2773.75, 1228.0], [2773.5, 4218.0], [2772.5, 299.0], [2772.25, 1000.0], [2772.0, 299.0], [2771.75, 1000.0], [2771.5, 299.0], [2771.25, 1000.0], [2771.0, 299.0], [2770.75, 4883.0], [2770.5, 13746.0], [2767.5, 1877.0], [2767.25, 6287.0], [2767.0, 2.0], [2766.75, 1851.0], [2766.5, 6533.0], [2766.25, 1514.0], [2765.75, 11.0], [2765.5, 4456.0], [2765.25, 40000.0]], "asks": [[2775.0, 1173.0], [2775.25, 4001.0], [2776.25, 299.0], [2776.5, 1000.0], [2776.75, 3497.0], [2777.0, 14777.0], [2777.5, 1915.0], [2777.75, 6416.0], [2780.0, 4013.0], [2780.25, 18978.0], [2780.75, 11.0], [2781.25, 40000.0], [2781.5, 400.0], [2784.5, 76653.0], [2785.25, 37626.0], [2787.5, 40000.0], [2791.0, 2.0], [2791.25, 36410.0], [2795.0, 100.0], [2795.25, 230.0]]}}}
{"jsonrpc": "2.0", "method": "subscription", "params": {"channel": "book.ETH-5DEC25.none.20.100ms", "data": {"timestamp": 1763776097579, "change_id": 98262521947, "instrument_name": "ETH-5DEC25", "bids": [[2773.75, 1228.0], [2773.5, 4218.0], [2772.5, 299.0], [2772.25, 1000.0], [2772.0, 299.0], [2771.75, 1000.0], [2771.5, 299.0], [2771.25, 1000.0], [2771.0, 299.0], [2770.75, 4883.0], [2770.5, 13746.0], [2767.5, 1877.0], [2767.25, 6287.0], [2767.0, 2.0], [2766.75, 1851.0], [2766.5, 6533.0], [2766.25, 1514.0], [2765.75, 11.0], [2765.5, 4456.0], [2765.25, 40000.0]], "asks": [[2775.0, 1173.0], [2775.25, 4541.0], [2775.5, 7859.0], [2776.25, 1000.0], [2776.75, 3497.0], [2777.0, 14777.0], [2777.5, 1915.0], [2777.75, 6416.0], [2780.0, 4013.0], [2780.25, 18978.0], [2780.75, 11.0], [2781.25, 40000.0], [2781.5, 400.0], [2784.5, 76653.0], [2785.25, 37626.0], [2787.5, 40000.0], [2791.0, 2.0], [2791.25, 36410.0], [2795.0, 100.0], [2795.25, 230.0]]}}}
{"jsonrpc": "2.0", "method": "subscription", "params": {"channel": "book.ETH-5DEC25.none.20.100ms", "data": {"timestamp": 1763776097887, "change_id": 98262522732, "instrument_name": "ETH-5DEC25", "bids": [[2773.75, 1228.0], [2773.5, 4218.0], [2772.5, 299.0], [2772.25, 1000.0], [2772.0, 299.0], [2771.75, 1000.0], [2771.5, 299.0], [2771.25, 1000.0], [2771.0, 299.0], [2770.75, 4883.0], [2770.5, 13746.0], [2767.5, 1877.0], [2767.25, 6287.0], [2767.0, 2.0], [2766.75, 1851.0], [2766.5, 6533.0], [2766.25, 1514.0], [2765.75, 11.0], [2765.5, 4456.0], [2765.25, 40000.0]], "asks": [[2775.0, 1173.0], [2775.25, 4541.0], [2775.5, 7859.0], [2776.0, 1000.0], [2776.75, 3497.0], [2777.0, 14777.0], [2777.5, 1915.0], [2777.75, 6416.0], [2780.0, 4013.0], [2780.25, 18978.0], [2780.75, 11.0], [2781.25, 40000.0], [2781.5, 400.0], [2784.5, 76653.0], [2785.25, 37626.0], [2787.5, 40000.0], [2791.0, 2.0], [2791.25, 36410.0], [2795.0, 100.0], [2795.25, 230.0]]}}}
{"jsonrpc": "2.0", "method": "subscription", "params": {"channel": "book.ETH-5DEC25.none.20.100ms", "data": {"timestamp": 1763776098335, "change_id": 98262523441, "instrument_name": "ETH-5DEC25", "bids": [[2774.0, 5001.0], [2772.5, 299.0], [2772.25, 1000.0], [2772.0, 299.0], [2771.75, 1000.0], [2771.5, 299.0], [2771.25, 1000.0], [2771.0, 299.0], [2770.75, 4883.0], [2770.5, 13746.0], [2767.0, 2.0], [2766.5, 333.0], [2766.25, 1514.0], [2765.75, 11.0], [2765.5, 4456.0], [2765.25, 40000.0], [2762.5, 17871.0], [2760.5, 40000.0], [2760.25, 19187.0], [2759.25, 37467.0]], "asks": [[2775.25, 1157.0], [2775.5, 11860.0], [2775.75, 379.0], [2776.0, 1000.0], [2776.75, 3497.0], [2777.0, 14777.0], [2777.5, 1915.0], [2777.75, 6416.0], [2780.75, 11.0], [2781.5, 400.0], [2783.0, 40000.0], [2784.5, 76653.0], [2785.25, 37626.0], [2787.5, 40000.0], [2791.0, 2.0], [2791.25, 36410.0], [2795.0, 100.0], [2795.25, 230.0], [2795.5, 40000.0], [2797.75, 24462.0]]}}}
{"jsonrpc": "2.0", "method": "subscription", "params": {"channel": "book.ETH-5DEC25.none.20.100ms", "data": {"timestamp": 1763776098570, "change_id": 98262524016, "instrument_name": "ETH-5DEC25", "bids": [[2774.25, 2000.0], [2774.0, 4001.0], [2772.5, 299.0], [2772.25, 1000.0], [2772.0, 299.0], [2771.75, 1000.0], [2771.5, 299.0], [2771.25, 1000.0], [2771.0, 299.0], [2770.75, 4883.0], [2770.5, 13746.0], [2768.0, 1877.0], [2767.75, 6287.0], [2767.0, 6202.0], [2766.5, 333.0], [2766.25, 1514.0], [2765.75, 11.0], [2765.5, 4456.0], [2765.25, 40000.0], [2762.5, 17871.0]], "asks": [[2775.25, 1157.0], [2775.5, 11860.0], [2775.75, 379.0], [2776.0, 1000.0], [2776.75, 3497.0], [2777.0, 14777.0], [2777.5, 1915.0], [2777.75, 6416.0], [2780.75, 11.0], [2781.5, 400.0], [2783.0, 40000.0], [2783.25, 18978.0], [2784.5, 76653.0], [2785.25, 37626.0], [2787.5, 40000.0], [2791.0, 2.0], [2791.25, 36410.0], [2795.25, 330.0], [2795.5, 40000.0], [2797.75, 24462.0]]}}}
{"jsonrpc": "2.0", "method": "subscription", "params": {"channel": "book.ETH-5DEC25.none.20.100ms", "data": {"timestamp": 1763776098813, "change_id": 98262524681, "instrument_name": "ETH-5DEC25", "bids": [[2774.25, 1000.0], [2774.0, 4001.0], [2772.5, 299.0], [2772.25, 1000.0], [2772.0, 299.0], [2771.75, 1000.0], [2771.5, 299.0], [2771.25, 1000.0], [2771.0, 299.0], [2770.75, 4883.0], [2770.5, 13746.0], [2768.25, 12487.0], [2767.0, 2.0], [2766.5, 333.0], [2766.25, 1514.0], [2765.75, 11.0], [2765.5, 4456.0], [2765.25, 40000.0], [2762.5, 17871.0], [2760.5, 40000.0]], "asks": [[2775.25, 1157.0], [2775.5, 4001.0], [2775.75, 379.0], [2776.0, 1000.0], [2776.75, 3497.0], [2777.0, 14777.0], [2777.5, 1915.0], [2777.75, 6416.0], [2780.75, 11.0], [2781.5, 400.0], [2783.0, 40000.0], [2783.25, 18978.0], [2784.5, 76653.0], [2785.25, 37626.0], [2787.5, 40000.0], [2791.0, 2.0], [2791.25, 36410.0], [2795.25, 330.0], [2795.5, 40000.0], [2797.75, 24462.0]]}}}
{"jsonrpc": "2.0", "method": "subscription", "params": {"channel": "book.ETH-5DEC25.none.20.100ms", "data": {"timestamp": 1763776099121, "change_id": 98262525442, "instrument_name": "ETH-5DEC25", "bids": [[2774.25, 1236.0], [2774.0, 4001.0], [2772.5, 299.0], [2772.25, 1000.0], [2772.0, 299.0], [2771.75, 1000.0], [2771.5, 299.0], [2771.25, 1000.0], [2771.0, 299.0], [2770.75, 4883.0], [2770.5, 13746.0], [2767.25, 12487.0], [2767.0, 2.0], [2766.5, 333.0], [2766.25, 1514.0], [2765.75, 11.0], [2765.5, 4456.0], [2765.25, 40000.0], [2762.5, 17871.0], [2760.5, 40000.0]], "asks": [[2775.25, 1157.0], [2775.5, 4001.0], [2775.75, 379.0], [2776.0, 1000.0], [2777.5, 1915.0], [2777.75, 8289.0], [2778.0, 14177.0], [2780.75, 11.0], [2781.5, 400.0], [2783.0, 40000.0], [2783.25, 18978.0], [2784.5, 76653.0], [2785.25, 37626.0], [2787.5, 40000.0], [2791.0, 2.0], [2791.25, 36410.0], [2795.25, 330.0], [2795.5, 40000.0], [2797.75, 24462.0], [2800.75, 24883.0]]}}}
{"jsonrpc": "2.0", "method": "subscription", "params": {"channel": "book.ETH-5DEC25.none.20.100ms", "data": {"timestamp": 1763776099455, "change_id": 98262525739, "instrument_name": "ETH-5DEC25", "bids": [[2774.25, 1236.0], [2774.0, 4001.0], [2772.5, 299.0], [2772.25, 1000.0], [2772.0, 299.0], [2771.75, 1000.0], [2771.5, 299.0], [2771.25, 1000.0], [2771.0, 299.0], [2770.75, 4883.0], [2770.5, 13746.0], [2767.25, 12487.0], [2767.0, 2.0], [2766.5, 333.0], [2766.25, 1514.0], [2765.75, 11.0], [2765.5, 4456.0], [2765.25, 40000.0], [2762.5, 17871.0], [2760.5, 40000.0]], "asks": [[2775.25, 1157.0], [2775.5, 4322.0], [2775.75, 16339.0], [2776.0, 1000.0], [2777.5, 1915.0], [2777.75, 8289.0], [2778.0, 14177.0], [2780.75, 11.0], [2781.5, 400.0], [2783.0, 40000.0], [2783.25, 18978.0], [2784.5, 76653.0], [2785.25, 37626.0], [2787.5, 40000.0], [2791.0, 2.0], [2791.25, 36410.0], [2795.25, 330.0], [2795.5, 40000.0], [2797.75, 24462.0], [2800.75, 24883.0]]}}}
{"jsonrpc": "2.0", "method": "subscription", "params": {"channel": "book.ETH-5DEC25.none.20.100ms", "data": {"timestamp": 1763776099698, "change_id": 98262526252, "instrument_name": "ETH-5DEC25", "bids": [[2774.25, 1236.0], [2774.0, 4001.0], [2772.5, 299.0], [2772.25, 1000.0], [2772.0, 299.0], [2771.75, 1000.0], [2771.5, 299.0], [2771.25, 1000.0], [2771.0, 299.0], [2770.75, 4883.0], [2770.5, 13746.0], [2767.25, 12487.0], [2767.0, 2.0], [2766.5, 333.0], [2766.25, 1514.0], [2765.75, 11.0], [2765.5, 4456.0], [2765.25, 40000.0], [2762.5, 17871.0], [2760.5, 40000.0]], "asks": [[2775.25, 1157.0], [2775.5, 4322.0], [2775.75, 16339.0], [2776.0, 1000.0], [2777.5, 1915.0], [2777.75, 8289.0], [2778.0, 14177.0], [2780.75, 11.0], [2781.5, 400.0], [2783.0, 40000.0], [2783.25, 18978.0], [2784.5, 76653.0], [2785.25, 37626.0], [2787.5, 40000.0], [2791.0, 2.0], [2791.25, 36410.0], [2795.25, 330.0], [2795.5, 40000.0], [2797.75, 24462.0], [2800.75, 24883.0]]}}}
{"jsonrpc": "2.0", "method": "subscription", "params": {"channel": "book.ETH-5DEC25.none.20.100ms", "data": {"timestamp": 1763776100378, "change_id": 98262526999, "instrument_name": "ETH-5DEC25", "bids": [[2774.25, 1236.0], [2774.0, 4001.0], [2772.5, 299.0], [2772.25, 1000.0], [2772.0, 299.0], [2771.75, 1000.0], [2771.5, 299.0], [2771.25, 1000.0], [2771.0, 299.0], [2770.75, 4883.0], [2770.5, 13746.0], [2767.25, 12487.0], [2767.0, 2.0], [2766.5, 333.0], [2766.25, 1514.0], [2765.75, 11.0], [2765.5, 4456.0], [2765.25, 40000.0], [2762.5, 17871.0], [2760.5, 40000.0]], "asks": [[2775.25, 1157.0], [2775.5, 4322.0], [2775.75, 17339.0], [2777.5, 1915.0], [2777.75, 8289.0], [2778.0, 14177.0], [2780.75, 11.0], [2781.5, 400.0], [2783.0, 40000.0], [2783.25, 18978.0], [2784.5, 76653.0], [2785.25, 37626.0], [2787.5, 40000.0], [2791.0, 2.0], [2791.25, 36410.0], [2795.25, 330.0], [2795.5, 40000.0], [2797.75, 24462.0], [2800.75, 24883.0], [2808.0, 1113.0]]}}}
{"jsonrpc": "2.0", "method": "subscription", "params": {"channel": "book.ETH-5DEC25.none.20.100ms", "data": {"timestamp": 1763776100916, "change_id": 98262527958, "instrument_name": "ETH-5DEC25", "bids": [[2774.5, 1000.0], [2774.25, 1236.0], [2774.0, 4001.0], [2772.5, 299.0], [2772.25, 1000.0], [2772.0, 299.0], [2771.75, 1000.0], [2771.5, 299.0], [2771.25, 1000.0], [2771.0, 299.0], [2770.75, 4883.0], [2770.5, 13746.0], [2767.25, 12487.0], [2767.0, 2.0], [2766.5, 333.0], [2766.25, 1514.0], [2765.75, 11.0], [2765.5, 4456.0], [2765.25, 40000.0], [2762.5, 17871.0]], "asks": [[2775.25, 1157.0], [2775.5, 5322.0], [2775.75, 16339.0], [2777.5, 1915.0], [2777.75, 8289.0], [2778.0, 14177.0], [2780.75, 11.0], [2781.5, 400.0], [2783.0, 40000.0], [2783.25, 18978.0], [2784.5, 76653.0], [2785.25, 37626.0], [2787.5, 40000.0], [2791.0, 2.0], [2791.25, 36410.0], [2795.25, 330.0], [2795.5, 40000.0], [2797.75, 24462.0], [2800.75, 24883.0], [2808.0, 1113.0]]}}}
{"jsonrpc": "2.0", "method": "subscription", "params": {"channel": "book.ETH-5DEC25.none.20.100ms", "data": {"timestamp": 1763776101051, "change_id": 98262528183, "instrument_name": "ETH-5DEC25", "bids": [[2774.5, 1000.0], [2774.25, 1236.0], [2774.0, 4001.0], [2772.5, 299.0], [2772.25, 1000.0], [2772.0, 299.0], [2771.75, 1000.0], [2771.5, 299.0], [2771.25, 1000.0], [2771.0, 299.0], [2770.75, 4883.0], [2770.5, 13746.0], [2767.25, 12487.0], [2767.0, 2.0], [2766.5, 333.0], [2766.25, 1514.0], [2765.75, 11.0], [2765.5, 4456.0], [2765.25, 40000.0], [2762.5, 17871.0]], "asks": [[2775.25, 1157.0], [2775.5, 5001.0], [2775.75, 80.0], [2777.5, 1915.0], [2777.75, 8289.0], [2778.0, 14177.0], [2780.75, 11.0], [2781.5, 400.0], [2783.0, 40000.0], [2783.25, 18978.0], [2784.5, 76653.0], [2785.25, 37626.0], [2787.5, 40000.0], [2791.0, 2.0], [2791.25, 36410.0], [2795.25, 330.0], [2795.5, 40000.0], [2797.75, 24462.0], [2800.75, 24883.0], [2808.0, 1113.0]]}}}
{"jsonrpc": "2.0", "method": "subscription", "params": {"channel": "book.ETH-5DEC25.none.20.100ms", "data": {"timestamp": 1763776101635, "change_id": 98262528744, "instrument_name": "ETH-5DEC25", "bids": [[2774.5, 1000.0], [2774.25, 1236.0], [2774.0, 4001.0], [2772.5, 299.0], [2772.25, 1000.0], [2772.0, 299.0], [2771.75, 1000.0], [2771.5, 299.0], [2771.25, 1000.0], [2770.75, 3883.0], [2770.5, 13746.0], [2767.25, 12487.0], [2767.0, 2.0], [2766.5, 333.0], [2766.25, 1514.0], [2765.75, 11.0], [2765.5, 4456.0], [2765.25, 40000.0], [2762.5, 17871.0], [2760.5, 40000.0]], "asks": [[2775.25, 1157.0], [2775.5, 5001.0], [2775.75, 16040.0], [2777.5, 1915.0], [2777.75, 8289.0], [2778.0, 14177.0], [2780.75, 11.0], [2781.5, 400.0], [2783.0, 40000.0], [2783.25, 18978.0], [2784.5, 76653.0], [2785.25, 37626.0], [2787.5, 40000.0], [2791.0, 2.0], [2791.25, 36410.0], [2795.25, 330.0], [2795.5, 40000.0], [2797.75, 24462.0], [2800.75, 24883.0], [2808.0, 1113.0]]}}}
{"jsonrpc": "2.0", "method": "subscription", "params": {"channel": "book.ETH-5DEC25.none.20.100ms", "data": {"timestamp": 1763776101652, "change_id": 98262528755, "instrument_name": "ETH-5DEC25", "bids": [[2774.5, 1000.0], [2774.25, 1236.0], [2774.0, 4001.0], [2773.0, 299.0], [2772.75, 1000.0], [2772.5, 299.0], [2772.25, 1000.0], [2772.0, 299.0], [2771.75, 1000.0], [2770.75, 3883.0], [2770.5, 13746.0], [2767.25, 12487.0], [2767.0, 2.0], [2766.5, 333.0], [2766.25, 1514.0], [2765.75, 11.0], [2765.5, 4456.0], [2765.25, 40000.0], [2762.5, 17871.0], [2760.5, 40000.0]], "asks": [[2775.25, 1157.0], [2775.5, 5001.0], [2775.75, 16040.0], [2777.5, 1915.0], [2777.75, 8289.0], [2778.0, 14177.0], [2780.75, 11.0], [2781.5, 400.0], [2783.0, 40000.0], [2783.25, 18978.0], [2784.5, 76653.0], [2785.25, 37626.0], [2787.5, 40000.0], [2791.0, 2.0], [2791.25, 36410.0], [2795.25, 330.0], [2795.5, 40000.0], [2797.75, 24462.0], [2800.75, 24883.0], [2808.0, 1113.0]]}}}
{"jsonrpc": "2.0", "method": "subscription", "params": {"channel": "book.ETH-5DEC25.none.20.100ms", "data": {"timestamp": 1763776102625, "change_id": 98262530147, "instrument_name": "ETH-5DEC25", "bids": [[2774.5, 1000.0], [2774.25, 1236.0], [2774.0, 4001.0], [2773.0, 299.0], [2772.75, 1000.0], [2772.5, 299.0], [2772.25, 1000.0], [2770.75, 3883.0], [2770.5, 13746.0], [2767.5, 3727.0], [2767.25, 12487.0], [2767.0, 2.0], [2766.5, 333.0], [2766.25, 1514.0], [2765.75, 11.0], [2765.5, 4456.0], [2765.25, 40000.0], [2762.5, 17871.0], [2760.5, 40000.0], [2760.25, 19187.0]], "asks": [[2775.25, 1157.0], [2775.5, 5001.0], [2775.75, 16040.0], [2777.5, 1915.0], [2777.75, 8289.0], [2778.0, 14177.0], [2780.75, 11.0], [2781.5, 400.0], [2783.0, 40000.0], [2783.25, 18978.0], [2784.5, 76653.0], [2785.25, 37626.0], [2787.5, 40000.0], [2791.0, 2.0], [2791.25, 36410.0], [2795.25, 330.0], [2795.5, 40000.0], [2797.75, 24462.0], [2800.75, 24883.0], [2808.0, 1113.0]]}}}
{"jsonrpc": "2.0", "method": "subscription", "params": {"channel": "book.ETH-5DEC25.none.20.100ms", "data": {"timestamp": 1763776102673, "change_id": 98262530172, "instrument_name": "ETH-5DEC25", "bids": [[2774.5, 1000.0], [2774.25, 1236.0], [2774.0, 4001.0], [2773.5, 299.0], [2773.25, 1000.0], [2773.0, 299.0], [2772.75, 1000.0], [2770.75, 3883.0], [2770.5, 13746.0], [2767.5, 3727.0], [2767.25, 12487.0], [2767.0, 2.0], [2766.5, 333.0], [2766.25, 1514.0], [2765.75, 11.0], [2765.5, 4456.0], [2765.25, 40000.0], [2762.5, 17871.0], [2760.5, 40000.0], [2760.25, 19187.0]], "asks": [[2775.25, 1157.0], [2775.5, 5001.0], [2775.75, 16040.0], [2777.5, 1915.0], [2777.75, 8289.0], [2778.0, 14177.0], [2780.75, 11.0], [2781.5, 400.0], [2783.0, 40000.0], [2783.25, 18978.0], [2784.5, 76653.0], [2785.25, 37626.0], [2787.5, 40000.0], [2791.0, 2.0], [2791.25, 36410.0], [2795.25, 330.0], [2795.5, 40000.0], [2797.75, 24462.0], [2800.75, 24883.0], [2808.0, 1113.0]]}}}
{"jsonrpc": "2.0", "method": "subscription", "params": {"channel": "book.ETH-5DEC25.none.20.100ms", "data": {"timestamp": 1763776103266, "change_id": 98262530974, "instrument_name": "ETH-5DEC25", "bids": [[2774.5, 1000.0], [2774.25, 236.0], [2774.0, 4001.0], [2773.5, 299.0], [2773.25, 1000.0], [2773.0, 299.0], [2772.75, 1000.0], [2770.75, 3883.0], [2770.5, 13746.0], [2767.5, 3727.0], [2767.25, 12487.0], [2767.0, 2.0], [2766.5, 333.0], [2766.25, 1514.0], [2765.75, 11.0], [2765.5, 4456.0], [2765.25, 40000.0], [2762.5, 17871.0], [2760.5, 40000.0], [2760.25, 19187.0]], "asks": [[2775.25, 1157.0], [2775.5, 5001.0], [2775.75, 80.0], [2777.5, 1915.0], [2777.75, 8289.0], [2778.0, 14177.0], [2780.75, 11.0], [2781.5, 400.0], [2783.0, 40000.0], [2783.25, 18978.0], [2784.5, 76653.0], [2785.25, 37626.0], [2787.5, 40000.0], [2791.0, 2.0], [2791.25, 36410.0], [2795.25, 330.0], [2795.5, 40000.0], [2797.75, 24462.0], [2800.75, 24883.0], [2808.0, 1113.0]]}}}
{"jsonrpc": "2.0", "method": "subscription", "params": {"channel": "book.ETH-5DEC25.none.20.100ms", "data": {"timestamp": 1763776103614, "change_id": 98262532173, "instrument_name": "ETH-5DEC25", "bids": [[2773.75, 1000.0], [2773.5, 4300.0], [2773.25, 1000.0], [2770.75, 3883.0], [2770.5, 13746.0], [2767.5, 3727.0], [2767.25, 12487.0], [2767.0, 2.0], [2766.5, 333.0], [2766.25, 1514.0], [2765.75, 11.0], [2765.5, 4456.0], [2765.25, 40000.0], [2762.5, 17871.0], [2760.5, 40000.0], [2760.25, 19187.0], [2759.25, 37467.0], [2757.25, 38432.0], [2756.75, 37092.0], [2753.75, 100.0]], "asks": [[2774.75, 920.0], [2775.0, 4300.0], [2775.25, 1080.0], [2775.5, 1352.0], [2775.75, 15044.0], [2777.5, 1915.0], [2777.75, 10408.0], [2778.0, 14177.0], [2780.75, 11.0], [2781.5, 400.0], [2783.0, 40000.0], [2783.25, 18978.0], [2784.5, 76653.0], [2785.25, 37626.0], [2787.5, 40000.0], [2791.0, 2.0], [2791.25, 36410.0], [2794.75, 100.0], [2795.25, 230.0], [2795.5, 40000.0]]}}}
{"jsonrpc": "2.0", "method": "subscription", "params": {"channel": "book.ETH-5DEC25.none.20.100ms", "data": {"timestamp": 1763776103851, "change_id": 98262533078, "instrument_name": "ETH-5DEC25", "bids": [[2773.75, 1000.0], [2773.5, 4300.0], [2770.75, 3883.0], [2770.5, 13746.0], [2767.5, 3727.0], [2767.25, 12487.0], [2767.0, 2.0], [2766.5, 333.0], [2766.25, 1514.0], [2765.75, 11.0], [2765.5, 4456.0], [2765.25, 40000.0], [2762.5, 17871.0], [2760.5, 40000.0], [2760.25, 19187.0], [2759.25, 37467.0], [2757.25, 38432.0], [2756.75, 37092.0], [2753.75, 100.0], [2753.5, 40000.0]], "asks": [[2774.75, 1272.0], [2775.0, 5001.0], [2775.25, 80.0], [2777.5, 1915.0], [2777.75, 10408.0], [2778.0, 14177.0], [2780.75, 11.0], [2781.5, 400.0], [2783.0, 40000.0], [2783.25, 18978.0], [2784.5, 76653.0], [2785.25, 37626.0], [2787.5, 40000.0], [2791.0, 2.0], [2791.25, 36410.0], [2794.75, 100.0], [2795.25, 230.0], [2795.5, 40000.0], [2797.75, 24462.0], [2800.75, 24883.0]]}}}
{"jsonrpc": "2.0", "method": "subscription", "params": {"channel": "book.ETH-5DEC25.none.20.100ms", "data": {"timestamp": 1763776104261, "change_id": 98262534324, "instrument_name": "ETH-5DEC25", "bids": [[2773.75, 1000.0], [2773.5, 4300.0], [2771.0, 1877.0], [2770.75, 10170.0], [2770.5, 13746.0], [2767.0, 2.0], [2766.5, 333.0], [2766.25, 1514.0], [2765.75, 11.0], [2765.5, 22281.0], [2765.25, 40000.0], [2764.0, 19187.0], [2762.5, 46.0], [2762.0, 37467.0], [2760.5, 40000.0], [2757.25, 38432.0], [2756.75, 37092.0], [2753.75, 100.0], [2753.5, 40000.0], [2750.25, 37110.0]], "asks": [[2774.5, 299.0], [2774.75, 2272.0], [2775.0, 4001.0], [2775.25, 80.0], [2777.5, 4756.0], [2777.75, 29386.0], [2778.0, 14177.0], [2780.75, 38162.0], [2781.5, 400.0], [2783.0, 40000.0], [2784.5, 38502.0], [2785.25, 37626.0], [2787.5, 40000.0], [2791.0, 2.0], [2791.25, 36410.0], [2794.5, 100.0], [2795.25, 230.0], [2795.5, 40000.0], [2797.75, 24462.0], [2800.75, 24883.0]]}}}
{"jsonrpc": "2.0", "method": "subscription", "params": {"channel": "book.ETH-5DEC25.none.20.100ms", "data": {"timestamp": 1763776104532, "change_id": 98262534597, "instrument_name": "ETH-5DEC25", "bids": [[2773.75, 1000.0], [2773.5, 4300.0], [2771.0, 1877.0], [2770.75, 10170.0], [2770.5, 13746.0], [2767.0, 2.0], [2766.5, 333.0], [2766.25, 1514.0], [2765.75, 11.0], [2765.5, 22281.0], [2765.25, 40000.0], [2764.0, 19187.0], [2762.5, 46.0], [2762.0, 37467.0], [2760.5, 40000.0], [2757.25, 38432.0], [2756.75, 37092.0], [2753.75, 100.0], [2753.5, 40000.0], [2750.25, 37110.0]], "asks": [[2774.5, 299.0], [2774.75, 2352.0], [2775.0, 4001.0], [2777.5, 1915.0], [2777.75, 29386.0], [2778.0, 14177.0], [2780.75, 38162.0], [2781.5, 400.0], [2783.0, 40000.0], [2784.5, 38502.0], [2785.25, 37626.0], [2787.5, 40000.0], [2791.0, 2.0], [2791.25, 36410.0], [2794.5, 100.0], [2795.25, 230.0], [2795.5, 40000.0], [2797.75, 24462.0], [2800.75, 24883.0], [2808.0, 1113.0]]}}}
{"jsonrpc": "2.0", "method": "subscription", "params": {"channel": "book.ETH-5DEC25.none.20.100ms", "data": {"timestamp": 1763776104806, "change_id": 98262535387, "instrument_name": "ETH-5DEC25", "bids": [[2773.75, 1000.0], [2773.5, 4300.0], [2771.0, 1877.0], [2770.75, 10170.0], [2770.5, 13746.0], [2767.0, 2.0], [2766.5, 333.0], [2766.25, 1514.0], [2765.75, 11.0], [2765.5, 22281.0], [2765.25, 40000.0], [2764.0, 19187.0], [2762.5, 46.0], [2762.0, 37467.0], [2760.5, 40000.0], [2757.25, 38432.0], [2756.75, 37092.0], [2753.75, 100.0], [2753.5, 40000.0], [2750.25, 37110.0]], "asks": [[2774.75, 2272.0], [2775.0, 4001.0], [2775.5, 80.0], [2777.5, 4920.0], [2777.75, 29386.0], [2778.0, 14177.0], [2780.75, 38162.0], [2781.5, 400.0], [2783.0, 40000.0], [2784.5, 38502.0], [2785.25, 37626.0], [2787.5, 40000.0], [2791.0, 2.0], [2791.25, 36410.0], [2794.5, 100.0], [2795.25, 230.0], [2795.5, 40000.0], [2797.75, 24462.0], [2800.75, 24883.0], [2808.0, 1113.0]]}}}
{"jsonrpc": "2.0", "method": "subscription", "params": {"channel": "book.ETH-5DEC25.none.20.100ms", "data": {"timestamp": 1763776105202, "change_id": 98262536145, "instrument_name": "ETH-5DEC25", "bids": [[2773.75, 1000.0], [2773.5, 4300.0], [2771.0, 1877.0], [2770.75, 10170.0], [2770.5, 13746.0], [2767.0, 2.0], [2766.5, 333.0], [2766.25, 1514.0], [2765.75, 11.0], [2765.5, 22281.0], [2765.25, 40000.0], [2764.0, 19187.0], [2762.5, 46.0], [2762.0, 37467.0], [2760.5, 40000.0], [2757.25, 38432.0], [2756.75, 37092.0], [2753.75, 100.0], [2753.5, 40000.0], [2750.25, 37110.0]], "asks": [[2774.5, 299.0], [2774.75, 2272.0], [2775.0, 4081.0], [2777.5, 4920.0], [2777.75, 29386.0], [2778.0, 14177.0], [2780.75, 38162.0], [2781.5, 400.0], [2783.0, 40000.0], [2784.5, 38502.0], [2785.25, 37626.0], [2787.5, 40000.0], [2791.0, 2.0], [2791.25, 36410.0], [2794.5, 100.0], [2795.25, 230.0], [2795.5, 40000.0], [2797.75, 24462.0], [2800.75, 24883.0], [2808.0, 1113.0]]}}}
{"jsonrpc": "2.0", "method": "subscription", "params": {"channel": "book.ETH-5DEC25.none.20.100ms", "data": {"timestamp": 1763776105335, "change_id": 98262536183, "instrument_name": "ETH-5DEC25", "bids": [[2773.75, 1000.0], [2773.5, 4300.0], [2771.0, 1877.0], [2770.75, 10170.0], [2770.5, 13746.0], [2767.0, 2.0], [2766.5, 333.0], [2766.25, 1514.0], [2765.75, 11.0], [2765.5, 22281.0], [2765.25, 40000.0], [2764.0, 19187.0], [2762.5, 46.0], [2762.0, 37467.0], [2760.5, 40000.0], [2757.25, 38432.0], [2756.75, 37092.0], [2753.75, 100.0], [2753.5, 40000.0], [2750.25, 37110.0]], "asks": [[2774.5, 299.0], [2774.75, 2272.0], [2775.0, 4081.0], [2775.25, 6106.0], [2777.5, 4920.0], [2777.75, 29386.0], [2778.0, 14177.0], [2780.75, 38162.0], [2781.5, 400.0], [2783.0, 40000.0], [2784.5, 38502.0], [2785.25, 37626.0], [2787.5, 40000.0], [2791.0, 2.0], [2791.25, 36410.0], [2794.5, 100.0], [2795.25, 230.0], [2795.5, 40000.0], [2797.75, 24462.0], [2800.75, 24883.0]]}}}
{"jsonrpc": "2.0", "method": "subscription", "params": {"channel": "book.ETH-5DEC25.none.20.100ms", "data": {"timestamp": 1763776106163, "change_id": 98262537901, "instrument_name": "ETH-5DEC25", "bids": [[2774.0, 5001.0], [2771.25, 1877.0], [2771.0, 6287.0], [2770.75, 3883.0], [2770.5, 13746.0], [2768.0, 1851.0], [2767.75, 6200.0], [2767.0, 2.0], [2766.25, 1514.0], [2765.75, 11.0], [2765.5, 22281.0], [2765.25, 40000.0], [2764.0, 19187.0], [2762.5, 46.0], [2762.0, 37467.0], [2760.5, 40000.0], [2757.25, 38432.0], [2756.75, 37092.0], [2754.0, 100.0], [2753.5, 40000.0]], "asks": [[2775.0, 1141.0], [2775.25, 6994.0], [2775.5, 5001.0], [2775.75, 80.0], [2777.5, 1915.0], [2777.75, 10408.0], [2778.0, 14177.0], [2778.75, 18978.0], [2780.5, 3065.0], [2780.75, 38162.0], [2781.5, 400.0], [2783.0, 40000.0], [2784.5, 38502.0], [2785.25, 37626.0], [2787.5, 40000.0], [2791.0, 2.0], [2791.25, 36410.0], [2795.0, 100.0], [2795.25, 230.0], [2795.5, 40000.0]]}}}
