{"jsonrpc": "2.0", "id": 1, "result": ["book.ETH-18APR25.none.20.100ms"], "usIn": 1744557761313698, "usOut": 1744557761313941, "usDiff": 243, "testnet": false}
{"jsonrpc": "2.0", "method": "subscription", "params": {"channel": "book.ETH-18APR25.none.20.100ms", "data": {"timestamp": 1744557760825, "change_id": 65545123870, "instrument_name": "ETH-18APR25", "bids": [[1580.75, 21545.0], [1580.5, 6161.0], [1580.25, 13562.0], [1580.0, 12472.0], [1579.75, 29530.0], [1579.5, 1671.0], [1579.25, 1640.0], [1579.0, 2005.0], [1578.75, 3689.0], [1578.5, 1655.0], [1578.25, 1913.0], [1578.0, 3434.0], [1577.75, 7819.0], [1577.5, 10345.0], [1577.25, 26920.0], [1577.0, 1319.0], [1576.75, 50471.0], [1576.25, 1380.0], [1575.5, 1719.0], [1574.75, 24028.0]], "asks": [[1581.25, 12100.0], [1581.5, 3646.0], [1581.75, 6219.0], [1582.0, 4140.0], [1582.25, 1639.0], [1582.5, 9005.0], [1582.75, 26079.0], [1583.0, 6499.0], [1583.25, 18623.0], [1583.5, 321.0], [1583.75, 8791.0], [1584.0, 24910.0], [1585.0, 1319.0], [1585.25, 52420.0], [1586.0, 1382.0], [1586.5, 53232.0], [1587.5, 1319.0], [1589.75, 1732.0], [1590.0, 73080.0], [1592.0, 1353.0]]}}}
{"jsonrpc": "2.0", "method": "subscription", "params": {"channel": "book.ETH-18APR25.none.20.100ms", "data": {"timestamp": 1744557763059, "change_id": 65545125426, "instrument_name": "ETH-18APR25", "bids": [[1581.0, 3851.0], [1580.75, 36545.0], [1580.5, 6161.0], [1580.25, 13562.0], [1580.0, 12472.0], [1579.75, 27030.0], [1579.5, 1671.0], [1579.25, 1640.0], [1579.0, 2261.0], [1578.75, 3689.0], [1578.5, 1655.0], [1578.25, 1913.0], [1578.0, 3434.0], [1577.75, 7819.0], [1577.5, 10345.0], [1577.25, 26920.0], [1577.0, 1319.0], [1576.75, 50471.0], [1576.25, 1380.0], [1575.5, 1719.0]], "asks": [[1581.25, 11350.0], [1581.5, 3646.0], [1581.75, 6219.0], [1582.0, 4140.0], [1582.25, 1639.0], [1582.5, 9005.0], [1582.75, 26079.0], [1583.0, 6499.0], [1583.25, 18623.0], [1583.5, 321.0], [1583.75, 8791.0], [1584.0, 24910.0], [1585.0, 1319.0], [1585.25, 52420.0], [1586.0, 1382.0], [1586.5, 53232.0], [1587.5, 1319.0], [1589.75, 1732.0], [1590.0, 73080.0], [1592.0, 1353.0]]}}}
{"jsonrpc": "2.0", "method": "subscription", "params": {"channel": "book.ETH-18APR25.none.20.100ms", "data": {"timestamp": 1744557763431, "change_id": 65545125603, "instrument_name": "ETH-18APR25", "bids": [[1581.0, 5045.0], [1580.75, 35351.0], [1580.5, 6161.0], [1580.25, 13562.0], [1580.0, 12472.0], [1579.75, 27030.0], [1579.5, 1671.0], [1579.25, 1640.0], [1579.0, 2261.0], [1578.75, 3689.0], [1578.5, 1655.0], [1578.25, 1913.0], [1578.0, 3434.0], [1577.75, 7819.0], [1577.5, 10345.0], [1577.25, 26920.0], [1577.0, 1319.0], [1576.75, 50471.0], [1576.25, 1380.0], [1575.5, 1719.0]], "asks": [[1581.25, 11350.0], [1581.5, 3646.0], [1581.75, 6219.0], [1582.0, 4140.0], [1582.25, 1639.0], [1582.5, 9005.0], [1582.75, 26079.0], [1583.0, 6499.0], [1583.25, 18623.0], [1583.5, 321.0], [1583.75, 8791.0], [1584.0, 24910.0], [1585.0, 1319.0], [1585.25, 52420.0], [1586.0, 1382.0], [1586.5, 53232.0], [1587.5, 1319.0], [1589.75, 1732.0], [1590.0, 73080.0], [1592.0, 1353.0]]}}}
{"jsonrpc": "2.0", "method": "subscription", "params": {"channel": "book.ETH-18APR25.none.20.100ms", "data": {"timestamp": 1744557763624, "change_id": 65545125845, "instrument_name": "ETH-18APR25", "bids": [[1581.0, 5045.0], [1580.75, 35351.0], [1580.5, 6161.0], [1580.25, 13562.0], [1580.0, 12472.0], [1579.75, 27030.0], [1579.5, 1671.0], [1579.25, 1640.0], [1579.0, 2261.0], [1578.75, 3689.0], [1578.5, 1655.0], [1578.25, 1913.0], [1578.0, 3434.0], [1577.75, 7819.0], [1577.5, 10345.0], [1577.25, 26920.0], [1577.0, 1319.0], [1576.75, 50471.0], [1576.25, 1380.0], [1575.5, 1719.0]], "asks": [[1581.25, 11350.0], [1581.5, 3646.0], [1581.75, 6219.0], [1582.0, 4140.0], [1582.25, 1639.0], [1582.5, 9005.0], [1582.75, 26079.0], [1583.0, 6499.0], [1583.25, 18623.0], [1583.5, 321.0], [1583.75, 8791.0], [1584.0, 24910.0], [1585.0, 1319.0], [1585.25, 52420.0], [1586.0, 1382.0], [1586.5, 53232.0], [1587.5, 1319.0], [1589.75, 1732.0], [1590.0, 73080.0], [1592.0, 1353.0]]}}}
{"jsonrpc": "2.0", "method": "subscription", "params": {"channel": "book.ETH-18APR25.none.20.100ms", "data": {"timestamp": 1744557764423, "change_id": 65545126346, "instrument_name": "ETH-18APR25", "bids": [[1581.0, 5045.0], [1580.75, 35351.0], [1580.5, 6161.0], [1580.25, 13562.0], [1580.0, 12472.0], [1579.75, 27030.0], [1579.5, 1671.0], [1579.25, 1640.0], [1579.0, 2261.0], [1578.75, 3689.0], [1578.5, 1655.0], [1578.25, 1913.0], [1578.0, 3434.0], [1577.75, 7819.0], [1577.5, 10345.0], [1577.25, 26920.0], [1577.0, 1319.0], [1576.75, 50471.0], [1576.25, 1380.0], [1575.5, 1719.0]], "asks": [[1581.25, 11350.0], [1581.5, 3646.0], [1581.75, 6219.0], [1582.0, 4140.0], [1582.25, 1639.0], [1582.5, 9005.0], [1582.75, 26079.0], [1583.0, 6499.0], [1583.25, 18623.0], [1583.5, 321.0], [1583.75, 8791.0], [1584.0, 24910.0], [1585.0, 1319.0], [1585.25, 52420.0], [1586.0, 1382.0], [1586.5, 53232.0], [1587.5, 1319.0], [1589.75, 1732.0], [1590.0, 73080.0], [1592.0, 1353.0]]}}}
{"jsonrpc": "2.0", "method": "subscription", "params": {"channel": "book.ETH-18APR25.none.20.100ms", "data": {"timestamp": 1744557764721, "change_id": 65545126817, "instrument_name": "ETH-18APR25", "bids": [[1581.0, 5044.0], [1580.75, 35351.0], [1580.5, 6161.0], [1580.25, 13562.0], [1580.0, 12472.0], [1579.75, 27030.0], [1579.5, 1671.0], [1579.25, 1640.0], [1579.0, 2261.0], [1578.75, 3689.0], [1578.5, 1655.0], [1578.25, 1913.0], [1578.0, 3434.0], [1577.75, 7819.0], [1577.5, 10345.0], [1577.25, 26920.0], [1577.0, 1319.0], [1576.75, 50471.0], [1576.25, 1380.0], [1575.5, 1719.0]], "asks": [[1581.25, 11350.0], [1581.5, 3646.0], [1581.75, 6219.0], [1582.0, 4140.0], [1582.25, 1639.0], [1582.5, 9005.0], [1582.75, 26079.0], [1583.0, 6499.0], [1583.25, 18623.0], [1583.5, 321.0], [1583.75, 8791.0], [1584.0, 24910.0], [1585.0, 1319.0], [1585.25, 52420.0], [1586.0, 1382.0], [1586.5, 53232.0], [1587.5, 1319.0], [1589.75, 1732.0], [1590.0, 73080.0], [1592.0, 1353.0]]}}}
{"jsonrpc": "2.0", "method": "subscription", "params": {"channel": "book.ETH-18APR25.none.20.100ms", "data": {"timestamp": 1744557765042, "change_id": 65545127404, "instrument_name": "ETH-18APR25", "bids": [[1581.25, 2500.0], [1581.0, 10896.0], [1580.75, 23302.0], [1580.5, 13573.0], [1580.25, 4936.0], [1580.0, 12472.0], [1579.75, 27030.0], [1579.5, 1671.0], [1579.25, 1640.0], [1579.0, 2261.0], [1578.75, 3689.0], [1578.5, 1655.0], [1578.25, 1913.0], [1578.0, 3434.0], [1577.75, 7819.0], [1577.5, 10345.0], [1577.25, 26920.0], [1577.0, 1319.0], [1576.75, 50471.0], [1576.25, 1380.0]], "asks": [[1581.5, 3850.0], [1581.75, 13606.0], [1582.0, 5434.0], [1582.25, 1639.0], [1582.5, 9005.0], [1582.75, 26079.0], [1583.0, 6499.0], [1583.25, 18623.0], [1583.5, 321.0], [1583.75, 8791.0], [1584.0, 24910.0], [1585.0, 1319.0], [1585.25, 52420.0], [1586.0, 1382.0], [1586.5, 53232.0], [1587.5, 1319.0], [1589.75, 1732.0], [1590.0, 73080.0], [1592.0, 1353.0], [1592.5, 74477.0]]}}}
{"jsonrpc": "2.0", "method": "subscription", "params": {"channel": "book.ETH-18APR25.none.20.100ms", "data": {"timestamp": 1744557765419, "change_id": 65545127764, "instrument_name": "ETH-18APR25", "bids": [[1581.0, 21189.0], [1580.75, 7611.0], [1580.5, 13573.0], [1580.25, 4936.0], [1580.0, 12472.0], [1579.75, 27030.0], [1579.5, 1671.0], [1579.25, 1640.0], [1579.0, 2261.0], [1578.75, 3689.0], [1578.5, 1655.0], [1578.25, 1913.0], [1578.0, 3434.0], [1577.75, 7819.0], [1577.5, 10345.0], [1577.25, 26920.0], [1577.0, 1319.0], [1576.75, 50471.0], [1576.25, 1380.0], [1575.5, 1719.0]], "asks": [[1581.5, 7600.0], [1581.75, 13606.0], [1582.0, 5434.0], [1582.25, 1639.0], [1582.5, 9005.0], [1582.75, 26079.0], [1583.0, 6499.0], [1583.25, 18623.0], [1583.5, 321.0], [1583.75, 8791.0], [1584.0, 24910.0], [1585.0, 1319.0], [1585.25, 52420.0], [1586.0, 1382.0], [1586.5, 53232.0], [1587.5, 1319.0], [1589.75, 1732.0], [1590.0, 73080.0], [1592.0, 1353.0], [1592.5, 74477.0]]}}}
{"jsonrpc": "2.0", "method": "subscription", "params": {"channel": "book.ETH-18APR25.none.20.100ms", "data": {"timestamp": 1744557765758, "change_id": 65545128201, "instrument_name": "ETH-18APR25", "bids": [[1581.0, 29685.0], [1580.75, 7611.0], [1580.5, 13573.0], [1580.25, 4936.0], [1580.0, 12472.0], [1579.75, 27030.0], [1579.5, 1671.0], [1579.25, 1640.0], [1579.0, 2261.0], [1578.75, 3689.0], [1578.5, 1655.0], [1578.25, 1913.0], [1578.0, 3434.0], [1577.75, 7819.0], [1577.5, 10345.0], [1577.25, 26920.0], [1577.0, 1319.0], [1576.75, 50471.0], [1576.25, 1380.0], [1575.5, 1719.0]], "asks": [[1581.5, 7600.0], [1581.75, 13606.0], [1582.0, 5434.0], [1582.25, 1639.0], [1582.5, 9005.0], [1582.75, 26079.0], [1583.0, 6499.0], [1583.25, 18623.0], [1583.5, 321.0], [1583.75, 8791.0], [1584.0, 24910.0], [1585.0, 1319.0], [1585.25, 52420.0], [1586.0, 1382.0], [1586.5, 53232.0], [1587.5, 1319.0], [1589.75, 1732.0], [1590.0, 73080.0], [1592.0, 1353.0], [1592.5, 74477.0]]}}}
{"jsonrpc": "2.0", "method": "subscription", "params": {"channel": "book.ETH-18APR25.none.20.100ms", "data": {"timestamp": 1744557767049, "change_id": 65545129170, "instrument_name": "ETH-18APR25", "bids": [[1581.0, 29685.0], [1580.75, 7611.0], [1580.5, 13573.0], [1580.25, 4936.0], [1580.0, 12472.0], [1579.75, 27030.0], [1579.5, 1671.0], [1579.25, 1640.0], [1579.0, 2261.0], [1578.75, 3689.0], [1578.5, 1655.0], [1578.25, 1913.0], [1578.0, 3434.0], [1577.75, 7819.0], [1577.5, 10345.0], [1577.25, 26920.0], [1577.0, 1319.0], [1576.75, 50471.0], [1576.25, 1380.0], [1575.5, 1719.0]], "asks": [[1581.5, 5101.0], [1581.75, 13606.0], [1582.0, 6218.0], [1582.25, 4139.0], [1582.5, 9005.0], [1582.75, 26079.0], [1583.0, 6499.0], [1583.25, 18623.0], [1583.5, 321.0], [1583.75, 8791.0], [1584.0, 24910.0], [1585.0, 1319.0], [1585.25, 52420.0], [1586.0, 1382.0], [1586.5, 53232.0], [1587.5, 1319.0], [1589.75, 1732.0], [1590.0, 73080.0], [1592.0, 1353.0], [1592.5, 74477.0]]}}}
{"jsonrpc": "2.0", "method": "subscription", "params": {"channel": "book.ETH-18APR25.none.20.100ms", "data": {"timestamp": 1744557767148, "change_id": 65545129188, "instrument_name": "ETH-18APR25", "bids": [[1581.0, 29785.0], [1580.75, 7511.0], [1580.5, 13573.0], [1580.25, 4936.0], [1580.0, 12472.0], [1579.75, 27030.0], [1579.5, 1671.0], [1579.25, 1640.0], [1579.0, 2261.0], [1578.75, 3689.0], [1578.5, 1655.0], [1578.25, 1913.0], [1578.0, 3434.0], [1577.75, 7819.0], [1577.5, 10345.0], [1577.25, 26920.0], [1577.0, 1319.0], [1576.75, 50471.0], [1576.25, 1380.0], [1575.5, 1719.0]], "asks": [[1581.5, 5100.0], [1581.75, 13606.0], [1582.0, 6218.0], [1582.25, 4139.0], [1582.5, 9005.0], [1582.75, 26079.0], [1583.0, 6499.0], [1583.25, 18623.0], [1583.5, 321.0], [1583.75, 8791.0], [1584.0, 24910.0], [1585.0, 1319.0], [1585.25, 52420.0], [1586.0, 1382.0], [1586.5, 53232.0], [1587.5, 1319.0], [1589.75, 1732.0], [1590.0, 73080.0], [1592.0, 1353.0], [1592.5, 74477.0]]}}}
{"jsonrpc": "2.0", "method": "subscription", "params": {"channel": "book.ETH-18APR25.none.20.100ms", "data": {"timestamp": 1744557768330, "change_id": 65545130050, "instrument_name": "ETH-18APR25", "bids": [[1581.0, 14785.0], [1580.75, 7511.0], [1580.5, 13573.0], [1580.25, 4936.0], [1580.0, 12472.0], [1579.75, 27030.0], [1579.5, 1671.0], [1579.25, 1640.0], [1579.0, 2261.0], [1578.75, 3689.0], [1578.5, 1655.0], [1578.25, 1913.0], [1578.0, 3434.0], [1577.75, 7819.0], [1577.5, 10345.0], [1577.25, 26920.0], [1577.0, 1319.0], [1576.75, 50471.0], [1576.25, 1380.0], [1575.5, 1719.0]], "asks": [[1581.5, 5100.0], [1581.75, 13606.0], [1582.0, 6218.0], [1582.25, 4139.0], [1582.5, 9005.0], [1582.75, 26079.0], [1583.0, 6499.0], [1583.25, 18623.0], [1583.5, 321.0], [1583.75, 8791.0], [1584.0, 24910.0], [1585.0, 1319.0], [1585.25, 52420.0], [1586.0, 1382.0], [1586.5, 53232.0], [1587.5, 1319.0], [1589.75, 1732.0], [1590.0, 73080.0], [1592.0, 1353.0], [1592.5, 74477.0]]}}}
{"jsonrpc": "2.0", "method": "subscription", "params": {"channel": "book.ETH-18APR25.none.20.100ms", "data": {"timestamp": 1744557768993, "change_id": 65545130630, "instrument_name": "ETH-18APR25", "bids": [[1581.0, 14785.0], [1580.75, 7511.0], [1580.5, 13573.0], [1580.25, 4936.0], [1580.0, 12472.0], [1579.75, 27030.0], [1579.5, 1671.0], [1579.25, 1640.0], [1579.0, 2261.0], [1578.75, 3689.0], [1578.5, 1655.0], [1578.25, 1913.0], [1578.0, 3434.0], [1577.75, 7819.0], [1577.5, 10345.0], [1577.25, 26920.0], [1577.0, 1319.0], [1576.75, 50471.0], [1576.25, 1380.0], [1575.5, 1719.0]], "asks": [[1581.5, 7600.0], [1581.75, 13606.0], [1582.0, 6218.0], [1582.25, 4139.0], [1582.5, 9005.0], [1582.75, 26079.0], [1583.0, 6499.0], [1583.25, 18623.0], [1583.5, 321.0], [1583.75, 8791.0], [1584.0, 24910.0], [1585.0, 1319.0], [1585.25, 52420.0], [1586.0, 1382.0], [1586.5, 53232.0], [1587.5, 1319.0], [1589.75, 1732.0], [1590.0, 73080.0], [1592.0, 1353.0], [1592.5, 74477.0]]}}}
{"jsonrpc": "2.0", "method": "subscription", "params": {"channel": "book.ETH-18APR25.none.20.100ms", "data": {"timestamp": 1744557769149, "change_id": 65545130718, "instrument_name": "ETH-18APR25", "bids": [[1581.0, 29785.0], [1580.75, 7511.0], [1580.5, 13573.0], [1580.25, 4936.0], [1580.0, 12472.0], [1579.75, 27030.0], [1579.5, 1671.0], [1579.25, 1640.0], [1579.0, 2261.0], [1578.75, 3689.0], [1578.5, 1655.0], [1578.25, 1913.0], [1578.0, 3434.0], [1577.75, 7819.0], [1577.5, 10345.0], [1577.25, 26920.0], [1577.0, 1319.0], [1576.75, 50471.0], [1576.25, 1380.0], [1575.5, 1719.0]], "asks": [[1581.5, 5100.0], [1581.75, 13606.0], [1582.0, 6218.0], [1582.25, 4139.0], [1582.5, 9005.0], [1582.75, 26079.0], [1583.0, 6499.0], [1583.25, 18623.0], [1583.5, 321.0], [1583.75, 8791.0], [1584.0, 24910.0], [1585.0, 1319.0], [1585.25, 52420.0], [1586.0, 1382.0], [1586.5, 53232.0], [1587.5, 1319.0], [1589.75, 1732.0], [1590.0, 73080.0], [1592.0, 1353.0], [1592.5, 74477.0]]}}}
{"jsonrpc": "2.0", "method": "subscription", "params": {"channel": "book.ETH-18APR25.none.20.100ms", "data": {"timestamp": 1744557770177, "change_id": 65545131552, "instrument_name": "ETH-18APR25", "bids": [[1581.0, 29785.0], [1580.75, 7511.0], [1580.5, 13573.0], [1580.25, 4936.0], [1580.0, 12472.0], [1579.75, 27030.0], [1579.5, 1671.0], [1579.25, 1640.0], [1579.0, 2261.0], [1578.75, 3689.0], [1578.5, 1655.0], [1578.25, 1913.0], [1578.0, 3434.0], [1577.75, 7819.0], [1577.5, 10345.0], [1577.25, 26920.0], [1577.0, 1319.0], [1576.75, 50471.0], [1576.25, 1380.0], [1575.5, 1719.0]], "asks": [[1581.5, 5101.0], [1581.75, 13606.0], [1582.0, 6218.0], [1582.25, 4139.0], [1582.5, 9005.0], [1582.75, 26079.0], [1583.0, 6499.0], [1583.25, 18623.0], [1583.5, 321.0], [1583.75, 8791.0], [1584.0, 24910.0], [1585.0, 1319.0], [1585.25, 52420.0], [1586.0, 1382.0], [1586.5, 53232.0], [1587.5, 1319.0], [1589.75, 1732.0], [1590.0, 73080.0], [1592.0, 1353.0], [1592.5, 74477.0]]}}}
{"jsonrpc": "2.0", "method": "subscription", "params": {"channel": "book.ETH-18APR25.none.20.100ms", "data": {"timestamp": 1744557770394, "change_id": 65545131657, "instrument_name": "ETH-18APR25", "bids": [[1581.0, 29785.0], [1580.75, 7511.0], [1580.5, 13573.0], [1580.25, 4936.0], [1580.0, 12472.0], [1579.75, 27030.0], [1579.5, 1671.0], [1579.25, 1640.0], [1579.0, 2261.0], [1578.75, 3689.0], [1578.5, 1655.0], [1578.25, 1913.0], [1578.0, 3434.0], [1577.75, 7819.0], [1577.5, 10345.0], [1577.25, 26920.0], [1577.0, 1319.0], [1576.75, 50471.0], [1576.25, 1380.0], [1575.5, 1719.0]], "asks": [[1581.5, 5100.0], [1581.75, 13606.0], [1582.0, 6218.0], [1582.25, 4139.0], [1582.5, 9005.0], [1582.75, 26079.0], [1583.0, 6499.0], [1583.25, 18623.0], [1583.5, 321.0], [1583.75, 8791.0], [1584.0, 24910.0], [1585.0, 1319.0], [1585.25, 52420.0], [1586.0, 1382.0], [1586.5, 53232.0], [1587.5, 1319.0], [1589.75, 1732.0], [1590.0, 73080.0], [1592.0, 1353.0], [1592.5, 74477.0]]}}}
{"jsonrpc": "2.0", "method": "subscription", "params": {"channel": "book.ETH-18APR25.none.20.100ms", "data": {"timestamp": 1744557770970, "change_id": 65545132232, "instrument_name": "ETH-18APR25", "bids": [[1581.0, 14785.0], [1580.75, 7511.0], [1580.5, 13573.0], [1580.25, 4936.0], [1580.0, 12472.0], [1579.75, 27030.0], [1579.5, 1671.0], [1579.25, 1640.0], [1579.0, 2261.0], [1578.75, 3689.0], [1578.5, 1655.0], [1578.25, 1913.0], [1578.0, 3434.0], [1577.75, 7819.0], [1577.5, 10345.0], [1577.25, 26920.0], [1577.0, 1319.0], [1576.75, 50471.0], [1576.25, 1380.0], [1575.5, 1719.0]], "asks": [[1581.5, 7600.0], [1581.75, 13606.0], [1582.0, 6218.0], [1582.25, 4139.0], [1582.5, 9005.0], [1582.75, 26079.0], [1583.0, 6499.0], [1583.25, 18623.0], [1583.5, 321.0], [1583.75, 8791.0], [1584.0, 24910.0], [1585.0, 1319.0], [1585.25, 52420.0], [1586.0, 1382.0], [1586.5, 53232.0], [1587.5, 1319.0], [1589.75, 1732.0], [1590.0, 73080.0], [1592.0, 1353.0], [1592.5, 74477.0]]}}}
{"jsonrpc": "2.0", "method": "subscription", "params": {"channel": "book.ETH-18APR25.none.20.100ms", "data": {"timestamp": 1744557771084, "change_id": 65545132293, "instrument_name": "ETH-18APR25", "bids": [[1581.0, 29785.0], [1580.75, 7511.0], [1580.5, 13573.0], [1580.25, 4936.0], [1580.0, 12472.0], [1579.75, 27030.0], [1579.5, 1671.0], [1579.25, 1640.0], [1579.0, 2261.0], [1578.75, 3689.0], [1578.5, 1655.0], [1578.25, 1913.0], [1578.0, 3434.0], [1577.75, 7819.0], [1577.5, 10345.0], [1577.25, 26920.0], [1577.0, 1319.0], [1576.75, 50471.0], [1576.25, 1380.0], [1575.5, 1719.0]], "asks": [[1581.5, 5100.0], [1581.75, 13606.0], [1582.0, 6218.0], [1582.25, 4139.0], [1582.5, 9005.0], [1582.75, 26079.0], [1583.0, 6499.0], [1583.25, 18623.0], [1583.5, 321.0], [1583.75, 8791.0], [1584.0, 24910.0], [1585.0, 1319.0], [1585.25, 52420.0], [1586.0, 1382.0], [1586.5, 53232.0], [1587.5, 1319.0], [1589.75, 1732.0], [1590.0, 73080.0], [1592.0, 1353.0], [1592.5, 74477.0]]}}}
{"jsonrpc": "2.0", "method": "subscription", "params": {"channel": "book.ETH-18APR25.none.20.100ms", "data": {"timestamp": 1744557773063, "change_id": 65545133767, "instrument_name": "ETH-18APR25", "bids": [[1581.0, 29785.0], [1580.75, 7511.0], [1580.5, 13573.0], [1580.25, 12504.0], [1580.0, 29530.0], [1579.75, 1670.0], [1579.5, 1671.0], [1579.25, 1640.0], [1579.0, 2261.0], [1578.75, 3689.0], [1578.5, 1655.0], [1578.25, 1913.0], [1578.0, 3434.0], [1577.75, 7819.0], [1577.5, 10345.0], [1577.25, 26920.0], [1577.0, 1319.0], [1576.75, 50471.0], [1576.25, 1380.0], [1575.5, 1719.0]], "asks": [[1581.5, 5100.0], [1581.75, 13606.0], [1582.0, 6218.0], [1582.25, 4139.0], [1582.5, 9005.0], [1582.75, 26079.0], [1583.0, 6499.0], [1583.25, 18623.0], [1583.5, 321.0], [1583.75, 8791.0], [1584.0, 24910.0], [1585.0, 1319.0], [1585.25, 52420.0], [1586.0, 1382.0], [1586.5, 53232.0], [1587.5, 1319.0], [1589.75, 1732.0], [1590.0, 73080.0], [1592.0, 1353.0], [1592.5, 74477.0]]}}}
{"jsonrpc": "2.0", "method": "subscription", "params": {"channel": "book.ETH-18APR25.none.20.100ms", "data": {"timestamp": 1744557774011, "change_id": 65545134431, "instrument_name": "ETH-18APR25", "bids": [[1581.0, 10935.0], [1580.75, 7511.0], [1580.5, 13573.0], [1580.25, 12504.0], [1580.0, 29530.0], [1579.75, 1670.0], [1579.5, 1671.0], [1579.25, 1640.0], [1579.0, 2261.0], [1578.75, 3689.0], [1578.5, 1655.0], [1578.25, 1913.0], [1578.0, 3434.0], [1577.75, 7819.0], [1577.5, 10345.0], [1577.25, 26920.0], [1577.0, 1319.0], [1576.75, 50471.0], [1576.25, 1380.0], [1575.5, 1719.0]], "asks": [[1581.25, 3850.0], [1581.5, 5100.0], [1581.75, 13606.0], [1582.0, 6218.0], [1582.25, 4139.0], [1582.5, 9005.0], [1582.75, 26079.0], [1583.0, 6499.0], [1583.25, 18623.0], [1583.5, 321.0], [1583.75, 8791.0], [1584.0, 24910.0], [1585.0, 1319.0], [1585.25, 52420.0], [1586.0, 1382.0], [1586.5, 53232.0], [1587.5, 1319.0], [1589.75, 1732.0], [1590.0, 73080.0], [1592.0, 1353.0]]}}}
{"jsonrpc": "2.0", "method": "subscription", "params": {"channel": "book.ETH-18APR25.none.20.100ms", "data": {"timestamp": 1744557774288, "change_id": 65545134785, "instrument_name": "ETH-18APR25", "bids": [[1581.0, 101.0], [1580.75, 8705.0], [1580.5, 13573.0], [1580.25, 12504.0], [1580.0, 29530.0], [1579.75, 1670.0], [1579.5, 1671.0], [1579.25, 1640.0], [1579.0, 2261.0], [1578.75, 3689.0], [1578.5, 1655.0], [1578.25, 1913.0], [1578.0, 3434.0], [1577.75, 7819.0], [1577.5, 10345.0], [1577.25, 26920.0], [1577.0, 1319.0], [1576.75, 50471.0], [1576.25, 1380.0], [1575.5, 1719.0]], "asks": [[1581.25, 1350.0], [1581.5, 12418.0], [1581.75, 6165.0], [1582.0, 5024.0], [1582.25, 4139.0], [1582.5, 9005.0], [1582.75, 26079.0], [1583.0, 6499.0], [1583.25, 18623.0], [1583.5, 321.0], [1583.75, 8791.0], [1584.0, 24910.0], [1585.0, 1319.0], [1585.25, 52420.0], [1586.0, 1382.0], [1586.5, 53232.0], [1587.5, 1319.0], [1589.75, 1732.0], [1590.0, 73080.0], [1592.0, 1353.0]]}}}
{"jsonrpc": "2.0", "method": "subscription", "params": {"channel": "book.ETH-18APR25.none.20.100ms", "data": {"timestamp": 1744557774478, "change_id": 65545134872, "instrument_name": "ETH-18APR25", "bids": [[1581.0, 101.0], [1580.75, 8705.0], [1580.5, 13573.0], [1580.25, 12504.0], [1580.0, 29530.0], [1579.75, 1670.0], [1579.5, 1671.0], [1579.25, 1640.0], [1579.0, 2261.0], [1578.75, 3689.0], [1578.5, 1655.0], [1578.25, 1913.0], [1578.0, 3434.0], [1577.75, 7819.0], [1577.5, 10345.0], [1577.25, 26920.0], [1577.0, 1319.0], [1576.75, 50471.0], [1576.25, 1380.0], [1575.5, 1719.0]], "asks": [[1581.25, 1350.0], [1581.5, 12418.0], [1581.75, 6165.0], [1582.0, 5024.0], [1582.25, 4139.0], [1582.5, 9005.0], [1582.75, 26079.0], [1583.0, 6499.0], [1583.25, 18623.0], [1583.5, 321.0], [1583.75, 8791.0], [1584.0, 24910.0], [1585.0, 1319.0], [1585.25, 52420.0], [1586.0, 1382.0], [1586.5, 53232.0], [1587.5, 1319.0], [1589.75, 1732.0], [1590.0, 73080.0], [1592.0, 1353.0]]}}}
{"jsonrpc": "2.0", "method": "subscription", "params": {"channel": "book.ETH-18APR25.none.20.100ms", "data": {"timestamp": 1744557774977, "change_id": 65545135442, "instrument_name": "ETH-18APR25", "bids": [[1581.0, 100.0], [1580.75, 24514.0], [1580.5, 13573.0], [1580.25, 12504.0], [1580.0, 29530.0], [1579.75, 1670.0], [1579.5, 1671.0], [1579.25, 1640.0], [1579.0, 2261.0], [1578.75, 3689.0], [1578.5, 1655.0], [1578.25, 1913.0], [1578.0, 3434.0], [1577.75, 7819.0], [1577.5, 10345.0], [1577.25, 26920.0], [1577.0, 1319.0], [1576.75, 50471.0], [1576.25, 1380.0], [1575.5, 1719.0]], "asks": [[1581.25, 1350.0], [1581.5, 12418.0], [1581.75, 6165.0], [1582.0, 5024.0], [1582.25, 4139.0], [1582.5, 9005.0], [1582.75, 26079.0], [1583.0, 6499.0], [1583.25, 18623.0], [1583.5, 321.0], [1583.75, 8791.0], [1584.0, 24910.0], [1585.0, 1319.0], [1585.25, 52420.0], [1586.0, 1382.0], [1586.5, 53232.0], [1587.5, 1319.0], [1589.75, 1732.0], [1590.0, 73080.0], [1592.0, 1353.0]]}}}
{"jsonrpc": "2.0", "method": "subscription", "params": {"channel": "book.ETH-18APR25.none.20.100ms", "data": {"timestamp": 1744557775201, "change_id": 65545135575, "instrument_name": "ETH-18APR25", "bids": [[1581.0, 100.0], [1580.75, 24514.0], [1580.5, 13573.0], [1580.25, 12504.0], [1580.0, 29530.0], [1579.75, 1670.0], [1579.5, 1671.0], [1579.25, 1640.0], [1579.0, 2261.0], [1578.75, 3689.0], [1578.5, 1655.0], [1578.25, 1913.0], [1578.0, 3434.0], [1577.75, 7819.0], [1577.5, 10345.0], [1577.25, 26920.0], [1577.0, 1319.0], [1576.75, 50471.0], [1576.25, 1380.0], [1575.5, 1719.0]], "asks": [[1581.25, 1350.0], [1581.5, 12418.0], [1581.75, 6165.0], [1582.0, 5024.0], [1582.25, 4139.0], [1582.5, 9005.0], [1582.75, 26079.0], [1583.0, 6499.0], [1583.25, 18623.0], [1583.5, 321.0], [1583.75, 8791.0], [1584.0, 24910.0], [1585.0, 1319.0], [1585.25, 52420.0], [1586.0, 1382.0], [1586.5, 53232.0], [1587.5, 1319.0], [1589.75, 1732.0], [1590.0, 73080.0], [1592.0, 1353.0]]}}}
{"jsonrpc": "2.0", "method": "subscription", "params": {"channel": "book.ETH-18APR25.none.20.100ms", "data": {"timestamp": 1744557775564, "change_id": 65545135857, "instrument_name": "ETH-18APR25", "bids": [[1581.0, 101.0], [1580.75, 24514.0], [1580.5, 13573.0], [1580.25, 12504.0], [1580.0, 29530.0], [1579.75, 1670.0], [1579.5, 1671.0], [1579.25, 1640.0], [1579.0, 2261.0], [1578.75, 3689.0], [1578.5, 1655.0], [1578.25, 1913.0], [1578.0, 3434.0], [1577.75, 7819.0], [1577.5, 10345.0], [1577.25, 26920.0], [1577.0, 1319.0], [1576.75, 50471.0], [1576.25, 1380.0], [1575.5, 1719.0]], "asks": [[1581.25, 1350.0], [1581.5, 12418.0], [1581.75, 6165.0], [1582.0, 5024.0], [1582.25, 4139.0], [1582.5, 9005.0], [1582.75, 26079.0], [1583.0, 6499.0], [1583.25, 18623.0], [1583.5, 321.0], [1583.75, 8791.0], [1584.0, 24910.0], [1585.0, 1319.0], [1585.25, 52420.0], [1586.0, 1382.0], [1586.5, 53232.0], [1587.5, 1319.0], [1589.75, 1732.0], [1590.0, 73080.0], [1592.0, 1353.0]]}}}
{"jsonrpc": "2.0", "method": "subscription", "params": {"channel": "book.ETH-18APR25.none.20.100ms", "data": {"timestamp": 1744557775992, "change_id": 65545136288, "instrument_name": "ETH-18APR25", "bids": [[1581.0, 100.0], [1580.75, 24514.0], [1580.5, 13573.0], [1580.25, 12504.0], [1580.0, 29530.0], [1579.75, 1670.0], [1579.5, 1671.0], [1579.25, 1640.0], [1579.0, 2261.0], [1578.75, 3689.0], [1578.5, 1655.0], [1578.25, 1913.0], [1578.0, 3434.0], [1577.75, 7819.0], [1577.5, 10345.0], [1577.25, 26920.0], [1577.0, 1319.0], [1576.75, 50471.0], [1576.25, 1380.0], [1575.5, 1719.0]], "asks": [[1581.25, 3850.0], [1581.5, 12418.0], [1581.75, 6165.0], [1582.0, 5024.0], [1582.25, 4139.0], [1582.5, 9005.0], [1582.75, 26079.0], [1583.0, 6499.0], [1583.25, 18623.0], [1583.5, 321.0], [1583.75, 8791.0], [1584.0, 24910.0], [1585.0, 1319.0], [1585.25, 52420.0], [1586.0, 1382.0], [1586.5, 53232.0], [1587.5, 1319.0], [1589.75, 1732.0], [1590.0, 73080.0], [1592.0, 1353.0]]}}}
{"jsonrpc": "2.0", "method": "subscription", "params": {"channel": "book.ETH-18APR25.none.20.100ms", "data": {"timestamp": 1744557776324, "change_id": 65545136926, "instrument_name": "ETH-18APR25", "bids": [[1580.75, 2500.0], [1580.5, 4660.0], [1580.25, 3562.0], [1580.0, 7214.0], [1579.75, 19322.0], [1579.5, 27031.0], [1579.25, 1640.0], [1579.0, 1655.0], [1578.75, 1703.0], [1578.5, 1655.0], [1578.25, 1913.0], [1578.0, 3434.0], [1577.75, 7819.0], [1577.5, 10345.0], [1577.25, 26920.0], [1577.0, 1319.0], [1576.75, 50471.0], [1576.25, 1380.0], [1575.5, 1719.0], [1574.75, 24028.0]], "asks": [[1581.0, 1350.0], [1581.25, 14578.0], [1581.5, 3627.0], [1581.75, 5071.0], [1582.0, 4924.0], [1582.25, 4139.0], [1582.5, 9005.0], [1582.75, 26079.0], [1583.0, 6499.0], [1583.25, 18623.0], [1583.5, 321.0], [1583.75, 8791.0], [1584.0, 24910.0], [1585.0, 1319.0], [1585.25, 52420.0], [1586.0, 1382.0], [1586.5, 53232.0], [1587.5, 1319.0], [1589.75, 1732.0], [1590.0, 73080.0]]}}}
{"jsonrpc": "2.0", "method": "subscription", "params": {"channel": "book.ETH-18APR25.none.20.100ms", "data": {"timestamp": 1744557776623, "change_id": 65545137453, "instrument_name": "ETH-18APR25", "bids": [[1580.5, 5854.0], [1580.25, 6522.0], [1580.0, 14170.0], [1579.75, 9322.0], [1579.5, 27031.0], [1579.25, 1640.0], [1579.0, 1655.0], [1578.75, 1703.0], [1578.5, 1655.0], [1578.25, 1913.0], [1578.0, 3434.0], [1577.75, 7819.0], [1577.5, 10345.0], [1577.25, 26920.0], [1577.0, 1319.0], [1576.75, 50471.0], [1576.25, 1380.0], [1575.5, 1719.0], [1574.75, 24028.0], [1574.5, 51800.0]], "asks": [[1581.0, 5505.0], [1581.25, 14578.0], [1581.5, 3627.0], [1581.75, 5071.0], [1582.0, 4924.0], [1582.25, 4139.0], [1582.5, 9005.0], [1582.75, 26079.0], [1583.0, 6499.0], [1583.25, 18623.0], [1583.5, 321.0], [1583.75, 8791.0], [1584.0, 24910.0], [1585.0, 1319.0], [1585.25, 52420.0], [1586.0, 1382.0], [1586.5, 53232.0], [1587.5, 1319.0], [1589.75, 1732.0], [1590.0, 73080.0]]}}}
{"jsonrpc": "2.0", "method": "subscription", "params": {"channel": "book.ETH-18APR25.none.20.100ms", "data": {"timestamp": 1744557776960, "change_id": 65545137921, "instrument_name": "ETH-18APR25", "bids": [[1580.75, 2501.0], [1580.5, 21660.0], [1580.25, 6522.0], [1580.0, 14170.0], [1579.75, 9322.0], [1579.5, 27031.0], [1579.25, 1640.0], [1579.0, 1655.0], [1578.75, 1703.0], [1578.5, 1655.0], [1578.25, 1913.0], [1578.0, 3434.0], [1577.75, 7819.0], [1577.5, 10345.0], [1577.25, 26920.0], [1577.0, 1319.0], [1576.75, 50471.0], [1576.25, 1380.0], [1575.5, 1719.0], [1574.75, 24028.0]], "asks": [[1581.0, 1350.0], [1581.25, 15277.0], [1581.5, 6127.0], [1581.75, 5071.0], [1582.0, 4924.0], [1582.25, 4139.0], [1582.5, 9005.0], [1582.75, 26079.0], [1583.0, 6499.0], [1583.25, 18623.0], [1583.5, 321.0], [1583.75, 8791.0], [1584.0, 24910.0], [1585.0, 1319.0], [1585.25, 52420.0], [1586.0, 1382.0], [1586.5, 53232.0], [1587.5, 1319.0], [1589.75, 1732.0], [1590.0, 73080.0]]}}}
{"jsonrpc": "2.0", "method": "subscription", "params": {"channel": "book.ETH-18APR25.none.20.100ms", "data": {"timestamp": 1744557777305, "change_id": 65545138087, "instrument_name": "ETH-18APR25", "bids": [[1580.75, 2500.0], [1580.5, 21660.0], [1580.25, 6522.0], [1580.0, 14170.0], [1579.75, 9322.0], [1579.5, 27031.0], [1579.25, 1640.0], [1579.0, 1655.0], [1578.75, 1703.0], [1578.5, 1655.0], [1578.25, 1913.0], [1578.0, 3434.0], [1577.75, 7819.0], [1577.5, 10345.0], [1577.25, 26920.0], [1577.0, 1319.0], [1576.75, 50471.0], [1576.25, 1380.0], [1575.5, 1719.0], [1574.75, 24028.0]], "asks": [[1581.0, 1351.0], [1581.25, 15277.0], [1581.5, 6127.0], [1581.75, 5071.0], [1582.0, 4924.0], [1582.25, 4139.0], [1582.5, 9005.0], [1582.75, 26079.0], [1583.0, 6499.0], [1583.25, 18623.0], [1583.5, 321.0], [1583.75, 8791.0], [1584.0, 24910.0], [1585.0, 1319.0], [1585.25, 52420.0], [1586.0, 1382.0], [1586.5, 53232.0], [1587.5, 1319.0], [1589.75, 1732.0], [1590.0, 73080.0]]}}}
{"jsonrpc": "2.0", "method": "subscription", "params": {"channel": "book.ETH-18APR25.none.20.100ms", "data": {"timestamp": 1744557777607, "change_id": 65545138366, "instrument_name": "ETH-18APR25", "bids": [[1580.5, 21660.0], [1580.25, 6522.0], [1580.0, 14170.0], [1579.75, 9322.0], [1579.5, 27031.0], [1579.25, 1640.0], [1579.0, 1655.0], [1578.75, 1703.0], [1578.5, 1655.0], [1578.25, 1913.0], [1578.0, 3434.0], [1577.75, 7819.0], [1577.5, 10345.0], [1577.25, 26920.0], [1577.0, 1319.0], [1576.75, 50471.0], [1576.25, 1380.0], [1575.5, 1719.0], [1574.75, 24028.0], [1574.5, 51800.0]], "asks": [[1581.0, 1351.0], [1581.25, 15277.0], [1581.5, 6127.0], [1581.75, 5071.0], [1582.0, 4924.0], [1582.25, 4139.0], [1582.5, 9005.0], [1582.75, 26079.0], [1583.0, 6499.0], [1583.25, 18623.0], [1583.5, 321.0], [1583.75, 8791.0], [1584.0, 24910.0], [1585.0, 1319.0], [1585.25, 52420.0], [1586.0, 1382.0], [1586.5, 53232.0], [1587.5, 1319.0], [1589.75, 1732.0], [1590.0, 73080.0]]}}}
{"jsonrpc": "2.0", "method": "subscription", "params": {"channel": "book.ETH-18APR25.none.20.100ms", "data": {"timestamp": 1744557777936, "change_id": 65545138701, "instrument_name": "ETH-18APR25", "bids": [[1580.5, 21660.0], [1580.25, 6522.0], [1580.0, 14170.0], [1579.75, 9322.0], [1579.5, 27031.0], [1579.25, 1640.0], [1579.0, 1655.0], [1578.75, 1703.0], [1578.5, 1655.0], [1578.25, 1913.0], [1578.0, 3434.0], [1577.75, 7819.0], [1577.5, 10345.0], [1577.25, 26920.0], [1577.0, 1319.0], [1576.75, 50471.0], [1576.25, 1380.0], [1575.5, 1719.0], [1574.75, 24028.0], [1574.5, 51800.0]], "asks": [[1581.0, 1351.0], [1581.25, 15277.0], [1581.5, 6127.0], [1581.75, 5071.0], [1582.0, 4924.0], [1582.25, 4139.0], [1582.5, 9005.0], [1582.75, 26079.0], [1583.0, 6499.0], [1583.25, 18623.0], [1583.5, 321.0], [1583.75, 8791.0], [1584.0, 24910.0], [1585.0, 1319.0], [1585.25, 52420.0], [1586.0, 1382.0], [1586.5, 53232.0], [1587.5, 1319.0], [1589.75, 1732.0], [1590.0, 73080.0]]}}}
{"jsonrpc": "2.0", "method": "subscription", "params": {"channel": "book.ETH-18APR25.none.20.100ms", "data": {"timestamp": 1744557778283, "change_id": 65545139093, "instrument_name": "ETH-18APR25", "bids": [[1580.75, 26329.0], [1580.5, 23417.0], [1580.25, 13562.0], [1580.0, 11822.0], [1579.75, 27030.0], [1579.5, 1671.0], [1579.25, 1640.0], [1579.0, 1655.0], [1578.75, 1703.0], [1578.5, 1655.0], [1578.25, 1913.0], [1578.0, 3434.0], [1577.75, 7819.0], [1577.5, 10345.0], [1577.25, 26920.0], [1577.0, 1319.0], [1576.75, 50471.0], [1576.25, 1380.0], [1575.5, 1719.0], [1574.75, 24028.0]], "asks": [[1581.25, 12060.0], [1581.5, 3568.0], [1581.75, 6265.0], [1582.0, 4924.0], [1582.25, 4139.0], [1582.5, 9005.0], [1582.75, 26079.0], [1583.0, 6499.0], [1583.25, 18623.0], [1583.5, 321.0], [1583.75, 8791.0], [1584.0, 24910.0], [1585.0, 1319.0], [1585.25, 52420.0], [1586.0, 1382.0], [1586.5, 53232.0], [1587.5, 1319.0], [1589.75, 1732.0], [1590.0, 73080.0], [1592.0, 1353.0]]}}}
{"jsonrpc": "2.0", "method": "subscription", "params": {"channel": "book.ETH-18APR25.none.20.100ms", "data": {"timestamp": 1744557778613, "change_id": 65545139414, "instrument_name": "ETH-18APR25", "bids": [[1580.75, 21259.0], [1580.5, 7511.0], [1580.25, 13562.0], [1580.0, 11822.0], [1579.75, 27030.0], [1579.5, 1671.0], [1579.25, 1640.0], [1579.0, 1655.0], [1578.75, 2111.0], [1578.5, 3885.0], [1578.25, 1913.0], [1578.0, 3434.0], [1577.75, 7819.0], [1577.5, 10345.0], [1577.25, 26920.0], [1577.0, 1319.0], [1576.75, 50471.0], [1576.25, 1380.0], [1575.5, 1719.0], [1574.75, 24028.0]], "asks": [[1581.25, 12060.0], [1581.5, 3568.0], [1581.75, 6265.0], [1582.0, 4924.0], [1582.25, 4139.0], [1582.5, 9005.0], [1582.75, 26079.0], [1583.0, 6499.0], [1583.25, 18623.0], [1583.5, 321.0], [1583.75, 8791.0], [1584.0, 24910.0], [1585.0, 1319.0], [1585.25, 52420.0], [1586.0, 1382.0], [1586.5, 53232.0], [1587.5, 1319.0], [1589.75, 1732.0], [1590.0, 73080.0], [1592.0, 1353.0]]}}}
{"jsonrpc": "2.0", "method": "subscription", "params": {"channel": "book.ETH-18APR25.none.20.100ms", "data": {"timestamp": 1744557778945, "change_id": 65545139773, "instrument_name": "ETH-18APR25", "bids": [[1581.0, 2500.0], [1580.75, 21259.0], [1580.5, 7511.0], [1580.25, 13562.0], [1580.0, 11822.0], [1579.75, 27030.0], [1579.5, 1671.0], [1579.25, 1640.0], [1579.0, 1655.0], [1578.75, 2111.0], [1578.5, 3885.0], [1578.25, 1913.0], [1578.0, 3434.0], [1577.75, 7819.0], [1577.5, 10345.0], [1577.25, 26920.0], [1577.0, 1319.0], [1576.75, 50471.0], [1576.25, 1380.0], [1575.5, 1719.0]], "asks": [[1581.25, 11671.0], [1581.5, 3568.0], [1581.75, 6265.0], [1582.0, 4924.0], [1582.25, 4139.0], [1582.5, 9005.0], [1582.75, 26079.0], [1583.0, 6499.0], [1583.25, 18623.0], [1583.5, 321.0], [1583.75, 8791.0], [1584.0, 24910.0], [1585.0, 1319.0], [1585.25, 52420.0], [1586.0, 1382.0], [1586.5, 53232.0], [1587.5, 1319.0], [1589.75, 1732.0], [1590.0, 73080.0], [1592.0, 1353.0]]}}}
{"jsonrpc": "2.0", "method": "subscription", "params": {"channel": "book.ETH-18APR25.none.20.100ms", "data": {"timestamp": 1744557779044, "change_id": 65545139797, "instrument_name": "ETH-18APR25", "bids": [[1580.75, 37066.0], [1580.5, 7511.0], [1580.25, 13562.0], [1580.0, 11822.0], [1579.75, 27030.0], [1579.5, 1671.0], [1579.25, 1640.0], [1579.0, 1655.0], [1578.75, 2111.0], [1578.5, 3885.0], [1578.25, 1913.0], [1578.0, 3434.0], [1577.75, 7819.0], [1577.5, 10345.0], [1577.25, 26920.0], [1577.0, 1319.0], [1576.75, 50471.0], [1576.25, 1380.0], [1575.5, 1719.0], [1574.75, 24028.0]], "asks": [[1581.25, 12060.0], [1581.5, 3568.0], [1581.75, 6265.0], [1582.0, 4924.0], [1582.25, 4139.0], [1582.5, 9005.0], [1582.75, 26079.0], [1583.0, 6499.0], [1583.25, 18623.0], [1583.5, 321.0], [1583.75, 8791.0], [1584.0, 24910.0], [1585.0, 1319.0], [1585.25, 52420.0], [1586.0, 1382.0], [1586.5, 53232.0], [1587.5, 1319.0], [1589.75, 1732.0], [1590.0, 73080.0], [1592.0, 1353.0]]}}}
{"jsonrpc": "2.0", "method": "subscription", "params": {"channel": "book.ETH-18APR25.none.20.100ms", "data": {"timestamp": 1744557780948, "change_id": 65545141455, "instrument_name": "ETH-18APR25", "bids": [[1580.75, 22066.0], [1580.5, 7511.0], [1580.25, 13562.0], [1580.0, 11822.0], [1579.75, 27030.0], [1579.5, 1671.0], [1579.25, 1640.0], [1579.0, 1655.0], [1578.75, 2111.0], [1578.5, 3885.0], [1578.25, 1913.0], [1578.0, 3434.0], [1577.75, 7819.0], [1577.5, 10345.0], [1577.25, 26920.0], [1577.0, 1319.0], [1576.75, 50471.0], [1576.25, 1380.0], [1575.5, 1719.0], [1574.75, 24028.0]], "asks": [[1581.25, 12369.0], [1581.5, 4762.0], [1581.75, 5071.0], [1582.0, 4924.0], [1582.25, 4139.0], [1582.5, 9005.0], [1582.75, 26079.0], [1583.0, 6499.0], [1583.25, 18623.0], [1583.5, 321.0], [1583.75, 8791.0], [1584.0, 24910.0], [1585.0, 1319.0], [1585.25, 52420.0], [1586.0, 1382.0], [1586.5, 53232.0], [1587.5, 1319.0], [1589.75, 1732.0], [1590.0, 73080.0], [1592.0, 1353.0]]}}}
{"jsonrpc": "2.0", "method": "subscription", "params": {"channel": "book.ETH-18APR25.none.20.100ms", "data": {"timestamp": 1744557781123, "change_id": 65545141559, "instrument_name": "ETH-18APR25", "bids": [[1580.75, 6259.0], [1580.5, 7511.0], [1580.25, 13562.0], [1580.0, 11822.0], [1579.75, 27030.0], [1579.5, 1671.0], [1579.25, 1640.0], [1579.0, 1655.0], [1578.75, 2111.0], [1578.5, 3885.0], [1578.25, 1913.0], [1578.0, 3434.0], [1577.75, 7819.0], [1577.5, 10345.0], [1577.25, 26920.0], [1577.0, 1319.0], [1576.75, 50471.0], [1576.25, 1380.0], [1575.5, 1719.0], [1574.75, 24028.0]], "asks": [[1581.25, 12369.0], [1581.5, 4762.0], [1581.75, 5071.0], [1582.0, 4924.0], [1582.25, 4139.0], [1582.5, 9005.0], [1582.75, 26079.0], [1583.0, 6499.0], [1583.25, 18623.0], [1583.5, 321.0], [1583.75, 8791.0], [1584.0, 24910.0], [1585.0, 1319.0], [1585.25, 52420.0], [1586.0, 1382.0], [1586.5, 53232.0], [1587.5, 1319.0], [1589.75, 1732.0], [1590.0, 73080.0], [1592.0, 1353.0]]}}}
{"jsonrpc": "2.0", "method": "subscription", "params": {"channel": "book.ETH-18APR25.none.20.100ms", "data": {"timestamp": 1744557781572, "change_id": 65545141912, "instrument_name": "ETH-18APR25", "bids": [[1580.75, 10901.0], [1580.5, 23317.0], [1580.25, 13562.0], [1580.0, 11822.0], [1579.75, 27030.0], [1579.5, 1671.0], [1579.25, 1640.0], [1579.0, 1655.0], [1578.75, 2111.0], [1578.5, 3885.0], [1578.25, 1913.0], [1578.0, 3434.0], [1577.75, 7819.0], [1577.5, 10345.0], [1577.25, 26920.0], [1577.0, 1319.0], [1576.75, 50471.0], [1576.25, 1380.0], [1575.5, 1719.0], [1574.75, 24028.0]], "asks": [[1581.25, 12369.0], [1581.5, 4762.0], [1581.75, 5071.0], [1582.0, 4924.0], [1582.25, 4139.0], [1582.5, 9005.0], [1582.75, 26079.0], [1583.0, 6499.0], [1583.25, 18623.0], [1583.5, 321.0], [1583.75, 8791.0], [1584.0, 24910.0], [1585.0, 1319.0], [1585.25, 52420.0], [1586.0, 1382.0], [1586.5, 53232.0], [1587.5, 1319.0], [1589.75, 1732.0], [1590.0, 73080.0], [1592.0, 1353.0]]}}}
{"jsonrpc": "2.0", "method": "subscription", "params": {"channel": "book.ETH-18APR25.none.20.100ms", "data": {"timestamp": 1744557781848, "change_id": 65545142196, "instrument_name": "ETH-18APR25", "bids": [[1580.75, 10901.0], [1580.5, 23317.0], [1580.25, 13562.0], [1580.0, 11822.0], [1579.75, 27030.0], [1579.5, 1671.0], [1579.25, 1640.0], [1579.0, 1655.0], [1578.75, 2111.0], [1578.5, 3885.0], [1578.25, 1913.0], [1578.0, 3434.0], [1577.75, 7819.0], [1577.5, 10345.0], [1577.25, 26920.0], [1577.0, 1319.0], [1576.75, 50471.0], [1576.25, 1380.0], [1575.5, 1719.0], [1574.75, 24028.0]], "asks": [[1581.25, 14869.0], [1581.5, 4762.0], [1581.75, 5071.0], [1582.0, 4924.0], [1582.25, 4139.0], [1582.5, 9005.0], [1582.75, 26079.0], [1583.0, 6499.0], [1583.25, 18623.0], [1583.5, 321.0], [1583.75, 8791.0], [1584.0, 24910.0], [1585.0, 1319.0], [1585.25, 52420.0], [1586.0, 1382.0], [1586.5, 53232.0], [1587.5, 1319.0], [1589.75, 1732.0], [1590.0, 73080.0], [1592.0, 1353.0]]}}}
{"jsonrpc": "2.0", "method": "subscription", "params": {"channel": "book.ETH-18APR25.none.20.100ms", "data": {"timestamp": 1744557782075, "change_id": 65545142410, "instrument_name": "ETH-18APR25", "bids": [[1580.75, 10901.0], [1580.5, 23317.0], [1580.25, 13562.0], [1580.0, 4170.0], [1579.75, 9322.0], [1579.5, 27031.0], [1579.25, 1640.0], [1579.0, 1655.0], [1578.75, 2111.0], [1578.5, 3885.0], [1578.25, 1913.0], [1578.0, 3434.0], [1577.75, 7819.0], [1577.5, 10345.0], [1577.25, 26920.0], [1577.0, 1319.0], [1576.75, 50471.0], [1576.25, 1380.0], [1575.5, 1719.0], [1574.75, 24028.0]], "asks": [[1581.25, 14869.0], [1581.5, 4762.0], [1581.75, 5071.0], [1582.0, 4924.0], [1582.25, 4139.0], [1582.5, 9005.0], [1582.75, 26079.0], [1583.0, 6499.0], [1583.25, 18623.0], [1583.5, 321.0], [1583.75, 8791.0], [1584.0, 24910.0], [1585.0, 1319.0], [1585.25, 52420.0], [1586.0, 1382.0], [1586.5, 53232.0], [1587.5, 1319.0], [1589.75, 1732.0], [1590.0, 73080.0], [1592.0, 1353.0]]}}}
{"jsonrpc": "2.0", "method": "subscription", "params": {"channel": "book.ETH-18APR25.none.20.100ms", "data": {"timestamp": 1744557782589, "change_id": 65545142994, "instrument_name": "ETH-18APR25", "bids": [[1580.75, 8541.0], [1580.5, 23317.0], [1580.25, 13562.0], [1580.0, 4170.0], [1579.75, 9322.0], [1579.5, 27031.0], [1579.25, 1640.0], [1579.0, 1655.0], [1578.75, 2111.0], [1578.5, 3885.0], [1578.25, 1913.0], [1578.0, 3434.0], [1577.75, 7819.0], [1577.5, 10345.0], [1577.25, 26920.0], [1577.0, 1319.0], [1576.75, 50471.0], [1576.25, 1380.0], [1575.5, 1719.0], [1574.75, 24028.0]], "asks": [[1581.25, 14869.0], [1581.5, 4762.0], [1581.75, 5071.0], [1582.0, 4924.0], [1582.25, 4139.0], [1582.5, 9005.0], [1582.75, 26079.0], [1583.0, 6499.0], [1583.25, 18623.0], [1583.5, 321.0], [1583.75, 8791.0], [1584.0, 24910.0], [1585.0, 1319.0], [1585.25, 52420.0], [1586.0, 1382.0], [1586.5, 53232.0], [1587.5, 1319.0], [1589.75, 1732.0], [1590.0, 73080.0], [1592.0, 1353.0]]}}}
{"jsonrpc": "2.0", "method": "subscription", "params": {"channel": "book.ETH-18APR25.none.20.100ms", "data": {"timestamp": 1744557782933, "change_id": 65545143326, "instrument_name": "ETH-18APR25", "bids": [[1580.75, 26041.0], [1580.5, 23317.0], [1580.25, 13562.0], [1580.0, 4170.0], [1579.75, 9322.0], [1579.5, 27031.0], [1579.25, 1640.0], [1579.0, 1655.0], [1578.75, 2111.0], [1578.5, 3885.0], [1578.25, 1913.0], [1578.0, 3434.0], [1577.75, 7819.0], [1577.5, 10345.0], [1577.25, 26920.0], [1577.0, 1319.0], [1576.75, 50471.0], [1576.25, 1380.0], [1575.5, 1719.0], [1574.75, 24028.0]], "asks": [[1581.25, 12060.0], [1581.5, 3568.0], [1581.75, 6265.0], [1582.0, 4924.0], [1582.25, 4139.0], [1582.5, 9005.0], [1582.75, 26079.0], [1583.0, 6499.0], [1583.25, 18623.0], [1583.5, 321.0], [1583.75, 8791.0], [1584.0, 24910.0], [1585.0, 1319.0], [1585.25, 52420.0], [1586.0, 1382.0], [1586.5, 53232.0], [1587.5, 1319.0], [1589.75, 1732.0], [1590.0, 73080.0], [1592.0, 1353.0]]}}}
{"jsonrpc": "2.0", "method": "subscription", "params": {"channel": "book.ETH-18APR25.none.20.100ms", "data": {"timestamp": 1744557783261, "change_id": 65545143546, "instrument_name": "ETH-18APR25", "bids": [[1581.0, 3850.0], [1580.75, 20854.0], [1580.5, 6161.0], [1580.25, 13562.0], [1580.0, 4170.0], [1579.75, 9322.0], [1579.5, 27031.0], [1579.25, 1640.0], [1579.0, 1655.0], [1578.75, 2111.0], [1578.5, 3885.0], [1578.25, 1913.0], [1578.0, 3434.0], [1577.75, 7819.0], [1577.5, 10345.0], [1577.25, 26920.0], [1577.0, 1319.0], [1576.75, 50471.0], [1576.25, 1380.0], [1575.5, 1719.0]], "asks": [[1581.25, 11671.0], [1581.5, 3568.0], [1581.75, 6265.0], [1582.0, 4924.0], [1582.25, 4139.0], [1582.5, 9005.0], [1582.75, 26079.0], [1583.0, 6499.0], [1583.25, 18623.0], [1583.5, 321.0], [1583.75, 8791.0], [1584.0, 24910.0], [1585.0, 1319.0], [1585.25, 52420.0], [1586.0, 1382.0], [1586.5, 53232.0], [1587.5, 1319.0], [1589.75, 1732.0], [1590.0, 73080.0], [1592.0, 1353.0]]}}}
{"jsonrpc": "2.0", "method": "subscription", "params": {"channel": "book.ETH-18APR25.none.20.100ms", "data": {"timestamp": 1744557783573, "change_id": 65545143834, "instrument_name": "ETH-18APR25", "bids": [[1580.75, 20854.0], [1580.5, 6161.0], [1580.25, 13562.0], [1580.0, 4170.0], [1579.75, 9322.0], [1579.5, 27031.0], [1579.25, 1640.0], [1579.0, 1655.0], [1578.75, 2111.0], [1578.5, 3885.0], [1578.25, 1913.0], [1578.0, 3434.0], [1577.75, 7819.0], [1577.5, 10345.0], [1577.25, 26920.0], [1577.0, 1319.0], [1576.75, 50471.0], [1576.25, 1380.0], [1575.5, 1719.0], [1574.75, 24028.0]], "asks": [[1581.25, 12060.0], [1581.5, 3568.0], [1581.75, 6265.0], [1582.0, 4924.0], [1582.25, 4139.0], [1582.5, 9005.0], [1582.75, 26079.0], [1583.0, 6499.0], [1583.25, 18623.0], [1583.5, 321.0], [1583.75, 8791.0], [1584.0, 24910.0], [1585.0, 1319.0], [1585.25, 52420.0], [1586.0, 1382.0], [1586.5, 53232.0], [1587.5, 1319.0], [1589.75, 1732.0], [1590.0, 73080.0], [1592.0, 1353.0]]}}}
{"jsonrpc": "2.0", "method": "subscription", "params": {"channel": "book.ETH-18APR25.none.20.100ms", "data": {"timestamp": 1744557783702, "change_id": 65545143922, "instrument_name": "ETH-18APR25", "bids": [[1580.75, 36662.0], [1580.5, 6161.0], [1580.25, 13562.0], [1580.0, 4170.0], [1579.75, 9322.0], [1579.5, 27031.0], [1579.25, 1640.0], [1579.0, 1655.0], [1578.75, 2111.0], [1578.5, 3885.0], [1578.25, 1913.0], [1578.0, 3434.0], [1577.75, 7819.0], [1577.5, 10345.0], [1577.25, 26920.0], [1577.0, 1319.0], [1576.75, 50471.0], [1576.25, 1380.0], [1575.5, 1719.0], [1574.75, 24028.0]], "asks": [[1581.25, 12060.0], [1581.5, 3568.0], [1581.75, 6265.0], [1582.0, 4924.0], [1582.25, 4139.0], [1582.5, 9005.0], [1582.75, 26079.0], [1583.0, 6499.0], [1583.25, 18623.0], [1583.5, 321.0], [1583.75, 8791.0], [1584.0, 24910.0], [1585.0, 1319.0], [1585.25, 52420.0], [1586.0, 1382.0], [1586.5, 53232.0], [1587.5, 1319.0], [1589.75, 1732.0], [1590.0, 73080.0], [1592.0, 1353.0]]}}}
{"jsonrpc": "2.0", "method": "subscription", "params": {"channel": "book.ETH-18APR25.none.20.100ms", "data": {"timestamp": 1744557784910, "change_id": 65545145931, "instrument_name": "ETH-18APR25", "bids": [[1581.25, 5044.0], [1581.0, 2600.0], [1580.75, 18308.0], [1580.5, 12500.0], [1580.25, 3871.0], [1580.0, 3849.0], [1579.75, 26709.0], [1579.5, 1350.0], [1579.25, 1319.0], [1579.0, 1334.0], [1578.75, 1382.0], [1578.5, 1334.0], [1578.25, 1382.0], [1578.0, 1366.0], [1577.75, 7028.0], [1577.5, 2772.0], [1577.25, 26599.0], [1577.0, 1319.0], [1576.75, 50471.0], [1576.25, 1380.0]], "asks": [[1581.75, 11350.0], [1582.0, 3694.0], [1582.25, 3918.0], [1582.5, 3818.0], [1582.75, 25758.0], [1583.0, 1317.0], [1583.25, 18623.0], [1583.75, 1318.0], [1584.0, 24910.0], [1585.0, 1319.0], [1585.25, 52420.0], [1586.0, 1382.0], [1586.5, 53232.0], [1587.5, 1319.0], [1589.75, 1732.0], [1590.0, 73080.0], [1592.0, 1353.0], [1592.5, 74477.0], [1592.75, 1382.0], [1593.0, 3148.0]]}}}
{"jsonrpc": "2.0", "method": "subscription", "params": {"channel": "book.ETH-18APR25.none.20.100ms", "data": {"timestamp": 1744557785093, "change_id": 65545146265, "instrument_name": "ETH-18APR25", "bids": [[1581.25, 3851.0], [1581.0, 3794.0], [1580.75, 2500.0], [1580.5, 12500.0], [1580.25, 3871.0], [1580.0, 3849.0], [1579.75, 26709.0], [1579.5, 1350.0], [1579.25, 1319.0], [1579.0, 1334.0], [1578.75, 1382.0], [1578.5, 1334.0], [1578.25, 1382.0], [1578.0, 1366.0], [1577.75, 7028.0], [1577.5, 2772.0], [1577.25, 26599.0], [1577.0, 1319.0], [1576.75, 50471.0], [1576.25, 1380.0]], "asks": [[1581.5, 1350.0], [1581.75, 11350.0], [1582.0, 3694.0], [1582.25, 3918.0], [1582.5, 3818.0], [1582.75, 25758.0], [1583.0, 1317.0], [1583.25, 18623.0], [1583.75, 1318.0], [1584.0, 24910.0], [1585.0, 1319.0], [1585.25, 52420.0], [1586.0, 1382.0], [1586.5, 53232.0], [1587.5, 1319.0], [1589.75, 1732.0], [1590.0, 73080.0], [1592.0, 1353.0], [1592.5, 74477.0], [1592.75, 1382.0]]}}}
{"jsonrpc": "2.0", "method": "subscription", "params": {"channel": "book.ETH-18APR25.none.20.100ms", "data": {"timestamp": 1744557785461, "change_id": 65545146575, "instrument_name": "ETH-18APR25", "bids": [[1581.25, 13140.0], [1581.0, 4544.0], [1580.75, 6250.0], [1580.5, 13661.0], [1580.25, 5026.0], [1580.0, 11862.0], [1579.75, 27030.0], [1579.5, 1671.0], [1579.25, 1640.0], [1579.0, 1655.0], [1578.75, 1703.0], [1578.5, 1655.0], [1578.25, 1703.0], [1578.0, 3474.0], [1577.75, 7028.0], [1577.5, 2772.0], [1577.25, 26599.0], [1577.0, 1319.0], [1576.75, 50471.0], [1576.25, 1380.0]], "asks": [[1581.75, 12458.0], [1582.0, 4869.0], [1582.25, 5063.0], [1582.5, 11545.0], [1582.75, 26079.0], [1583.0, 6904.0], [1583.25, 18623.0], [1583.5, 321.0], [1583.75, 8791.0], [1584.0, 24910.0], [1585.0, 1319.0], [1585.25, 52420.0], [1586.0, 1382.0], [1586.5, 53232.0], [1587.5, 1319.0], [1589.75, 1732.0], [1590.0, 73080.0], [1592.0, 1353.0], [1592.5, 74477.0], [1592.75, 1382.0]]}}}
{"jsonrpc": "2.0", "method": "subscription", "params": {"channel": "book.ETH-18APR25.none.20.100ms", "data": {"timestamp": 1744557785888, "change_id": 65545147222, "instrument_name": "ETH-18APR25", "bids": [[1581.25, 8152.0], [1581.0, 4544.0], [1580.75, 6250.0], [1580.5, 13661.0], [1580.25, 5026.0], [1580.0, 11862.0], [1579.75, 27030.0], [1579.5, 1671.0], [1579.25, 1640.0], [1579.0, 1655.0], [1578.75, 1703.0], [1578.5, 1655.0], [1578.25, 1703.0], [1578.0, 3474.0], [1577.75, 7028.0], [1577.5, 2772.0], [1577.25, 26599.0], [1577.0, 1319.0], [1576.75, 50471.0], [1576.25, 1380.0]], "asks": [[1581.5, 3850.0], [1581.75, 14958.0], [1582.0, 4869.0], [1582.25, 5063.0], [1582.5, 11545.0], [1582.75, 26079.0], [1583.0, 6904.0], [1583.25, 18623.0], [1583.5, 321.0], [1583.75, 8791.0], [1584.0, 24910.0], [1585.0, 1319.0], [1585.25, 52420.0], [1586.0, 1382.0], [1586.5, 53232.0], [1587.5, 1319.0], [1589.75, 1732.0], [1590.0, 73080.0], [1592.0, 1353.0], [1592.5, 74477.0]]}}}
{"jsonrpc": "2.0", "method": "subscription", "params": {"channel": "book.ETH-18APR25.none.20.100ms", "data": {"timestamp": 1744557786079, "change_id": 65545147486, "instrument_name": "ETH-18APR25", "bids": [[1581.25, 2489.0], [1581.0, 4544.0], [1580.75, 6250.0], [1580.5, 13661.0], [1580.25, 5026.0], [1580.0, 11862.0], [1579.75, 27030.0], [1579.5, 1671.0], [1579.25, 1640.0], [1579.0, 1655.0], [1578.75, 1703.0], [1578.5, 1655.0], [1578.25, 1703.0], [1578.0, 3474.0], [1577.75, 7028.0], [1577.5, 2772.0], [1577.25, 26599.0], [1577.0, 1319.0], [1576.75, 50471.0], [1576.25, 1380.0]], "asks": [[1581.75, 14958.0], [1582.0, 4869.0], [1582.25, 5063.0], [1582.5, 11545.0], [1582.75, 26079.0], [1583.0, 6904.0], [1583.25, 18623.0], [1583.5, 321.0], [1583.75, 8791.0], [1584.0, 24910.0], [1585.0, 1319.0], [1585.25, 52420.0], [1586.0, 1382.0], [1586.5, 53232.0], [1587.5, 1319.0], [1589.75, 1732.0], [1590.0, 73080.0], [1592.0, 1353.0], [1592.5, 74477.0], [1592.75, 1382.0]]}}}
{"jsonrpc": "2.0", "method": "subscription", "params": {"channel": "book.ETH-18APR25.none.20.100ms", "data": {"timestamp": 1744557786457, "change_id": 65545147768, "instrument_name": "ETH-18APR25", "bids": [[1581.25, 7090.0], [1581.0, 20354.0], [1580.75, 6250.0], [1580.5, 13661.0], [1580.25, 5026.0], [1580.0, 11862.0], [1579.75, 27030.0], [1579.5, 1671.0], [1579.25, 1640.0], [1579.0, 1655.0], [1578.75, 1703.0], [1578.5, 1655.0], [1578.25, 1703.0], [1578.0, 3474.0], [1577.75, 7028.0], [1577.5, 2772.0], [1577.25, 26599.0], [1577.0, 1319.0], [1576.75, 50471.0], [1576.25, 1380.0]], "asks": [[1581.75, 14958.0], [1582.0, 4869.0], [1582.25, 5063.0], [1582.5, 11545.0], [1582.75, 26079.0], [1583.0, 6904.0], [1583.25, 18623.0], [1583.5, 321.0], [1583.75, 8791.0], [1584.0, 24910.0], [1585.0, 1319.0], [1585.25, 52420.0], [1586.0, 1382.0], [1586.5, 53232.0], [1587.5, 1319.0], [1589.75, 1732.0], [1590.0, 73080.0], [1592.0, 1353.0], [1592.5, 74477.0], [1592.75, 1382.0]]}}}
{"jsonrpc": "2.0", "method": "subscription", "params": {"channel": "book.ETH-18APR25.none.20.100ms", "data": {"timestamp": 1744557786792, "change_id": 65545148231, "instrument_name": "ETH-18APR25", "bids": [[1581.25, 9590.0], [1581.0, 20354.0], [1580.75, 6250.0], [1580.5, 13661.0], [1580.25, 5026.0], [1580.0, 11862.0], [1579.75, 27030.0], [1579.5, 1671.0], [1579.25, 1640.0], [1579.0, 1655.0], [1578.75, 1703.0], [1578.5, 1655.0], [1578.25, 1703.0], [1578.0, 3474.0], [1577.75, 7028.0], [1577.5, 2772.0], [1577.25, 26599.0], [1577.0, 1319.0], [1576.75, 50471.0], [1576.25, 1380.0]], "asks": [[1581.75, 14958.0], [1582.0, 4869.0], [1582.25, 5063.0], [1582.5, 11545.0], [1582.75, 26079.0], [1583.0, 6904.0], [1583.25, 18623.0], [1583.5, 321.0], [1583.75, 8791.0], [1584.0, 24910.0], [1585.0, 1319.0], [1585.25, 52420.0], [1586.0, 1382.0], [1586.5, 53232.0], [1587.5, 1319.0], [1589.75, 1732.0], [1590.0, 73080.0], [1592.0, 1353.0], [1592.5, 74477.0], [1592.75, 1382.0]]}}}
{"jsonrpc": "2.0", "method": "subscription", "params": {"channel": "book.ETH-18APR25.none.20.100ms", "data": {"timestamp": 1744557787509, "change_id": 65545148549, "instrument_name": "ETH-18APR25", "bids": [[1581.25, 9590.0], [1581.0, 23260.0], [1580.75, 13573.0], [1580.5, 5032.0], [1580.25, 5026.0], [1580.0, 11862.0], [1579.75, 27030.0], [1579.5, 1671.0], [1579.25, 2234.0], [1579.0, 4643.0], [1578.75, 1703.0], [1578.5, 1655.0], [1578.25, 1703.0], [1578.0, 3474.0], [1577.75, 7028.0], [1577.5, 2772.0], [1577.25, 26599.0], [1577.0, 1319.0], [1576.75, 50471.0], [1576.25, 1380.0]], "asks": [[1581.75, 14958.0], [1582.0, 4869.0], [1582.25, 5063.0], [1582.5, 11545.0], [1582.75, 26079.0], [1583.0, 6904.0], [1583.25, 18623.0], [1583.5, 321.0], [1583.75, 8791.0], [1584.0, 24910.0], [1585.0, 1319.0], [1585.25, 52420.0], [1586.0, 1382.0], [1586.5, 53232.0], [1587.5, 1319.0], [1589.75, 1732.0], [1590.0, 73080.0], [1592.0, 1353.0], [1592.5, 74477.0], [1592.75, 1382.0]]}}}
{"jsonrpc": "2.0", "method": "subscription", "params": {"channel": "book.ETH-18APR25.none.20.100ms", "data": {"timestamp": 1744557787894, "change_id": 65545149146, "instrument_name": "ETH-18APR25", "bids": [[1581.25, 9590.0], [1581.0, 22066.0], [1580.75, 13573.0], [1580.5, 5032.0], [1580.25, 5026.0], [1580.0, 11862.0], [1579.75, 27030.0], [1579.5, 1671.0], [1579.25, 2234.0], [1579.0, 4643.0], [1578.75, 1703.0], [1578.5, 1655.0], [1578.25, 1703.0], [1578.0, 3474.0], [1577.75, 7028.0], [1577.5, 2772.0], [1577.25, 26599.0], [1577.0, 1319.0], [1576.75, 50471.0], [1576.25, 1380.0]], "asks": [[1581.75, 12458.0], [1582.0, 4869.0], [1582.25, 5063.0], [1582.5, 11545.0], [1582.75, 26079.0], [1583.0, 6904.0], [1583.25, 18623.0], [1583.5, 321.0], [1583.75, 8791.0], [1584.0, 24910.0], [1585.0, 1319.0], [1585.25, 52420.0], [1586.0, 1382.0], [1586.5, 53232.0], [1587.5, 1319.0], [1589.75, 1732.0], [1590.0, 73080.0], [1592.0, 1353.0], [1592.5, 74477.0], [1592.75, 1382.0]]}}}
{"jsonrpc": "2.0", "method": "subscription", "params": {"channel": "book.ETH-18APR25.none.20.100ms", "data": {"timestamp": 1744557788075, "change_id": 65545149308, "instrument_name": "ETH-18APR25", "bids": [[1581.25, 5784.0], [1581.0, 6256.0], [1580.75, 13573.0], [1580.5, 5032.0], [1580.25, 5026.0], [1580.0, 29530.0], [1579.75, 1670.0], [1579.5, 1671.0], [1579.25, 2234.0], [1579.0, 4643.0], [1578.75, 1703.0], [1578.5, 1655.0], [1578.25, 1703.0], [1578.0, 3474.0], [1577.75, 7028.0], [1577.5, 2772.0], [1577.25, 26599.0], [1577.0, 1319.0], [1576.75, 50471.0], [1576.25, 1380.0]], "asks": [[1581.75, 12458.0], [1582.0, 4869.0], [1582.25, 5063.0], [1582.5, 11545.0], [1582.75, 26079.0], [1583.0, 6904.0], [1583.25, 18623.0], [1583.5, 321.0], [1583.75, 8791.0], [1584.0, 24910.0], [1585.0, 1319.0], [1585.25, 52420.0], [1586.0, 1382.0], [1586.5, 53232.0], [1587.5, 1319.0], [1589.75, 1732.0], [1590.0, 73080.0], [1592.0, 1353.0], [1592.5, 74477.0], [1592.75, 1382.0]]}}}
{"jsonrpc": "2.0", "method": "subscription", "params": {"channel": "book.ETH-18APR25.none.20.100ms", "data": {"timestamp": 1744557788416, "change_id": 65545149409, "instrument_name": "ETH-18APR25", "bids": [[1581.25, 16544.0], [1581.0, 6256.0], [1580.75, 13573.0], [1580.5, 5032.0], [1580.25, 5026.0], [1580.0, 29530.0], [1579.75, 1670.0], [1579.5, 1671.0], [1579.25, 2234.0], [1579.0, 4643.0], [1578.75, 1703.0], [1578.5, 1655.0], [1578.25, 1703.0], [1578.0, 3474.0], [1577.75, 7028.0], [1577.5, 2772.0], [1577.25, 26599.0], [1577.0, 1319.0], [1576.75, 50471.0], [1576.25, 1380.0]], "asks": [[1581.75, 12458.0], [1582.0, 4869.0], [1582.25, 5063.0], [1582.5, 11545.0], [1582.75, 26079.0], [1583.0, 6904.0], [1583.25, 18623.0], [1583.5, 321.0], [1583.75, 8791.0], [1584.0, 24910.0], [1585.0, 1319.0], [1585.25, 52420.0], [1586.0, 1382.0], [1586.5, 53232.0], [1587.5, 1319.0], [1589.75, 1732.0], [1590.0, 73080.0], [1592.0, 1353.0], [1592.5, 74477.0], [1592.75, 1382.0]]}}}
{"jsonrpc": "2.0", "method": "subscription", "params": {"channel": "book.ETH-18APR25.none.20.100ms", "data": {"timestamp": 1744557788832, "change_id": 65545150037, "instrument_name": "ETH-18APR25", "bids": [[1581.25, 1672.0], [1581.0, 7450.0], [1580.75, 13573.0], [1580.5, 5032.0], [1580.25, 5026.0], [1580.0, 29530.0], [1579.75, 1670.0], [1579.5, 1671.0], [1579.25, 2234.0], [1579.0, 4643.0], [1578.75, 1703.0], [1578.5, 1655.0], [1578.25, 1703.0], [1578.0, 3474.0], [1577.75, 7028.0], [1577.5, 2772.0], [1577.25, 26599.0], [1577.0, 1319.0], [1576.75, 50471.0], [1576.25, 1380.0]], "asks": [[1581.5, 1350.0], [1581.75, 12458.0], [1582.0, 4869.0], [1582.25, 5063.0], [1582.5, 11545.0], [1582.75, 26079.0], [1583.0, 6904.0], [1583.25, 18623.0], [1583.5, 321.0], [1583.75, 8791.0], [1584.0, 24910.0], [1585.0, 1319.0], [1585.25, 52420.0], [1586.0, 1382.0], [1586.5, 53232.0], [1587.5, 1319.0], [1589.75, 1732.0], [1590.0, 73080.0], [1592.0, 1353.0], [1592.5, 74477.0]]}}}
{"jsonrpc": "2.0", "method": "subscription", "params": {"channel": "book.ETH-18APR25.none.20.100ms", "data": {"timestamp": 1744557789094, "change_id": 65545150237, "instrument_name": "ETH-18APR25", "bids": [[1581.25, 1671.0], [1581.0, 7450.0], [1580.75, 13573.0], [1580.5, 5032.0], [1580.25, 12489.0], [1580.0, 29530.0], [1579.75, 1670.0], [1579.5, 1671.0], [1579.25, 2234.0], [1579.0, 4643.0], [1578.75, 1703.0], [1578.5, 1655.0], [1578.25, 1703.0], [1578.0, 3474.0], [1577.75, 7028.0], [1577.5, 2772.0], [1577.25, 26599.0], [1577.0, 1319.0], [1576.75, 50471.0], [1576.25, 1380.0]], "asks": [[1581.5, 1350.0], [1581.75, 12458.0], [1582.0, 4869.0], [1582.25, 5063.0], [1582.5, 11545.0], [1582.75, 26079.0], [1583.0, 6904.0], [1583.25, 18623.0], [1583.5, 321.0], [1583.75, 8791.0], [1584.0, 24910.0], [1585.0, 1319.0], [1585.25, 52420.0], [1586.0, 1382.0], [1586.5, 53232.0], [1587.5, 1319.0], [1589.75, 1732.0], [1590.0, 73080.0], [1592.0, 1353.0], [1592.5, 74477.0]]}}}
{"jsonrpc": "2.0", "method": "subscription", "params": {"channel": "book.ETH-18APR25.none.20.100ms", "data": {"timestamp": 1744557789265, "change_id": 65545150307, "instrument_name": "ETH-18APR25", "bids": [[1581.25, 1671.0], [1581.0, 23260.0], [1580.75, 13573.0], [1580.5, 5032.0], [1580.25, 12489.0], [1580.0, 29530.0], [1579.75, 1670.0], [1579.5, 1671.0], [1579.25, 2234.0], [1579.0, 4643.0], [1578.75, 1703.0], [1578.5, 1655.0], [1578.25, 1703.0], [1578.0, 3474.0], [1577.75, 7028.0], [1577.5, 2772.0], [1577.25, 26599.0], [1577.0, 1319.0], [1576.75, 50471.0], [1576.25, 1380.0]], "asks": [[1581.5, 1350.0], [1581.75, 12458.0], [1582.0, 4869.0], [1582.25, 5063.0], [1582.5, 11545.0], [1582.75, 26079.0], [1583.0, 6904.0], [1583.25, 18623.0], [1583.5, 321.0], [1583.75, 8791.0], [1584.0, 24910.0], [1585.0, 1319.0], [1585.25, 52420.0], [1586.0, 1382.0], [1586.5, 53232.0], [1587.5, 1319.0], [1589.75, 1732.0], [1590.0, 73080.0], [1592.0, 1353.0], [1592.5, 74477.0]]}}}
{"jsonrpc": "2.0", "method": "subscription", "params": {"channel": "book.ETH-18APR25.none.20.100ms", "data": {"timestamp": 1744557789861, "change_id": 65545150804, "instrument_name": "ETH-18APR25", "bids": [[1581.25, 1671.0], [1581.0, 23260.0], [1580.75, 13573.0], [1580.5, 5032.0], [1580.25, 12489.0], [1580.0, 29530.0], [1579.75, 1670.0], [1579.5, 1671.0], [1579.25, 2234.0], [1579.0, 4643.0], [1578.75, 1703.0], [1578.5, 1655.0], [1578.25, 1703.0], [1578.0, 3474.0], [1577.75, 7028.0], [1577.5, 2772.0], [1577.25, 26599.0], [1577.0, 1319.0], [1576.75, 50471.0], [1576.25, 1380.0]], "asks": [[1581.5, 1350.0], [1581.75, 12458.0], [1582.0, 4869.0], [1582.25, 5063.0], [1582.5, 11545.0], [1582.75, 26079.0], [1583.0, 6904.0], [1583.25, 18623.0], [1583.5, 321.0], [1583.75, 8791.0], [1584.0, 24910.0], [1585.0, 1319.0], [1585.25, 52420.0], [1586.0, 1382.0], [1586.5, 53232.0], [1587.5, 1319.0], [1589.75, 1732.0], [1590.0, 73080.0], [1592.0, 1353.0], [1592.5, 74477.0]]}}}
{"jsonrpc": "2.0", "method": "subscription", "params": {"channel": "book.ETH-18APR25.none.20.100ms", "data": {"timestamp": 1744557790087, "change_id": 65545150934, "instrument_name": "ETH-18APR25", "bids": [[1581.25, 1672.0], [1581.0, 23260.0], [1580.75, 13573.0], [1580.5, 5032.0], [1580.25, 12489.0], [1580.0, 29530.0], [1579.75, 1670.0], [1579.5, 1671.0], [1579.25, 2234.0], [1579.0, 4643.0], [1578.75, 1703.0], [1578.5, 1655.0], [1578.25, 1703.0], [1578.0, 3474.0], [1577.75, 7028.0], [1577.5, 2772.0], [1577.25, 26599.0], [1577.0, 1319.0], [1576.75, 50471.0], [1576.25, 1380.0]], "asks": [[1581.5, 1350.0], [1581.75, 12458.0], [1582.0, 4869.0], [1582.25, 5063.0], [1582.5, 11545.0], [1582.75, 26079.0], [1583.0, 6904.0], [1583.25, 18623.0], [1583.5, 321.0], [1583.75, 8791.0], [1584.0, 24910.0], [1585.0, 1319.0], [1585.25, 52420.0], [1586.0, 1382.0], [1586.5, 53232.0], [1587.5, 1319.0], [1589.75, 1732.0], [1590.0, 73080.0], [1592.0, 1353.0], [1592.5, 74477.0]]}}}
{"jsonrpc": "2.0", "method": "subscription", "params": {"channel": "book.ETH-18APR25.none.20.100ms", "data": {"timestamp": 1744557790850, "change_id": 65545151590, "instrument_name": "ETH-18APR25", "bids": [[1581.0, 24610.0], [1580.75, 13573.0], [1580.5, 5032.0], [1580.25, 12489.0], [1580.0, 29530.0], [1579.75, 1670.0], [1579.5, 1671.0], [1579.25, 2234.0], [1579.0, 4643.0], [1578.75, 1703.0], [1578.5, 1655.0], [1578.25, 1703.0], [1578.0, 3474.0], [1577.75, 7028.0], [1577.5, 2772.0], [1577.25, 26599.0], [1577.0, 1319.0], [1576.75, 50471.0], [1576.25, 1380.0], [1575.5, 1719.0]], "asks": [[1581.5, 4755.0], [1581.75, 12458.0], [1582.0, 6340.0], [1582.25, 4963.0], [1582.5, 11545.0], [1582.75, 26079.0], [1583.0, 6904.0], [1583.25, 18623.0], [1583.5, 321.0], [1583.75, 8791.0], [1584.0, 24910.0], [1585.0, 1319.0], [1585.25, 52420.0], [1586.0, 1382.0], [1586.5, 53232.0], [1587.5, 1319.0], [1589.75, 1732.0], [1590.0, 73080.0], [1592.0, 1353.0], [1592.5, 74477.0]]}}}
{"jsonrpc": "2.0", "method": "subscription", "params": {"channel": "book.ETH-18APR25.none.20.100ms", "data": {"timestamp": 1744557791189, "change_id": 65545152009, "instrument_name": "ETH-18APR25", "bids": [[1581.25, 3851.0], [1581.0, 24610.0], [1580.75, 13573.0], [1580.5, 5032.0], [1580.25, 5026.0], [1580.0, 11822.0], [1579.75, 27030.0], [1579.5, 1671.0], [1579.25, 2234.0], [1579.0, 4643.0], [1578.75, 1703.0], [1578.5, 1655.0], [1578.25, 1703.0], [1578.0, 3474.0], [1577.75, 7028.0], [1577.5, 2772.0], [1577.25, 26599.0], [1577.0, 1319.0], [1576.75, 50471.0], [1576.25, 1380.0]], "asks": [[1581.5, 1350.0], [1581.75, 12458.0], [1582.0, 6340.0], [1582.25, 4963.0], [1582.5, 11545.0], [1582.75, 26079.0], [1583.0, 6904.0], [1583.25, 18623.0], [1583.5, 321.0], [1583.75, 8791.0], [1584.0, 24910.0], [1585.0, 1319.0], [1585.25, 52420.0], [1586.0, 1382.0], [1586.5, 53232.0], [1587.5, 1319.0], [1589.75, 1732.0], [1590.0, 73080.0], [1592.0, 1353.0], [1592.5, 74477.0]]}}}
{"jsonrpc": "2.0", "method": "subscription", "params": {"channel": "book.ETH-18APR25.none.20.100ms", "data": {"timestamp": 1744557791375, "change_id": 65545152123, "instrument_name": "ETH-18APR25", "bids": [[1581.0, 24610.0], [1580.75, 13573.0], [1580.5, 5032.0], [1580.25, 5026.0], [1580.0, 11822.0], [1579.75, 27030.0], [1579.5, 1671.0], [1579.25, 2234.0], [1579.0, 4643.0], [1578.75, 1703.0], [1578.5, 1655.0], [1578.25, 1703.0], [1578.0, 3474.0], [1577.75, 7028.0], [1577.5, 2772.0], [1577.25, 26599.0], [1577.0, 1319.0], [1576.75, 50471.0], [1576.25, 1380.0], [1575.5, 1719.0]], "asks": [[1581.5, 4755.0], [1581.75, 12458.0], [1582.0, 6340.0], [1582.25, 4963.0], [1582.5, 11545.0], [1582.75, 26079.0], [1583.0, 6904.0], [1583.25, 18623.0], [1583.5, 321.0], [1583.75, 8791.0], [1584.0, 24910.0], [1585.0, 1319.0], [1585.25, 52420.0], [1586.0, 1382.0], [1586.5, 53232.0], [1587.5, 1319.0], [1589.75, 1732.0], [1590.0, 73080.0], [1592.0, 1353.0], [1592.5, 74477.0]]}}}
{"jsonrpc": "2.0", "method": "subscription", "params": {"channel": "book.ETH-18APR25.none.20.100ms", "data": {"timestamp": 1744557792070, "change_id": 65545152758, "instrument_name": "ETH-18APR25", "bids": [[1581.25, 2501.0], [1581.0, 24610.0], [1580.75, 13573.0], [1580.5, 5032.0], [1580.25, 5026.0], [1580.0, 11822.0], [1579.75, 27030.0], [1579.5, 1671.0], [1579.25, 2234.0], [1579.0, 4643.0], [1578.75, 1703.0], [1578.5, 1655.0], [1578.25, 1703.0], [1578.0, 3474.0], [1577.75, 7028.0], [1577.5, 2772.0], [1577.25, 26599.0], [1577.0, 1319.0], [1576.75, 50471.0], [1576.25, 1380.0]], "asks": [[1581.5, 1350.0], [1581.75, 12458.0], [1582.0, 6340.0], [1582.25, 4963.0], [1582.5, 11545.0], [1582.75, 26079.0], [1583.0, 6904.0], [1583.25, 18623.0], [1583.5, 321.0], [1583.75, 8791.0], [1584.0, 24910.0], [1585.0, 1319.0], [1585.25, 52420.0], [1586.0, 1382.0], [1586.5, 53232.0], [1587.5, 1319.0], [1589.75, 1732.0], [1590.0, 73080.0], [1592.0, 1353.0], [1592.5, 74477.0]]}}}
{"jsonrpc": "2.0", "method": "subscription", "params": {"channel": "book.ETH-18APR25.none.20.100ms", "data": {"timestamp": 1744557792469, "change_id": 65545152943, "instrument_name": "ETH-18APR25", "bids": [[1581.25, 3851.0], [1581.0, 24610.0], [1580.75, 13573.0], [1580.5, 5032.0], [1580.25, 5026.0], [1580.0, 11822.0], [1579.75, 27030.0], [1579.5, 1671.0], [1579.25, 2234.0], [1579.0, 4643.0], [1578.75, 1703.0], [1578.5, 1655.0], [1578.25, 1703.0], [1578.0, 3474.0], [1577.75, 7028.0], [1577.5, 2772.0], [1577.25, 26599.0], [1577.0, 1319.0], [1576.75, 50471.0], [1576.25, 1380.0]], "asks": [[1581.5, 1350.0], [1581.75, 12458.0], [1582.0, 6340.0], [1582.25, 4963.0], [1582.5, 11545.0], [1582.75, 26079.0], [1583.0, 6904.0], [1583.25, 18623.0], [1583.5, 321.0], [1583.75, 8791.0], [1584.0, 24910.0], [1585.0, 1319.0], [1585.25, 52420.0], [1586.0, 1382.0], [1586.5, 53232.0], [1587.5, 1319.0], [1589.75, 1732.0], [1590.0, 73080.0], [1592.0, 1353.0], [1592.5, 74477.0]]}}}
{"jsonrpc": "2.0", "method": "subscription", "params": {"channel": "book.ETH-18APR25.none.20.100ms", "data": {"timestamp": 1744557792742, "change_id": 65545153367, "instrument_name": "ETH-18APR25", "bids": [[1581.25, 3851.0], [1581.0, 24610.0], [1580.75, 13573.0], [1580.5, 5032.0], [1580.25, 5026.0], [1580.0, 11822.0], [1579.75, 27030.0], [1579.5, 1671.0], [1579.25, 2234.0], [1579.0, 4643.0], [1578.75, 1703.0], [1578.5, 1655.0], [1578.25, 1703.0], [1578.0, 3474.0], [1577.75, 7028.0], [1577.5, 2772.0], [1577.25, 26599.0], [1577.0, 1319.0], [1576.75, 50471.0], [1576.25, 1380.0]], "asks": [[1581.5, 1350.0], [1581.75, 12458.0], [1582.0, 6340.0], [1582.25, 4963.0], [1582.5, 11545.0], [1582.75, 26079.0], [1583.0, 6904.0], [1583.25, 18623.0], [1583.5, 321.0], [1583.75, 8791.0], [1584.0, 24910.0], [1585.0, 1319.0], [1585.25, 52420.0], [1586.0, 1382.0], [1586.5, 53232.0], [1587.5, 1319.0], [1589.75, 1732.0], [1590.0, 73080.0], [1592.0, 1353.0], [1592.5, 74477.0]]}}}
{"jsonrpc": "2.0", "method": "subscription", "params": {"channel": "book.ETH-18APR25.none.20.100ms", "data": {"timestamp": 1744557793124, "change_id": 65545153660, "instrument_name": "ETH-18APR25", "bids": [[1581.25, 3850.0], [1581.0, 24610.0], [1580.75, 13573.0], [1580.5, 5032.0], [1580.25, 5026.0], [1580.0, 11822.0], [1579.75, 27030.0], [1579.5, 1671.0], [1579.25, 2234.0], [1579.0, 4643.0], [1578.75, 1703.0], [1578.5, 1655.0], [1578.25, 1703.0], [1578.0, 3474.0], [1577.75, 7028.0], [1577.5, 2772.0], [1577.25, 26599.0], [1577.0, 1319.0], [1576.75, 50471.0], [1576.25, 1380.0]], "asks": [[1581.5, 1350.0], [1581.75, 12458.0], [1582.0, 6340.0], [1582.25, 4963.0], [1582.5, 11545.0], [1582.75, 26079.0], [1583.0, 6904.0], [1583.25, 18623.0], [1583.5, 321.0], [1583.75, 8791.0], [1584.0, 24910.0], [1585.0, 1319.0], [1585.25, 52420.0], [1586.0, 1382.0], [1586.5, 53232.0], [1587.5, 1319.0], [1589.75, 1732.0], [1590.0, 73080.0], [1592.0, 1353.0], [1592.5, 74477.0]]}}}
{"jsonrpc": "2.0", "method": "subscription", "params": {"channel": "book.ETH-18APR25.none.20.100ms", "data": {"timestamp": 1744557793262, "change_id": 65545153738, "instrument_name": "ETH-18APR25", "bids": [[1581.25, 3851.0], [1581.0, 24610.0], [1580.75, 13573.0], [1580.5, 5032.0], [1580.25, 5026.0], [1580.0, 11822.0], [1579.75, 27030.0], [1579.5, 1671.0], [1579.25, 2234.0], [1579.0, 4643.0], [1578.75, 1703.0], [1578.5, 1655.0], [1578.25, 1703.0], [1578.0, 3474.0], [1577.75, 7028.0], [1577.5, 2772.0], [1577.25, 26599.0], [1577.0, 1319.0], [1576.75, 50471.0], [1576.25, 1380.0]], "asks": [[1581.5, 1350.0], [1581.75, 12458.0], [1582.0, 6340.0], [1582.25, 4963.0], [1582.5, 11545.0], [1582.75, 26079.0], [1583.0, 6904.0], [1583.25, 18623.0], [1583.5, 321.0], [1583.75, 8791.0], [1584.0, 24910.0], [1585.0, 1319.0], [1585.25, 52420.0], [1586.0, 1382.0], [1586.5, 53232.0], [1587.5, 1319.0], [1589.75, 1732.0], [1590.0, 73080.0], [1592.0, 1353.0], [1592.5, 74477.0]]}}}
{"jsonrpc": "2.0", "method": "subscription", "params": {"channel": "book.ETH-18APR25.none.20.100ms", "data": {"timestamp": 1744557793804, "change_id": 65545154275, "instrument_name": "ETH-18APR25", "bids": [[1581.25, 3850.0], [1581.0, 24610.0], [1580.75, 13573.0], [1580.5, 5032.0], [1580.25, 5026.0], [1580.0, 11822.0], [1579.75, 27030.0], [1579.5, 1671.0], [1579.25, 2234.0], [1579.0, 4643.0], [1578.75, 1703.0], [1578.5, 1655.0], [1578.25, 1703.0], [1578.0, 3474.0], [1577.75, 7028.0], [1577.5, 2772.0], [1577.25, 26599.0], [1577.0, 1319.0], [1576.75, 50471.0], [1576.25, 1380.0]], "asks": [[1581.5, 1350.0], [1581.75, 12458.0], [1582.0, 6340.0], [1582.25, 4963.0], [1582.5, 11545.0], [1582.75, 26079.0], [1583.0, 6904.0], [1583.25, 18623.0], [1583.5, 321.0], [1583.75, 8791.0], [1584.0, 24910.0], [1585.0, 1319.0], [1585.25, 52420.0], [1586.0, 1382.0], [1586.5, 53232.0], [1587.5, 1319.0], [1589.75, 1732.0], [1590.0, 73080.0], [1592.0, 1353.0], [1592.5, 74477.0]]}}}
{"jsonrpc": "2.0", "method": "subscription", "params": {"channel": "book.ETH-18APR25.none.20.100ms", "data": {"timestamp": 1744557794081, "change_id": 65545154386, "instrument_name": "ETH-18APR25", "bids": [[1581.25, 3850.0], [1581.0, 24610.0], [1580.75, 13573.0], [1580.5, 5032.0], [1580.25, 12489.0], [1580.0, 29530.0], [1579.75, 1670.0], [1579.5, 1671.0], [1579.25, 2234.0], [1579.0, 4643.0], [1578.75, 1703.0], [1578.5, 1655.0], [1578.25, 1703.0], [1578.0, 3474.0], [1577.75, 7028.0], [1577.5, 2772.0], [1577.25, 26599.0], [1577.0, 1319.0], [1576.75, 50471.0], [1576.25, 1380.0]], "asks": [[1581.5, 1350.0], [1581.75, 12458.0], [1582.0, 6340.0], [1582.25, 4963.0], [1582.5, 11545.0], [1582.75, 26079.0], [1583.0, 6904.0], [1583.25, 18623.0], [1583.5, 321.0], [1583.75, 8791.0], [1584.0, 24910.0], [1585.0, 1319.0], [1585.25, 52420.0], [1586.0, 1382.0], [1586.5, 53232.0], [1587.5, 1319.0], [1589.75, 1732.0], [1590.0, 73080.0], [1592.0, 1353.0], [1592.5, 74477.0]]}}}
{"jsonrpc": "2.0", "method": "subscription", "params": {"channel": "book.ETH-18APR25.none.20.100ms", "data": {"timestamp": 1744557794501, "change_id": 65545154511, "instrument_name": "ETH-18APR25", "bids": [[1581.25, 3850.0], [1581.0, 24610.0], [1580.75, 13573.0], [1580.5, 5032.0], [1580.25, 12489.0], [1580.0, 29530.0], [1579.75, 1670.0], [1579.5, 1671.0], [1579.25, 2234.0], [1579.0, 4643.0], [1578.75, 1703.0], [1578.5, 1655.0], [1578.25, 1703.0], [1578.0, 3474.0], [1577.75, 7028.0], [1577.5, 2772.0], [1577.25, 26599.0], [1577.0, 1319.0], [1576.75, 50471.0], [1576.25, 1380.0]], "asks": [[1581.5, 1350.0], [1581.75, 12458.0], [1582.0, 6340.0], [1582.25, 4963.0], [1582.5, 11545.0], [1582.75, 26079.0], [1583.0, 6904.0], [1583.25, 18623.0], [1583.5, 321.0], [1583.75, 8791.0], [1584.0, 24910.0], [1585.0, 1319.0], [1585.25, 52420.0], [1586.0, 1382.0], [1586.5, 53232.0], [1587.5, 1319.0], [1589.75, 1732.0], [1590.0, 73080.0], [1592.0, 1353.0], [1592.5, 74477.0]]}}}
{"jsonrpc": "2.0", "method": "subscription", "params": {"channel": "book.ETH-18APR25.none.20.100ms", "data": {"timestamp": 1744557794815, "change_id": 65545155055, "instrument_name": "ETH-18APR25", "bids": [[1581.25, 10136.0], [1581.0, 24610.0], [1580.75, 13573.0], [1580.5, 5032.0], [1580.25, 12489.0], [1580.0, 29530.0], [1579.75, 1670.0], [1579.5, 1671.0], [1579.25, 2234.0], [1579.0, 4643.0], [1578.75, 1703.0], [1578.5, 1655.0], [1578.25, 1703.0], [1578.0, 3474.0], [1577.75, 7028.0], [1577.5, 2772.0], [1577.25, 26599.0], [1577.0, 1319.0], [1576.75, 50471.0], [1576.25, 1380.0]], "asks": [[1581.75, 12458.0], [1582.0, 6340.0], [1582.25, 4963.0], [1582.5, 11545.0], [1582.75, 26079.0], [1583.0, 6904.0], [1583.25, 18623.0], [1583.5, 321.0], [1583.75, 8791.0], [1584.0, 24910.0], [1585.0, 1319.0], [1585.25, 52420.0], [1586.0, 1382.0], [1586.5, 53232.0], [1587.5, 1319.0], [1589.75, 1732.0], [1590.0, 73080.0], [1592.0, 1353.0], [1592.5, 74477.0], [1592.75, 1382.0]]}}}
{"jsonrpc": "2.0", "method": "subscription", "params": {"channel": "book.ETH-18APR25.none.20.100ms", "data": {"timestamp": 1744557797148, "change_id": 65545156757, "instrument_name": "ETH-18APR25", "bids": [[1581.5, 2500.0], [1581.25, 10136.0], [1581.0, 24610.0], [1580.75, 13573.0], [1580.5, 5032.0], [1580.25, 12489.0], [1580.0, 29530.0], [1579.75, 1670.0], [1579.5, 1671.0], [1579.25, 2234.0], [1579.0, 4643.0], [1578.75, 1703.0], [1578.5, 1655.0], [1578.25, 1703.0], [1578.0, 3474.0], [1577.75, 7028.0], [1577.5, 2772.0], [1577.25, 26599.0], [1577.0, 1319.0], [1576.75, 50471.0]], "asks": [[1581.75, 11350.0], [1582.0, 6340.0], [1582.25, 4963.0], [1582.5, 11545.0], [1582.75, 26079.0], [1583.0, 6904.0], [1583.25, 18623.0], [1583.5, 321.0], [1583.75, 8791.0], [1584.0, 24910.0], [1585.0, 1319.0], [1585.25, 52420.0], [1586.0, 1382.0], [1586.5, 53232.0], [1587.5, 1319.0], [1589.75, 1732.0], [1590.0, 73080.0], [1592.0, 1353.0], [1592.5, 74477.0], [1592.75, 1382.0]]}}}
{"jsonrpc": "2.0", "method": "subscription", "params": {"channel": "book.ETH-18APR25.none.20.100ms", "data": {"timestamp": 1744557797472, "change_id": 65545157891, "instrument_name": "ETH-18APR25", "bids": [[1581.75, 3850.0], [1581.5, 3850.0], [1581.25, 2600.0], [1581.0, 12500.0], [1580.75, 3870.0], [1580.5, 29231.0], [1580.25, 3871.0], [1580.0, 3849.0], [1579.75, 1349.0], [1579.5, 1350.0], [1579.25, 1319.0], [1579.0, 1334.0], [1578.75, 1382.0], [1578.5, 26576.0], [1578.25, 1382.0], [1578.0, 1366.0], [1577.75, 7028.0], [1577.5, 2772.0], [1577.25, 1357.0], [1577.0, 1319.0]], "asks": [[1582.0, 1350.0], [1582.25, 13850.0], [1582.5, 5112.0], [1582.75, 1318.0], [1583.0, 1317.0], [1583.25, 25789.0], [1583.75, 1318.0], [1584.0, 1370.0], [1585.0, 1319.0], [1585.25, 94692.0], [1586.0, 1382.0], [1586.5, 52832.0], [1587.25, 400.0], [1587.5, 1319.0], [1589.75, 1732.0], [1590.0, 73080.0], [1592.0, 1353.0], [1592.5, 74477.0], [1592.75, 1382.0], [1593.0, 3148.0]]}}}
{"jsonrpc": "2.0", "method": "subscription", "params": {"channel": "book.ETH-18APR25.none.20.100ms", "data": {"timestamp": 1744557797693, "change_id": 65545158476, "instrument_name": "ETH-18APR25", "bids": [[1581.75, 5045.0], [1581.5, 3950.0], [1581.25, 2500.0], [1581.0, 12500.0], [1580.75, 3870.0], [1580.5, 29231.0], [1580.25, 3871.0], [1580.0, 3849.0], [1579.75, 1349.0], [1579.5, 1350.0], [1579.25, 1319.0], [1579.0, 1334.0], [1578.75, 1382.0], [1578.5, 26576.0], [1578.25, 1382.0], [1578.0, 1366.0], [1577.75, 7028.0], [1577.5, 2772.0], [1577.25, 1357.0], [1577.0, 1319.0]], "asks": [[1582.0, 1350.0], [1582.25, 13850.0], [1582.5, 5112.0], [1582.75, 3818.0], [1583.0, 1317.0], [1583.25, 25789.0], [1583.75, 1318.0], [1584.0, 1370.0], [1585.0, 1319.0], [1585.25, 94692.0], [1586.0, 1382.0], [1586.5, 52832.0], [1587.25, 400.0], [1587.5, 1319.0], [1589.75, 1732.0], [1590.0, 73080.0], [1592.0, 1353.0], [1592.5, 74477.0], [1592.75, 1382.0], [1593.0, 3148.0]]}}}
{"jsonrpc": "2.0", "method": "subscription", "params": {"channel": "book.ETH-18APR25.none.20.100ms", "data": {"timestamp": 1744557798086, "change_id": 65545159043, "instrument_name": "ETH-18APR25", "bids": [[1581.75, 5045.0], [1581.5, 20515.0], [1581.25, 6250.0], [1581.0, 13661.0], [1580.75, 12639.0], [1580.5, 30392.0], [1580.25, 5026.0], [1580.0, 4170.0], [1579.75, 1670.0], [1579.5, 1671.0], [1579.25, 1640.0], [1579.0, 1655.0], [1578.75, 9355.0], [1578.5, 26576.0], [1578.0, 1366.0], [1577.75, 7028.0], [1577.5, 2772.0], [1577.25, 1357.0], [1577.0, 1319.0], [1576.75, 50471.0]], "asks": [[1582.0, 1350.0], [1582.25, 15384.0], [1582.5, 6257.0], [1582.75, 4139.0], [1583.0, 9054.0], [1583.25, 25789.0], [1583.5, 321.0], [1583.75, 1639.0], [1584.0, 1370.0], [1584.75, 321.0], [1585.0, 29727.0], [1585.25, 94692.0], [1586.0, 1382.0], [1586.5, 52832.0], [1587.25, 400.0], [1587.5, 1319.0], [1589.75, 1732.0], [1590.0, 73080.0], [1592.0, 1353.0], [1592.5, 74477.0]]}}}
{"jsonrpc": "2.0", "method": "subscription", "params": {"channel": "book.ETH-18APR25.none.20.100ms", "data": {"timestamp": 1744557798773, "change_id": 65545159612, "instrument_name": "ETH-18APR25", "bids": [[1581.75, 5044.0], [1581.5, 20515.0], [1581.25, 6250.0], [1581.0, 13661.0], [1580.75, 12639.0], [1580.5, 29552.0], [1580.25, 1692.0], [1580.0, 1670.0], [1579.75, 1670.0], [1579.5, 1671.0], [1579.25, 1640.0], [1579.0, 1655.0], [1578.75, 9355.0], [1578.5, 26576.0], [1578.0, 1366.0], [1577.75, 7028.0], [1577.5, 2772.0], [1577.25, 1357.0], [1577.0, 1319.0], [1576.75, 50471.0]], "asks": [[1582.0, 1350.0], [1582.25, 15384.0], [1582.5, 6257.0], [1582.75, 4139.0], [1583.0, 9054.0], [1583.25, 25789.0], [1583.5, 321.0], [1583.75, 1639.0], [1584.0, 1370.0], [1584.75, 321.0], [1585.0, 29727.0], [1585.25, 94692.0], [1586.0, 1382.0], [1586.5, 52832.0], [1587.25, 400.0], [1587.5, 1319.0], [1589.75, 1732.0], [1590.0, 73080.0], [1592.0, 1353.0], [1592.5, 74477.0]]}}}
{"jsonrpc": "2.0", "method": "subscription", "params": {"channel": "book.ETH-18APR25.none.20.100ms", "data": {"timestamp": 1744557799085, "change_id": 65545159895, "instrument_name": "ETH-18APR25", "bids": [[1581.75, 5045.0], [1581.5, 20515.0], [1581.25, 6250.0], [1581.0, 13661.0], [1580.75, 12639.0], [1580.5, 29552.0], [1580.25, 1692.0], [1580.0, 1670.0], [1579.75, 1670.0], [1579.5, 1671.0], [1579.25, 1640.0], [1579.0, 1655.0], [1578.75, 9355.0], [1578.5, 26576.0], [1578.0, 1366.0], [1577.75, 7028.0], [1577.5, 2772.0], [1577.25, 1357.0], [1577.0, 1319.0], [1576.75, 50471.0]], "asks": [[1582.0, 1350.0], [1582.25, 15384.0], [1582.5, 6257.0], [1582.75, 4139.0], [1583.0, 9054.0], [1583.25, 25789.0], [1583.5, 321.0], [1583.75, 1639.0], [1584.0, 1370.0], [1584.75, 321.0], [1585.0, 29727.0], [1585.25, 94692.0], [1586.0, 1382.0], [1586.5, 52832.0], [1587.25, 400.0], [1587.5, 1319.0], [1589.75, 1732.0], [1590.0, 73080.0], [1592.0, 1353.0], [1592.5, 74477.0]]}}}
{"jsonrpc": "2.0", "method": "subscription", "params": {"channel": "book.ETH-18APR25.none.20.100ms", "data": {"timestamp": 1744557799458, "change_id": 65545160133, "instrument_name": "ETH-18APR25", "bids": [[1581.5, 21709.0], [1581.25, 6250.0], [1581.0, 13661.0], [1580.75, 12639.0], [1580.5, 29552.0], [1580.25, 1692.0], [1580.0, 1670.0], [1579.75, 1670.0], [1579.5, 1671.0], [1579.25, 1640.0], [1579.0, 1655.0], [1578.75, 9355.0], [1578.5, 26576.0], [1578.0, 1366.0], [1577.75, 7028.0], [1577.5, 2772.0], [1577.25, 1357.0], [1577.0, 1319.0], [1576.75, 50471.0], [1576.25, 1380.0]], "asks": [[1582.0, 5505.0], [1582.25, 15384.0], [1582.5, 6257.0], [1582.75, 4139.0], [1583.0, 9054.0], [1583.25, 25789.0], [1583.5, 321.0], [1583.75, 1639.0], [1584.0, 1370.0], [1584.75, 321.0], [1585.0, 29727.0], [1585.25, 94692.0], [1586.0, 1382.0], [1586.5, 52832.0], [1587.25, 400.0], [1587.5, 1319.0], [1589.75, 1732.0], [1590.0, 73080.0], [1592.0, 1353.0], [1592.5, 74477.0]]}}}
{"jsonrpc": "2.0", "method": "subscription", "params": {"channel": "book.ETH-18APR25.none.20.100ms", "data": {"timestamp": 1744557799773, "change_id": 65545160505, "instrument_name": "ETH-18APR25", "bids": [[1581.75, 2501.0], [1581.5, 21709.0], [1581.25, 6250.0], [1581.0, 13661.0], [1580.75, 12639.0], [1580.5, 29552.0], [1580.25, 1692.0], [1580.0, 1670.0], [1579.75, 1974.0], [1579.5, 2538.0], [1579.25, 1640.0], [1579.0, 1655.0], [1578.75, 9355.0], [1578.5, 26576.0], [1578.0, 1366.0], [1577.75, 7028.0], [1577.5, 2772.0], [1577.25, 1357.0], [1577.0, 1319.0], [1576.75, 50471.0]], "asks": [[1582.0, 1350.0], [1582.25, 15384.0], [1582.5, 6257.0], [1582.75, 4139.0], [1583.0, 9054.0], [1583.25, 25789.0], [1583.5, 321.0], [1583.75, 1639.0], [1584.0, 1370.0], [1584.75, 321.0], [1585.0, 29727.0], [1585.25, 94692.0], [1586.0, 1382.0], [1586.5, 52832.0], [1587.25, 400.0], [1587.5, 1319.0], [1589.75, 1732.0], [1590.0, 73080.0], [1592.0, 1353.0], [1592.5, 74477.0]]}}}
{"jsonrpc": "2.0", "method": "subscription", "params": {"channel": "book.ETH-18APR25.none.20.100ms", "data": {"timestamp": 1744557799939, "change_id": 65545160858, "instrument_name": "ETH-18APR25", "bids": [[1581.5, 36709.0], [1581.25, 6250.0], [1581.0, 13661.0], [1580.75, 12639.0], [1580.5, 29552.0], [1580.25, 1692.0], [1580.0, 1670.0], [1579.75, 2236.0], [1579.5, 4536.0], [1579.25, 1640.0], [1579.0, 1655.0], [1578.75, 9355.0], [1578.5, 26576.0], [1578.0, 1366.0], [1577.75, 7028.0], [1577.5, 2772.0], [1577.25, 1357.0], [1577.0, 1319.0], [1576.75, 50471.0], [1576.25, 1380.0]], "asks": [[1582.0, 5864.0], [1582.25, 16578.0], [1582.5, 5063.0], [1582.75, 4139.0], [1583.0, 9054.0], [1583.25, 25789.0], [1583.5, 321.0], [1583.75, 1639.0], [1584.0, 1370.0], [1584.75, 321.0], [1585.0, 29727.0], [1585.25, 94692.0], [1586.0, 1382.0], [1586.5, 52832.0], [1587.25, 400.0], [1587.5, 1319.0], [1589.75, 1732.0], [1590.0, 73080.0], [1592.0, 1353.0], [1592.5, 74477.0]]}}}
{"jsonrpc": "2.0", "method": "subscription", "params": {"channel": "book.ETH-18APR25.none.20.100ms", "data": {"timestamp": 1744557800418, "change_id": 65545161048, "instrument_name": "ETH-18APR25", "bids": [[1581.75, 2501.0], [1581.5, 20894.0], [1581.25, 6250.0], [1581.0, 13661.0], [1580.75, 12639.0], [1580.5, 29552.0], [1580.25, 1692.0], [1580.0, 1670.0], [1579.75, 2236.0], [1579.5, 4536.0], [1579.25, 1640.0], [1579.0, 1655.0], [1578.75, 9355.0], [1578.5, 26576.0], [1578.0, 1366.0], [1577.75, 7028.0], [1577.5, 2772.0], [1577.25, 1357.0], [1577.0, 1319.0], [1576.75, 50471.0]], "asks": [[1582.0, 1350.0], [1582.25, 16578.0], [1582.5, 5063.0], [1582.75, 4139.0], [1583.0, 9054.0], [1583.25, 25789.0], [1583.5, 321.0], [1583.75, 1639.0], [1584.0, 1370.0], [1584.75, 321.0], [1585.0, 29727.0], [1585.25, 94692.0], [1586.0, 1382.0], [1586.5, 52832.0], [1587.25, 400.0], [1587.5, 1319.0], [1589.75, 1732.0], [1590.0, 73080.0], [1592.0, 1353.0], [1592.5, 74477.0]]}}}
{"jsonrpc": "2.0", "method": "subscription", "params": {"channel": "book.ETH-18APR25.none.20.100ms", "data": {"timestamp": 1744557800774, "change_id": 65545161442, "instrument_name": "ETH-18APR25", "bids": [[1581.75, 2500.0], [1581.5, 25544.0], [1581.25, 22064.0], [1581.0, 13661.0], [1580.75, 12639.0], [1580.5, 27052.0], [1580.25, 1692.0], [1580.0, 1670.0], [1579.75, 2236.0], [1579.5, 4536.0], [1579.25, 1640.0], [1579.0, 1655.0], [1578.75, 9355.0], [1578.5, 26576.0], [1578.0, 1366.0], [1577.75, 7028.0], [1577.5, 2772.0], [1577.25, 1357.0], [1577.0, 1319.0], [1576.75, 50471.0]], "asks": [[1582.0, 1350.0], [1582.25, 16578.0], [1582.5, 5063.0], [1582.75, 4139.0], [1583.0, 9054.0], [1583.25, 25789.0], [1583.5, 321.0], [1583.75, 1639.0], [1584.0, 1370.0], [1584.75, 321.0], [1585.0, 29727.0], [1585.25, 94692.0], [1586.0, 1382.0], [1586.5, 52832.0], [1587.25, 400.0], [1587.5, 1319.0], [1589.75, 1732.0], [1590.0, 73080.0], [1592.0, 1353.0], [1592.5, 74477.0]]}}}
{"jsonrpc": "2.0", "method": "subscription", "params": {"channel": "book.ETH-18APR25.none.20.100ms", "data": {"timestamp": 1744557801085, "change_id": 65545161706, "instrument_name": "ETH-18APR25", "bids": [[1581.75, 2500.0], [1581.5, 25544.0], [1581.25, 22064.0], [1581.0, 13661.0], [1580.75, 12639.0], [1580.5, 27052.0], [1580.25, 1692.0], [1580.0, 1670.0], [1579.75, 2236.0], [1579.5, 4536.0], [1579.25, 1640.0], [1579.0, 1655.0], [1578.75, 9355.0], [1578.5, 26576.0], [1578.0, 1366.0], [1577.75, 7028.0], [1577.5, 2772.0], [1577.0, 1319.0], [1576.75, 50471.0], [1576.25, 1380.0]], "asks": [[1582.0, 1350.0], [1582.25, 16578.0], [1582.5, 5063.0], [1582.75, 4139.0], [1583.0, 9054.0], [1583.25, 25789.0], [1583.5, 321.0], [1583.75, 1639.0], [1584.0, 1370.0], [1584.75, 321.0], [1585.0, 29727.0], [1585.25, 94692.0], [1586.0, 1382.0], [1586.5, 52832.0], [1587.25, 400.0], [1587.5, 1319.0], [1589.75, 1732.0], [1590.0, 73080.0], [1592.0, 1353.0], [1592.5, 74477.0]]}}}
{"jsonrpc": "2.0", "method": "subscription", "params": {"channel": "book.ETH-18APR25.none.20.100ms", "data": {"timestamp": 1744557801305, "change_id": 65545161843, "instrument_name": "ETH-18APR25", "bids": [[1581.75, 2501.0], [1581.5, 25544.0], [1581.25, 22064.0], [1581.0, 13661.0], [1580.75, 12639.0], [1580.5, 27052.0], [1580.25, 1692.0], [1580.0, 1670.0], [1579.75, 2236.0], [1579.5, 4536.0], [1579.25, 1640.0], [1579.0, 1655.0], [1578.75, 9355.0], [1578.5, 26576.0], [1578.0, 1366.0], [1577.75, 7028.0], [1577.5, 2772.0], [1577.0, 1319.0], [1576.75, 50471.0], [1576.25, 1380.0]], "asks": [[1582.0, 1350.0], [1582.25, 16578.0], [1582.5, 5063.0], [1582.75, 4139.0], [1583.0, 9054.0], [1583.25, 25789.0], [1583.5, 321.0], [1583.75, 1639.0], [1584.0, 1370.0], [1584.75, 321.0], [1585.0, 29727.0], [1585.25, 94692.0], [1586.0, 1382.0], [1586.5, 52832.0], [1587.25, 400.0], [1587.5, 1319.0], [1589.75, 1732.0], [1590.0, 73080.0], [1592.0, 1353.0], [1592.5, 74477.0]]}}}
{"jsonrpc": "2.0", "method": "subscription", "params": {"channel": "book.ETH-18APR25.none.20.100ms", "data": {"timestamp": 1744557801623, "change_id": 65545162122, "instrument_name": "ETH-18APR25", "bids": [[1581.75, 2501.0], [1581.5, 25544.0], [1581.25, 22064.0], [1581.0, 13661.0], [1580.75, 12639.0], [1580.5, 27052.0], [1580.25, 1692.0], [1580.0, 1670.0], [1579.75, 2236.0], [1579.5, 4536.0], [1579.25, 1640.0], [1579.0, 1655.0], [1578.75, 9355.0], [1578.5, 26576.0], [1578.0, 1366.0], [1577.75, 7028.0], [1577.5, 2772.0], [1577.0, 1319.0], [1576.75, 50471.0], [1576.25, 1380.0]], "asks": [[1582.0, 1350.0], [1582.25, 16578.0], [1582.5, 5063.0], [1582.75, 4139.0], [1583.0, 9054.0], [1583.25, 25789.0], [1583.5, 321.0], [1583.75, 1639.0], [1584.0, 1370.0], [1584.75, 321.0], [1585.0, 29727.0], [1585.25, 94692.0], [1586.0, 1382.0], [1586.5, 52832.0], [1587.25, 400.0], [1587.5, 1319.0], [1589.75, 1732.0], [1590.0, 73080.0], [1592.0, 1353.0], [1592.5, 74477.0]]}}}
{"jsonrpc": "2.0", "method": "subscription", "params": {"channel": "book.ETH-18APR25.none.20.100ms", "data": {"timestamp": 1744557802059, "change_id": 65545162448, "instrument_name": "ETH-18APR25", "bids": [[1581.5, 25544.0], [1581.25, 22064.0], [1581.0, 13661.0], [1580.75, 12639.0], [1580.5, 27052.0], [1580.25, 1692.0], [1580.0, 1670.0], [1579.75, 2236.0], [1579.5, 4536.0], [1579.25, 1640.0], [1579.0, 1655.0], [1578.75, 9355.0], [1578.5, 26576.0], [1578.0, 1366.0], [1577.75, 7028.0], [1577.5, 2772.0], [1577.0, 1319.0], [1576.75, 50471.0], [1576.25, 1380.0], [1575.5, 1719.0]], "asks": [[1582.0, 5863.0], [1582.25, 16578.0], [1582.5, 5063.0], [1582.75, 4139.0], [1583.0, 9054.0], [1583.25, 25789.0], [1583.5, 321.0], [1583.75, 1639.0], [1584.0, 1370.0], [1584.75, 321.0], [1585.0, 29727.0], [1585.25, 94692.0], [1586.0, 1382.0], [1586.5, 52832.0], [1587.25, 400.0], [1587.5, 1319.0], [1589.75, 1732.0], [1590.0, 73080.0], [1592.0, 1353.0], [1592.5, 74477.0]]}}}
{"jsonrpc": "2.0", "method": "subscription", "params": {"channel": "book.ETH-18APR25.none.20.100ms", "data": {"timestamp": 1744557802325, "change_id": 65545162599, "instrument_name": "ETH-18APR25", "bids": [[1581.75, 2501.0], [1581.5, 25544.0], [1581.25, 22064.0], [1581.0, 13661.0], [1580.75, 12639.0], [1580.5, 27052.0], [1580.25, 1692.0], [1580.0, 1670.0], [1579.75, 2236.0], [1579.5, 4536.0], [1579.25, 1640.0], [1579.0, 1655.0], [1578.75, 9355.0], [1578.5, 26576.0], [1578.0, 1366.0], [1577.75, 7028.0], [1577.5, 2772.0], [1577.0, 1319.0], [1576.75, 50471.0], [1576.25, 1380.0]], "asks": [[1582.0, 1350.0], [1582.25, 16578.0], [1582.5, 5063.0], [1582.75, 4139.0], [1583.0, 9054.0], [1583.25, 25789.0], [1583.5, 321.0], [1583.75, 1639.0], [1584.0, 1370.0], [1584.75, 321.0], [1585.0, 29727.0], [1585.25, 94692.0], [1586.0, 1382.0], [1586.5, 52832.0], [1587.25, 400.0], [1587.5, 1319.0], [1589.75, 1732.0], [1590.0, 73080.0], [1592.0, 1353.0], [1592.5, 74477.0]]}}}
{"jsonrpc": "2.0", "method": "subscription", "params": {"channel": "book.ETH-18APR25.none.20.100ms", "data": {"timestamp": 1744557802717, "change_id": 65545162841, "instrument_name": "ETH-18APR25", "bids": [[1581.75, 2501.0], [1581.5, 25544.0], [1581.25, 22064.0], [1581.0, 13661.0], [1580.75, 12639.0], [1580.5, 27052.0], [1580.25, 1692.0], [1580.0, 1670.0], [1579.75, 2236.0], [1579.5, 4536.0], [1579.25, 1640.0], [1579.0, 1655.0], [1578.75, 9355.0], [1578.5, 26576.0], [1578.0, 1366.0], [1577.75, 7028.0], [1577.5, 2772.0], [1577.0, 1319.0], [1576.75, 50471.0], [1576.25, 1380.0]], "asks": [[1582.0, 1350.0], [1582.25, 16578.0], [1582.5, 5063.0], [1582.75, 4139.0], [1583.0, 9054.0], [1583.25, 25789.0], [1583.5, 321.0], [1583.75, 1639.0], [1584.0, 1370.0], [1584.75, 321.0], [1585.0, 29727.0], [1585.25, 94692.0], [1586.0, 1382.0], [1586.5, 52832.0], [1587.25, 400.0], [1587.5, 1319.0], [1589.75, 1732.0], [1590.0, 73080.0], [1592.0, 1353.0], [1592.5, 74477.0]]}}}
{"jsonrpc": "2.0", "method": "subscription", "params": {"channel": "book.ETH-18APR25.none.20.100ms", "data": {"timestamp": 1744557803069, "change_id": 65545163164, "instrument_name": "ETH-18APR25", "bids": [[1581.5, 10544.0], [1581.25, 22064.0], [1581.0, 13661.0], [1580.75, 12639.0], [1580.5, 27052.0], [1580.25, 1692.0], [1580.0, 1670.0], [1579.75, 2236.0], [1579.5, 4536.0], [1579.25, 1640.0], [1579.0, 1655.0], [1578.75, 9355.0], [1578.5, 26576.0], [1578.0, 1366.0], [1577.75, 7028.0], [1577.5, 2772.0], [1577.0, 1319.0], [1576.75, 50471.0], [1576.25, 1380.0], [1575.5, 1719.0]], "asks": [[1582.0, 5863.0], [1582.25, 16578.0], [1582.5, 5063.0], [1582.75, 4139.0], [1583.0, 9054.0], [1583.25, 25789.0], [1583.5, 321.0], [1583.75, 1639.0], [1584.0, 1370.0], [1584.75, 321.0], [1585.0, 29727.0], [1585.25, 94692.0], [1586.0, 1382.0], [1586.5, 52832.0], [1587.25, 400.0], [1587.5, 1319.0], [1589.75, 1732.0], [1590.0, 73080.0], [1592.0, 1353.0], [1592.5, 74477.0]]}}}
{"jsonrpc": "2.0", "method": "subscription", "params": {"channel": "book.ETH-18APR25.none.20.100ms", "data": {"timestamp": 1744557803660, "change_id": 65545163577, "instrument_name": "ETH-18APR25", "bids": [[1581.75, 2501.0], [1581.5, 10544.0], [1581.25, 22064.0], [1581.0, 13661.0], [1580.75, 12639.0], [1580.5, 27052.0], [1580.25, 1692.0], [1580.0, 1670.0], [1579.75, 2236.0], [1579.5, 4536.0], [1579.25, 1640.0], [1579.0, 1655.0], [1578.75, 9355.0], [1578.5, 26576.0], [1578.0, 1366.0], [1577.75, 7028.0], [1577.5, 2772.0], [1577.0, 1319.0], [1576.75, 50471.0], [1576.25, 1380.0]], "asks": [[1582.0, 1350.0], [1582.25, 16578.0], [1582.5, 5063.0], [1582.75, 4139.0], [1583.0, 9054.0], [1583.25, 25789.0], [1583.5, 321.0], [1583.75, 1639.0], [1584.0, 1370.0], [1584.75, 321.0], [1585.0, 29727.0], [1585.25, 94692.0], [1586.0, 1382.0], [1586.5, 52832.0], [1587.25, 400.0], [1587.5, 1319.0], [1589.75, 1732.0], [1590.0, 73080.0], [1592.0, 1353.0], [1592.5, 74477.0]]}}}
{"jsonrpc": "2.0", "method": "subscription", "params": {"channel": "book.ETH-18APR25.none.20.100ms", "data": {"timestamp": 1744557803922, "change_id": 65545163885, "instrument_name": "ETH-18APR25", "bids": [[1581.5, 10544.0], [1581.25, 22064.0], [1581.0, 13661.0], [1580.75, 12639.0], [1580.5, 27052.0], [1580.25, 1692.0], [1580.0, 1670.0], [1579.75, 2236.0], [1579.5, 4536.0], [1579.25, 1640.0], [1579.0, 1655.0], [1578.75, 9355.0], [1578.5, 26576.0], [1578.0, 1366.0], [1577.75, 7028.0], [1577.5, 2772.0], [1577.0, 1319.0], [1576.75, 50471.0], [1576.25, 1380.0], [1575.5, 1719.0]], "asks": [[1582.0, 5863.0], [1582.25, 16578.0], [1582.5, 5063.0], [1582.75, 4139.0], [1583.0, 9054.0], [1583.25, 25789.0], [1583.5, 321.0], [1583.75, 1639.0], [1584.0, 1370.0], [1584.75, 321.0], [1585.0, 29727.0], [1585.25, 94692.0], [1586.0, 1382.0], [1586.5, 52832.0], [1587.25, 400.0], [1587.5, 1319.0], [1589.75, 1732.0], [1590.0, 73080.0], [1592.0, 1353.0], [1592.5, 74477.0]]}}}
{"jsonrpc": "2.0", "method": "subscription", "params": {"channel": "book.ETH-18APR25.none.20.100ms", "data": {"timestamp": 1744557804176, "change_id": 65545164176, "instrument_name": "ETH-18APR25", "bids": [[1581.5, 10544.0], [1581.25, 22064.0], [1581.0, 13661.0], [1580.75, 12639.0], [1580.5, 27052.0], [1580.25, 1692.0], [1580.0, 1670.0], [1579.75, 1670.0], [1579.5, 1671.0], [1579.25, 1640.0], [1579.0, 1655.0], [1578.75, 9355.0], [1578.5, 26576.0], [1578.0, 1366.0], [1577.75, 7028.0], [1577.5, 2772.0], [1577.0, 1319.0], [1576.75, 50471.0], [1576.25, 1380.0], [1575.5, 1719.0]], "asks": [[1582.0, 12823.0], [1582.25, 6578.0], [1582.5, 5063.0], [1582.75, 4139.0], [1583.0, 9054.0], [1583.25, 25789.0], [1583.5, 321.0], [1583.75, 1639.0], [1584.0, 1370.0], [1584.75, 321.0], [1585.0, 29727.0], [1585.25, 94692.0], [1586.0, 1382.0], [1586.5, 52832.0], [1587.25, 400.0], [1587.5, 1319.0], [1589.75, 1732.0], [1590.0, 73080.0], [1592.0, 1353.0], [1592.5, 74477.0]]}}}
{"jsonrpc": "2.0", "method": "subscription", "params": {"channel": "book.ETH-18APR25.none.20.100ms", "data": {"timestamp": 1744557804592, "change_id": 65545164574, "instrument_name": "ETH-18APR25", "bids": [[1581.5, 10544.0], [1581.25, 22064.0], [1581.0, 13661.0], [1580.75, 12639.0], [1580.5, 27052.0], [1580.25, 1692.0], [1580.0, 1670.0], [1579.75, 1670.0], [1579.5, 1671.0], [1579.25, 1640.0], [1579.0, 1655.0], [1578.75, 9355.0], [1578.5, 26576.0], [1578.0, 1366.0], [1577.75, 7028.0], [1577.5, 2772.0], [1577.0, 1319.0], [1576.75, 50471.0], [1576.25, 1380.0], [1575.5, 1719.0]], "asks": [[1582.0, 15323.0], [1582.25, 6578.0], [1582.5, 5063.0], [1582.75, 4139.0], [1583.0, 9054.0], [1583.25, 25789.0], [1583.5, 321.0], [1583.75, 1639.0], [1584.0, 1370.0], [1584.75, 321.0], [1585.0, 29727.0], [1585.25, 94692.0], [1586.0, 1382.0], [1586.5, 52832.0], [1587.25, 400.0], [1587.5, 1319.0], [1589.75, 1732.0], [1590.0, 73080.0], [1592.0, 1353.0], [1592.5, 74477.0]]}}}
{"jsonrpc": "2.0", "method": "subscription", "params": {"channel": "book.ETH-18APR25.none.20.100ms", "data": {"timestamp": 1744557804888, "change_id": 65545164875, "instrument_name": "ETH-18APR25", "bids": [[1581.5, 4544.0], [1581.25, 6250.0], [1581.0, 13661.0], [1580.75, 12639.0], [1580.5, 27052.0], [1580.25, 1692.0], [1580.0, 1670.0], [1579.75, 1670.0], [1579.5, 1671.0], [1579.25, 1640.0], [1579.0, 1655.0], [1578.75, 9355.0], [1578.5, 26576.0], [1578.0, 1366.0], [1577.75, 7028.0], [1577.5, 2772.0], [1577.0, 1319.0], [1576.75, 50471.0], [1576.25, 1380.0], [1575.5, 1719.0]], "asks": [[1582.0, 15323.0], [1582.25, 6578.0], [1582.5, 5063.0], [1582.75, 4139.0], [1583.0, 9054.0], [1583.25, 25789.0], [1583.5, 321.0], [1583.75, 1639.0], [1584.0, 1370.0], [1584.75, 321.0], [1585.0, 29727.0], [1585.25, 94692.0], [1586.0, 1382.0], [1586.5, 52832.0], [1587.25, 400.0], [1587.5, 1319.0], [1589.75, 1732.0], [1590.0, 73080.0], [1592.0, 1353.0], [1592.5, 74477.0]]}}}
{"jsonrpc": "2.0", "method": "subscription", "params": {"channel": "book.ETH-18APR25.none.20.100ms", "data": {"timestamp": 1744557805319, "change_id": 65545165079, "instrument_name": "ETH-18APR25", "bids": [[1581.5, 10544.0], [1581.25, 22064.0], [1581.0, 13661.0], [1580.75, 12639.0], [1580.5, 27052.0], [1580.25, 1692.0], [1580.0, 1670.0], [1579.75, 1670.0], [1579.5, 1671.0], [1579.25, 1640.0], [1579.0, 1655.0], [1578.75, 9355.0], [1578.5, 26576.0], [1578.0, 1366.0], [1577.75, 7028.0], [1577.5, 2772.0], [1577.0, 1319.0], [1576.75, 50471.0], [1576.25, 1380.0], [1575.5, 1719.0]], "asks": [[1582.0, 12823.0], [1582.25, 6578.0], [1582.5, 5063.0], [1582.75, 4139.0], [1583.0, 9054.0], [1583.25, 25789.0], [1583.5, 321.0], [1583.75, 1639.0], [1584.0, 1370.0], [1584.75, 321.0], [1585.0, 29727.0], [1585.25, 94692.0], [1586.0, 1382.0], [1586.5, 52832.0], [1587.25, 400.0], [1587.5, 1319.0], [1589.75, 1732.0], [1590.0, 73080.0], [1592.0, 1353.0], [1592.5, 74477.0]]}}}
{"jsonrpc": "2.0", "method": "subscription", "params": {"channel": "book.ETH-18APR25.none.20.100ms", "data": {"timestamp": 1744557805734, "change_id": 65545165494, "instrument_name": "ETH-18APR25", "bids": [[1581.75, 3851.0], [1581.5, 10544.0], [1581.25, 22064.0], [1581.0, 13661.0], [1580.75, 12639.0], [1580.5, 27052.0], [1580.25, 1692.0], [1580.0, 1670.0], [1579.75, 1670.0], [1579.5, 1671.0], [1579.25, 1640.0], [1579.0, 1655.0], [1578.75, 9355.0], [1578.5, 26576.0], [1578.0, 1366.0], [1577.75, 7028.0], [1577.5, 2772.0], [1577.0, 1319.0], [1576.75, 50471.0], [1576.25, 1380.0]], "asks": [[1582.0, 12823.0], [1582.25, 6578.0], [1582.5, 5063.0], [1582.75, 4139.0], [1583.0, 9054.0], [1583.25, 25789.0], [1583.5, 321.0], [1583.75, 1639.0], [1584.0, 1370.0], [1584.75, 321.0], [1585.0, 29727.0], [1585.25, 94692.0], [1586.0, 1382.0], [1586.5, 52832.0], [1587.25, 400.0], [1587.5, 1319.0], [1589.75, 1732.0], [1590.0, 73080.0], [1592.0, 1353.0], [1592.5, 74477.0]]}}}
{"jsonrpc": "2.0", "method": "subscription", "params": {"channel": "book.ETH-18APR25.none.20.100ms", "data": {"timestamp": 1744557806038, "change_id": 65545165877, "instrument_name": "ETH-18APR25", "bids": [[1581.5, 10544.0], [1581.25, 22064.0], [1581.0, 13661.0], [1580.75, 12639.0], [1580.5, 27052.0], [1580.25, 1692.0], [1580.0, 1670.0], [1579.75, 1670.0], [1579.5, 1671.0], [1579.25, 1640.0], [1579.0, 1655.0], [1578.75, 9355.0], [1578.5, 26576.0], [1578.0, 1366.0], [1577.75, 7028.0], [1577.5, 2772.0], [1577.0, 1319.0], [1576.75, 50471.0], [1576.25, 1380.0], [1575.5, 1719.0]], "asks": [[1582.0, 12824.0], [1582.25, 5384.0], [1582.5, 6257.0], [1582.75, 4139.0], [1583.0, 9054.0], [1583.25, 25789.0], [1583.5, 321.0], [1583.75, 1639.0], [1584.0, 1370.0], [1584.75, 321.0], [1585.0, 29727.0], [1585.25, 94692.0], [1586.0, 1382.0], [1586.5, 52832.0], [1587.25, 400.0], [1587.5, 1319.0], [1589.75, 1732.0], [1590.0, 73080.0], [1592.0, 1353.0], [1592.5, 74477.0]]}}}
{"jsonrpc": "2.0", "method": "subscription", "params": {"channel": "book.ETH-18APR25.none.20.100ms", "data": {"timestamp": 1744557806282, "change_id": 65545166016, "instrument_name": "ETH-18APR25", "bids": [[1581.5, 10544.0], [1581.25, 22064.0], [1581.0, 13661.0], [1580.75, 4191.0], [1580.5, 9350.0], [1580.25, 27052.0], [1580.0, 1670.0], [1579.75, 1670.0], [1579.5, 1671.0], [1579.25, 1640.0], [1579.0, 1655.0], [1578.75, 9355.0], [1578.5, 26576.0], [1578.0, 1366.0], [1577.75, 7028.0], [1577.5, 2772.0], [1577.0, 1319.0], [1576.75, 50471.0], [1576.25, 1380.0], [1575.5, 1719.0]], "asks": [[1582.0, 12824.0], [1582.25, 5384.0], [1582.5, 6257.0], [1582.75, 4139.0], [1583.0, 9054.0], [1583.25, 25789.0], [1583.5, 321.0], [1583.75, 1639.0], [1584.0, 1370.0], [1584.75, 321.0], [1585.0, 29727.0], [1585.25, 94692.0], [1586.0, 1382.0], [1586.5, 52832.0], [1587.25, 400.0], [1587.5, 1319.0], [1589.75, 1732.0], [1590.0, 73080.0], [1592.0, 1353.0], [1592.5, 74477.0]]}}}
{"jsonrpc": "2.0", "method": "subscription", "params": {"channel": "book.ETH-18APR25.none.20.100ms", "data": {"timestamp": 1744557806724, "change_id": 65545166290, "instrument_name": "ETH-18APR25", "bids": [[1581.75, 2500.0], [1581.5, 10544.0], [1581.25, 22064.0], [1581.0, 13661.0], [1580.75, 4191.0], [1580.5, 9350.0], [1580.25, 27052.0], [1580.0, 1670.0], [1579.75, 1670.0], [1579.5, 1671.0], [1579.25, 1640.0], [1579.0, 1655.0], [1578.75, 9355.0], [1578.5, 26576.0], [1578.0, 1366.0], [1577.75, 7028.0], [1577.5, 2772.0], [1577.0, 1319.0], [1576.75, 50471.0], [1576.25, 1380.0]], "asks": [[1582.0, 12824.0], [1582.25, 5384.0], [1582.5, 6257.0], [1582.75, 4139.0], [1583.0, 9054.0], [1583.25, 25789.0], [1583.5, 321.0], [1583.75, 1639.0], [1584.0, 1370.0], [1584.75, 321.0], [1585.0, 29727.0], [1585.25, 94692.0], [1586.0, 1382.0], [1586.5, 52832.0], [1587.25, 400.0], [1587.5, 1319.0], [1589.75, 1732.0], [1590.0, 73080.0], [1592.0, 1353.0], [1592.5, 74477.0]]}}}
