{"jsonrpc": "2.0", "method": "subscription", "params": {"channel": "book.ETH-17OCT25.none.20.100ms", "data": {"timestamp": 1760560262992, "change_id": 91683870363, "instrument_name": "ETH-17OCT25", "bids": [[3946.5, 5.0], [3946.25, 772.0], [3946.0, 16046.0], [3945.75, 2584.0], [3944.5, 2500.0], [3943.5, 558.0], [3943.25, 160.0], [3943.0, 22558.0], [3942.25, 558.0], [3940.25, 575.0], [3940.0, 4521.0], [3939.75, 15145.0], [3939.25, 557.0], [3939.0, 6.0], [3938.75, 564.0], [3938.25, 557.0], [3937.75, 559.0], [3937.25, 557.0], [3936.75, 557.0], [3936.25, 557.0]], "asks": [[3948.0, 1200.0], [3948.25, 3784.0], [3948.5, 2993.0], [3948.75, 2586.0], [3949.5, 12691.0], [3949.75, 150.0], [3951.5, 558.0], [3952.0, 15858.0], [3952.75, 24559.0], [3953.75, 558.0], [3954.25, 557.0], [3958.25, 575.0], [3958.75, 878.0], [3959.75, 575.0], [3960.25, 561.0], [3962.25, 5.0], [3963.25, 21004.0], [3965.0, 578.0], [3966.0, 956.0], [3967.0, 40000.0]]}}}
{"jsonrpc": "2.0", "method": "subscription", "params": {"channel": "book.ETH-24OCT25.none.20.100ms", "data": {"timestamp": 1760560262969, "change_id": 91683870367, "instrument_name": "ETH-24OCT25", "bids": [[3948.0, 644.0], [3947.0, 478.0], [3946.75, 12689.0], [3946.5, 889.0], [3946.25, 5134.0], [3946.0, 2156.0], [3945.75, 478.0], [3945.25, 22478.0], [3944.25, 478.0], [3943.5, 487.0], [3942.75, 487.0], [3941.75, 498.0], [3941.25, 15802.0], [3940.75, 493.0], [3940.25, 493.0], [3939.75, 493.0], [3939.25, 480.0], [3938.75, 5.0], [3938.25, 493.0], [3937.75, 476.0]], "asks": [[3950.25, 14845.0], [3950.5, 10232.0], [3950.75, 2156.0], [3951.0, 3597.0], [3951.75, 1100.0], [3952.0, 1100.0], [3953.5, 22000.0], [3953.75, 15808.0], [3955.5, 487.0], [3956.0, 637.0], [3957.0, 480.0], [3957.5, 480.0], [3960.0, 480.0], [3960.75, 478.0], [3961.75, 480.0], [3962.25, 5.0], [3965.75, 485.0], [3966.25, 478.0], [3966.5, 20445.0], [3966.75, 478.0]]}}}
{"jsonrpc": "2.0", "method": "subscription", "params": {"channel": "book.ETH-17OCT25.none.20.100ms", "data": {"timestamp": 1760560263322, "change_id": 91683871494, "instrument_name": "ETH-17OCT25", "bids": [[3946.75, 2584.0], [3946.5, 15280.0], [3946.0, 3355.0], [3945.75, 2584.0], [3944.75, 7361.0], [3944.5, 24660.0], [3943.5, 558.0], [3943.0, 558.0], [3942.25, 558.0], [3940.25, 575.0], [3940.0, 4521.0], [3939.75, 15145.0], [3939.25, 557.0], [3939.0, 6.0], [3938.75, 564.0], [3938.25, 557.0], [3937.75, 559.0], [3937.25, 557.0], [3936.75, 557.0], [3936.25, 557.0]], "asks": [[3948.5, 2584.0], [3948.75, 2586.0], [3949.5, 1200.0], [3949.75, 310.0], [3951.75, 4734.0], [3952.0, 15858.0], [3952.75, 24559.0], [3954.25, 557.0], [3958.25, 575.0], [3958.75, 878.0], [3959.75, 575.0], [3960.25, 561.0], [3962.25, 5.0], [3963.25, 21004.0], [3965.0, 578.0], [3966.0, 956.0], [3967.0, 40000.0], [3967.75, 559.0], [3968.25, 558.0], [3968.75, 575.0]]}}}
{"jsonrpc": "2.0", "method": "subscription", "params": {"channel": "book.ETH-24OCT25.none.20.100ms", "data": {"timestamp": 1760560263317, "change_id": 91683871482, "instrument_name": "ETH-24OCT25", "bids": [[3948.0, 478.0], [3947.5, 2156.0], [3947.25, 12689.0], [3947.0, 478.0], [3946.5, 889.0], [3946.25, 5294.0], [3946.0, 2156.0], [3945.75, 478.0], [3945.25, 22478.0], [3944.25, 478.0], [3943.5, 487.0], [3942.75, 487.0], [3941.75, 498.0], [3941.25, 15802.0], [3940.75, 493.0], [3940.25, 493.0], [3939.75, 493.0], [3939.25, 480.0], [3938.75, 5.0], [3938.25, 493.0]], "asks": [[3950.25, 1100.0], [3950.5, 31801.0], [3950.75, 972.0], [3951.0, 3256.0], [3951.5, 160.0], [3952.0, 478.0], [3953.5, 22000.0], [3953.75, 15808.0], [3955.5, 487.0], [3956.0, 637.0], [3957.0, 480.0], [3957.5, 480.0], [3960.0, 480.0], [3960.75, 478.0], [3961.75, 480.0], [3962.25, 5.0], [3965.5, 400.0], [3965.75, 485.0], [3966.25, 478.0], [3966.5, 20445.0]]}}}
{"jsonrpc": "2.0", "method": "subscription", "params": {"channel": "book.ETH-17OCT25.none.20.100ms", "data": {"timestamp": 1760560263664, "change_id": 91683873357, "instrument_name": "ETH-17OCT25", "bids": [[3946.75, 6743.0], [3946.5, 22589.0], [3946.25, 15324.0], [3946.0, 2584.0], [3945.75, 2584.0], [3944.75, 558.0], [3944.5, 24500.0], [3943.0, 558.0], [3942.25, 558.0], [3940.25, 575.0], [3939.75, 15145.0], [3939.25, 557.0], [3939.0, 6.0], [3938.75, 564.0], [3938.25, 557.0], [3937.75, 559.0], [3937.25, 557.0], [3936.75, 557.0], [3936.25, 557.0], [3936.0, 6.0]], "asks": [[3949.75, 1350.0], [3950.0, 2584.0], [3950.5, 160.0], [3951.5, 12580.0], [3952.75, 22558.0], [3954.25, 557.0], [3955.25, 15506.0], [3958.25, 575.0], [3958.75, 878.0], [3959.75, 575.0], [3960.25, 561.0], [3962.25, 5.0], [3963.25, 21004.0], [3965.0, 578.0], [3966.0, 956.0], [3967.0, 40000.0], [3967.75, 559.0], [3968.25, 558.0], [3968.75, 575.0], [3969.0, 1138.0]]}}}
{"jsonrpc": "2.0", "method": "subscription", "params": {"channel": "book.ETH-24OCT25.none.20.100ms", "data": {"timestamp": 1760560263552, "change_id": 91683873207, "instrument_name": "ETH-24OCT25", "bids": [[3948.0, 478.0], [3947.75, 691.0], [3947.5, 2316.0], [3947.0, 478.0], [3946.75, 12578.0], [3946.25, 2978.0], [3945.75, 478.0], [3945.25, 22478.0], [3943.5, 487.0], [3942.75, 487.0], [3941.75, 498.0], [3941.25, 15802.0], [3940.75, 493.0], [3940.25, 493.0], [3939.75, 493.0], [3939.25, 480.0], [3938.75, 5.0], [3938.25, 493.0], [3937.75, 476.0], [3936.25, 478.0]], "asks": [[3951.0, 1100.0], [3952.0, 478.0], [3952.25, 12738.0], [3952.5, 478.0], [3953.75, 487.0], [3955.25, 22000.0], [3955.5, 487.0], [3956.0, 637.0], [3956.75, 15191.0], [3957.5, 480.0], [3960.0, 480.0], [3960.75, 478.0], [3961.75, 480.0], [3962.25, 5.0], [3965.5, 400.0], [3965.75, 485.0], [3966.25, 478.0], [3966.5, 20445.0], [3966.75, 478.0], [3967.75, 478.0]]}}}
{"jsonrpc": "2.0", "method": "subscription", "params": {"channel": "book.ETH-17OCT25.none.20.100ms", "data": {"timestamp": 1760560263972, "change_id": 91683875151, "instrument_name": "ETH-17OCT25", "bids": [[3947.75, 1490.0], [3946.75, 160.0], [3946.5, 20005.0], [3946.25, 15164.0], [3946.0, 2584.0], [3945.75, 2584.0], [3944.75, 558.0], [3944.5, 24500.0], [3943.0, 558.0], [3942.25, 15901.0], [3940.25, 575.0], [3939.25, 557.0], [3939.0, 6.0], [3938.75, 564.0], [3938.25, 557.0], [3937.75, 559.0], [3937.25, 557.0], [3936.75, 557.0], [3936.25, 557.0], [3936.0, 6.0]], "asks": [[3949.75, 150.0], [3950.0, 2584.0], [3951.5, 160.0], [3952.5, 12580.0], [3953.25, 558.0], [3953.75, 558.0], [3954.25, 22557.0], [3954.5, 2001.0], [3954.75, 558.0], [3955.25, 15506.0], [3958.25, 575.0], [3958.75, 878.0], [3959.75, 575.0], [3960.25, 561.0], [3962.25, 5.0], [3963.25, 21004.0], [3965.0, 578.0], [3966.0, 956.0], [3967.0, 40000.0], [3967.75, 559.0]]}}}
{"jsonrpc": "2.0", "method": "subscription", "params": {"channel": "book.ETH-24OCT25.none.20.100ms", "data": {"timestamp": 1760560263984, "change_id": 91683875206, "instrument_name": "ETH-24OCT25", "bids": [[3948.25, 478.0], [3948.0, 160.0], [3947.75, 644.0], [3947.5, 2156.0], [3947.0, 4233.0], [3946.75, 19145.0], [3946.5, 22889.0], [3946.25, 2978.0], [3945.75, 478.0], [3945.25, 478.0], [3944.0, 4384.0], [3943.75, 14688.0], [3943.5, 487.0], [3942.75, 487.0], [3941.75, 498.0], [3941.25, 493.0], [3940.75, 493.0], [3940.25, 493.0], [3939.75, 493.0], [3939.25, 480.0]], "asks": [[3951.75, 328.0], [3952.0, 1428.0], [3952.25, 1885.0], [3952.5, 3274.0], [3952.75, 2153.0], [3953.0, 978.0], [3953.25, 12578.0], [3953.5, 1100.0], [3953.75, 487.0], [3955.25, 22000.0], [3955.5, 487.0], [3956.0, 637.0], [3956.75, 15191.0], [3957.5, 480.0], [3960.0, 480.0], [3960.75, 478.0], [3961.75, 480.0], [3962.25, 5.0], [3965.5, 400.0], [3965.75, 485.0]]}}}
{"jsonrpc": "2.0", "method": "subscription", "params": {"channel": "book.ETH-24OCT25.none.20.100ms", "data": {"timestamp": 1760560264311, "change_id": 91683876306, "instrument_name": "ETH-24OCT25", "bids": [[3948.5, 1120.0], [3948.25, 2792.0], [3948.0, 3271.0], [3947.75, 2797.0], [3947.25, 3897.0], [3947.0, 13056.0], [3946.75, 6567.0], [3946.5, 22889.0], [3946.25, 2978.0], [3945.75, 478.0], [3945.25, 478.0], [3944.0, 4384.0], [3943.75, 14688.0], [3943.5, 487.0], [3942.75, 487.0], [3941.75, 498.0], [3941.25, 493.0], [3940.75, 493.0], [3940.25, 493.0], [3939.75, 493.0]], "asks": [[3951.75, 806.0], [3952.0, 2028.0], [3952.25, 4035.0], [3952.5, 3274.0], [3952.75, 2785.0], [3953.0, 4733.0], [3953.25, 12906.0], [3953.5, 1100.0], [3953.75, 487.0], [3954.5, 5.0], [3955.0, 6567.0], [3955.25, 22000.0], [3955.5, 487.0], [3956.0, 637.0], [3956.5, 4535.0], [3956.75, 15191.0], [3957.5, 480.0], [3960.0, 480.0], [3960.75, 478.0], [3961.75, 480.0]]}}}
{"jsonrpc": "2.0", "method": "subscription", "params": {"channel": "book.ETH-17OCT25.none.20.100ms", "data": {"timestamp": 1760560264309, "change_id": 91683876294, "instrument_name": "ETH-17OCT25", "bids": [[3948.25, 3350.0], [3948.0, 2580.0], [3947.75, 541.0], [3947.5, 3355.0], [3947.25, 2584.0], [3946.75, 3757.0], [3946.5, 13356.0], [3946.25, 2584.0], [3945.75, 2584.0], [3944.75, 558.0], [3944.5, 24500.0], [3943.0, 558.0], [3942.25, 15901.0], [3940.25, 575.0], [3939.25, 557.0], [3939.0, 6.0], [3938.75, 564.0], [3938.25, 557.0], [3937.75, 559.0], [3937.25, 557.0]], "asks": [[3949.75, 921.0], [3950.0, 3355.0], [3950.25, 3477.0], [3950.5, 2993.0], [3951.5, 160.0], [3952.25, 3755.0], [3952.5, 12580.0], [3953.25, 558.0], [3953.75, 558.0], [3954.0, 6733.0], [3954.25, 22557.0], [3954.75, 558.0], [3955.25, 15506.0], [3958.25, 575.0], [3958.75, 878.0], [3959.75, 575.0], [3960.25, 561.0], [3962.25, 5.0], [3963.25, 21004.0], [3965.0, 578.0]]}}}
{"jsonrpc": "2.0", "method": "subscription", "params": {"channel": "book.ETH-24OCT25.none.20.100ms", "data": {"timestamp": 1760560264593, "change_id": 91683877576, "instrument_name": "ETH-24OCT25", "bids": [[3947.0, 478.0], [3946.75, 9482.0], [3946.5, 35467.0], [3946.25, 2978.0], [3945.75, 478.0], [3945.25, 478.0], [3944.0, 4384.0], [3943.75, 14688.0], [3943.5, 487.0], [3942.75, 487.0], [3941.75, 498.0], [3941.25, 493.0], [3940.75, 493.0], [3940.25, 493.0], [3939.75, 493.0], [3939.25, 480.0], [3938.75, 5.0], [3938.25, 493.0], [3937.75, 476.0], [3936.25, 478.0]], "asks": [[3951.25, 471.0], [3951.5, 1578.0], [3951.75, 4041.0], [3952.0, 14571.0], [3952.25, 4035.0], [3952.5, 3891.0], [3952.75, 340.0], [3953.0, 478.0], [3953.25, 328.0], [3953.5, 1100.0], [3953.75, 487.0], [3954.5, 5.0], [3955.0, 6567.0], [3955.25, 22000.0], [3955.5, 487.0], [3956.0, 637.0], [3956.75, 15191.0], [3957.5, 480.0], [3960.0, 480.0], [3960.75, 478.0]]}}}
{"jsonrpc": "2.0", "method": "subscription", "params": {"channel": "book.ETH-17OCT25.none.20.100ms", "data": {"timestamp": 1760560264632, "change_id": 91683877636, "instrument_name": "ETH-17OCT25", "bids": [[3947.75, 541.0], [3947.5, 3355.0], [3947.25, 2584.0], [3946.5, 5.0], [3946.25, 3755.0], [3946.0, 13351.0], [3944.75, 7871.0], [3944.5, 24500.0], [3943.0, 558.0], [3942.5, 4746.0], [3942.25, 15901.0], [3940.25, 575.0], [3939.25, 557.0], [3939.0, 6.0], [3938.75, 564.0], [3938.25, 557.0], [3937.75, 559.0], [3937.25, 557.0], [3936.75, 557.0], [3936.25, 557.0]], "asks": [[3949.75, 1350.0], [3950.0, 3784.0], [3950.25, 2584.0], [3950.5, 2993.0], [3950.75, 160.0], [3951.5, 1200.0], [3951.75, 12580.0], [3953.25, 558.0], [3953.75, 558.0], [3954.25, 22557.0], [3954.75, 558.0], [3955.25, 15506.0], [3958.25, 575.0], [3958.75, 878.0], [3959.75, 575.0], [3960.25, 561.0], [3962.25, 5.0], [3963.25, 21004.0], [3965.0, 578.0], [3966.0, 956.0]]}}}
{"jsonrpc": "2.0", "method": "subscription", "params": {"channel": "book.ETH-17OCT25.none.20.100ms", "data": {"timestamp": 1760560264984, "change_id": 91683879533, "instrument_name": "ETH-17OCT25", "bids": [[3947.75, 771.0], [3947.5, 3355.0], [3947.25, 3514.0], [3947.0, 2580.0], [3946.5, 5.0], [3946.25, 3755.0], [3946.0, 12580.0], [3944.75, 558.0], [3944.5, 24500.0], [3943.0, 558.0], [3942.25, 15901.0], [3940.25, 575.0], [3939.25, 557.0], [3939.0, 6.0], [3938.75, 564.0], [3938.25, 557.0], [3937.75, 559.0], [3937.25, 557.0], [3936.75, 557.0], [3936.25, 557.0]], "asks": [[3949.25, 1558.0], [3949.5, 1200.0], [3949.75, 3930.0], [3950.0, 2992.0], [3950.25, 408.0], [3950.75, 160.0], [3951.5, 1200.0], [3951.75, 12580.0], [3953.25, 558.0], [3953.75, 558.0], [3954.25, 22557.0], [3954.75, 558.0], [3955.25, 15506.0], [3958.25, 575.0], [3958.75, 878.0], [3959.75, 575.0], [3960.25, 561.0], [3962.25, 5.0], [3963.25, 21004.0], [3965.0, 578.0]]}}}
{"jsonrpc": "2.0", "method": "subscription", "params": {"channel": "book.ETH-24OCT25.none.20.100ms", "data": {"timestamp": 1760560264914, "change_id": 91683879291, "instrument_name": "ETH-24OCT25", "bids": [[3947.25, 478.0], [3946.75, 2628.0], [3946.5, 36728.0], [3946.25, 2978.0], [3945.75, 478.0], [3945.25, 478.0], [3943.75, 14688.0], [3943.5, 487.0], [3942.75, 487.0], [3941.75, 498.0], [3941.25, 493.0], [3940.75, 493.0], [3940.25, 493.0], [3939.75, 493.0], [3939.25, 480.0], [3938.75, 5.0], [3938.25, 493.0], [3937.75, 476.0], [3936.25, 478.0], [3935.75, 498.0]], "asks": [[3951.25, 1578.0], [3951.5, 1100.0], [3951.75, 4813.0], [3952.0, 35062.0], [3952.25, 3250.0], [3952.5, 2078.0], [3953.0, 13056.0], [3953.5, 1100.0], [3953.75, 487.0], [3954.5, 5.0], [3955.25, 22000.0], [3955.5, 487.0], [3956.0, 637.0], [3956.75, 15191.0], [3957.5, 480.0], [3960.0, 480.0], [3960.75, 478.0], [3961.75, 480.0], [3962.25, 5.0], [3965.5, 400.0]]}}}
{"jsonrpc": "2.0", "method": "subscription", "params": {"channel": "book.ETH-24OCT25.none.20.100ms", "data": {"timestamp": 1760560265284, "change_id": 91683880329, "instrument_name": "ETH-24OCT25", "bids": [[3949.0, 160.0], [3947.25, 478.0], [3947.0, 784.0], [3946.75, 2628.0], [3946.5, 34578.0], [3946.25, 2978.0], [3945.75, 478.0], [3945.25, 478.0], [3943.5, 487.0], [3942.75, 487.0], [3941.75, 498.0], [3941.25, 15745.0], [3940.75, 493.0], [3940.25, 493.0], [3939.75, 493.0], [3939.25, 480.0], [3938.75, 5.0], [3938.25, 493.0], [3937.75, 476.0], [3936.25, 478.0]], "asks": [[3951.0, 1100.0], [3951.25, 1100.0], [3951.5, 1100.0], [3951.75, 3410.0], [3952.0, 35062.0], [3952.25, 3590.0], [3952.5, 478.0], [3953.0, 13056.0], [3953.5, 1100.0], [3953.75, 487.0], [3954.5, 5.0], [3955.25, 22000.0], [3955.5, 487.0], [3956.0, 637.0], [3956.75, 15191.0], [3957.25, 21572.0], [3957.5, 480.0], [3960.0, 480.0], [3960.75, 478.0], [3961.75, 480.0]]}}}
{"jsonrpc": "2.0", "method": "subscription", "params": {"channel": "book.ETH-17OCT25.none.20.100ms", "data": {"timestamp": 1760560265269, "change_id": 91683880310, "instrument_name": "ETH-17OCT25", "bids": [[3948.0, 4992.0], [3947.5, 2584.0], [3947.25, 2744.0], [3946.5, 5.0], [3946.0, 12580.0], [3944.75, 558.0], [3944.5, 24500.0], [3943.0, 558.0], [3942.25, 558.0], [3940.25, 575.0], [3939.75, 14713.0], [3939.25, 557.0], [3939.0, 6.0], [3938.75, 564.0], [3938.25, 557.0], [3937.75, 559.0], [3937.25, 557.0], [3936.75, 557.0], [3936.25, 557.0], [3936.0, 6.0]], "asks": [[3949.25, 1200.0], [3949.5, 3780.0], [3949.75, 3930.0], [3950.0, 568.0], [3951.0, 21572.0], [3951.5, 1200.0], [3951.75, 12580.0], [3953.25, 558.0], [3953.75, 558.0], [3954.25, 22557.0], [3954.75, 558.0], [3955.25, 15506.0], [3958.25, 575.0], [3958.75, 878.0], [3959.75, 575.0], [3960.25, 561.0], [3962.25, 5.0], [3963.25, 558.0], [3965.0, 578.0], [3966.0, 956.0]]}}}
{"jsonrpc": "2.0", "method": "subscription", "params": {"channel": "book.ETH-24OCT25.none.20.100ms", "data": {"timestamp": 1760560265644, "change_id": 91683881469, "instrument_name": "ETH-24OCT25", "bids": [[3946.75, 478.0], [3946.5, 2148.0], [3946.25, 5126.0], [3946.0, 12578.0], [3945.25, 478.0], [3943.5, 487.0], [3942.75, 487.0], [3941.75, 498.0], [3941.25, 15745.0], [3940.75, 493.0], [3940.25, 493.0], [3939.75, 493.0], [3939.25, 480.0], [3938.75, 5.0], [3938.25, 493.0], [3937.75, 476.0], [3936.25, 478.0], [3935.75, 498.0], [3935.25, 476.0], [3934.75, 480.0]], "asks": [[3950.75, 1578.0], [3951.0, 1100.0], [3951.25, 1100.0], [3951.5, 1578.0], [3951.75, 3410.0], [3952.0, 47640.0], [3952.25, 340.0], [3953.0, 478.0], [3953.5, 1100.0], [3953.75, 487.0], [3954.5, 5.0], [3955.5, 487.0], [3956.0, 637.0], [3957.25, 21572.0], [3957.5, 480.0], [3960.0, 480.0], [3960.75, 478.0], [3961.75, 480.0], [3962.25, 5.0], [3965.5, 400.0]]}}}
{"jsonrpc": "2.0", "method": "subscription", "params": {"channel": "book.ETH-17OCT25.none.20.100ms", "data": {"timestamp": 1760560265641, "change_id": 91683881450, "instrument_name": "ETH-17OCT25", "bids": [[3947.5, 4992.0], [3947.25, 2577.0], [3947.0, 2577.0], [3946.5, 5975.0], [3946.25, 20000.0], [3945.75, 3755.0], [3945.5, 12580.0], [3944.5, 22000.0], [3942.25, 558.0], [3940.25, 575.0], [3939.75, 14713.0], [3939.25, 557.0], [3939.0, 6.0], [3938.75, 564.0], [3938.25, 557.0], [3937.75, 559.0], [3937.25, 557.0], [3936.75, 557.0], [3936.25, 557.0], [3936.0, 6.0]], "asks": [[3949.0, 1200.0], [3949.25, 1200.0], [3949.5, 3940.0], [3949.75, 3930.0], [3950.0, 408.0], [3951.5, 1200.0], [3951.75, 12580.0], [3952.0, 564.0], [3952.75, 15006.0], [3953.0, 22000.0], [3953.75, 558.0], [3954.25, 557.0], [3954.75, 558.0], [3958.25, 575.0], [3958.75, 878.0], [3959.5, 21572.0], [3959.75, 575.0], [3960.25, 561.0], [3962.25, 5.0], [3963.25, 558.0]]}}}
{"jsonrpc": "2.0", "method": "subscription", "params": {"channel": "book.ETH-24OCT25.none.20.100ms", "data": {"timestamp": 1760560265837, "change_id": 91683883645, "instrument_name": "ETH-24OCT25", "bids": [[3946.5, 478.0], [3946.25, 2500.0], [3946.0, 478.0], [3945.25, 13056.0], [3945.0, 22000.0], [3943.5, 487.0], [3942.75, 487.0], [3941.75, 498.0], [3941.25, 15745.0], [3940.75, 493.0], [3940.25, 493.0], [3939.75, 493.0], [3939.25, 480.0], [3938.75, 5.0], [3938.25, 493.0], [3937.75, 476.0], [3936.25, 478.0], [3935.75, 498.0], [3935.25, 476.0], [3934.75, 480.0]], "asks": [[3950.25, 478.0], [3950.5, 1100.0], [3950.75, 3248.0], [3951.0, 21100.0], [3951.25, 1100.0], [3951.5, 1578.0], [3951.75, 1260.0], [3952.0, 1100.0], [3952.25, 340.0], [3953.0, 478.0], [3953.75, 487.0], [3954.0, 22000.0], [3954.25, 15486.0], [3954.5, 5.0], [3955.5, 487.0], [3956.0, 637.0], [3957.25, 21572.0], [3957.5, 480.0], [3960.0, 480.0], [3960.75, 478.0]]}}}
{"jsonrpc": "2.0", "method": "subscription", "params": {"channel": "book.ETH-17OCT25.none.20.100ms", "data": {"timestamp": 1760560265870, "change_id": 91683883567, "instrument_name": "ETH-17OCT25", "bids": [[3946.5, 5.0], [3946.25, 2577.0], [3945.5, 160.0], [3945.0, 12580.0], [3944.5, 22000.0], [3942.25, 558.0], [3940.25, 575.0], [3939.75, 14713.0], [3939.25, 557.0], [3939.0, 6.0], [3938.75, 564.0], [3938.25, 557.0], [3937.75, 559.0], [3937.25, 557.0], [3936.75, 557.0], [3936.25, 557.0], [3936.0, 6.0], [3935.75, 561.0], [3935.25, 556.0], [3934.25, 556.0]], "asks": [[3949.0, 1200.0], [3949.25, 1200.0], [3949.5, 3940.0], [3949.75, 35724.0], [3950.0, 408.0], [3950.5, 12580.0], [3951.5, 1200.0], [3952.0, 564.0], [3952.75, 15006.0], [3953.0, 22000.0], [3953.75, 2559.0], [3954.25, 557.0], [3954.75, 558.0], [3958.25, 575.0], [3958.75, 878.0], [3959.5, 21572.0], [3959.75, 575.0], [3960.25, 561.0], [3962.25, 5.0], [3963.0, 400.0]]}}}
{"jsonrpc": "2.0", "method": "subscription", "params": {"channel": "book.ETH-24OCT25.none.20.100ms", "data": {"timestamp": 1760560266276, "change_id": 91683884787, "instrument_name": "ETH-24OCT25", "bids": [[3948.5, 160.0], [3946.75, 478.0], [3946.5, 1292.0], [3946.25, 5432.0], [3946.0, 2626.0], [3945.5, 3897.0], [3945.25, 19623.0], [3945.0, 22000.0], [3943.5, 487.0], [3942.75, 487.0], [3941.75, 498.0], [3941.5, 4700.0], [3941.25, 15745.0], [3940.75, 493.0], [3940.25, 493.0], [3939.75, 493.0], [3939.25, 480.0], [3938.75, 5.0], [3938.25, 493.0], [3937.75, 476.0]], "asks": [[3950.25, 328.0], [3950.5, 2070.0], [3950.75, 13942.0], [3951.0, 52800.0], [3951.25, 1731.0], [3951.5, 1954.0], [3951.75, 1428.0], [3952.0, 1100.0], [3952.25, 340.0], [3953.0, 478.0], [3953.75, 7054.0], [3954.0, 26623.0], [3954.25, 15486.0], [3954.5, 5.0], [3955.5, 487.0], [3956.0, 637.0], [3957.25, 21572.0], [3957.5, 480.0], [3960.0, 480.0], [3960.75, 478.0]]}}}
{"jsonrpc": "2.0", "method": "subscription", "params": {"channel": "book.ETH-17OCT25.none.20.100ms", "data": {"timestamp": 1760560266314, "change_id": 91683884812, "instrument_name": "ETH-17OCT25", "bids": [[3947.5, 2500.0], [3947.0, 1650.0], [3946.75, 4992.0], [3946.5, 2582.0], [3946.25, 2577.0], [3946.0, 2577.0], [3945.0, 12580.0], [3944.5, 22000.0], [3942.25, 558.0], [3940.25, 575.0], [3939.75, 14713.0], [3939.25, 557.0], [3939.0, 6.0], [3938.75, 564.0], [3938.25, 557.0], [3937.75, 559.0], [3937.25, 557.0], [3936.75, 557.0], [3936.25, 557.0], [3936.0, 6.0]], "asks": [[3949.0, 1200.0], [3949.25, 6277.0], [3949.5, 3780.0], [3949.75, 36291.0], [3950.5, 12580.0], [3951.5, 1200.0], [3952.0, 564.0], [3952.75, 15006.0], [3953.0, 22000.0], [3953.75, 2559.0], [3954.25, 557.0], [3954.75, 558.0], [3958.25, 575.0], [3958.75, 878.0], [3959.5, 21572.0], [3959.75, 575.0], [3960.25, 561.0], [3962.25, 5.0], [3963.0, 400.0], [3963.25, 558.0]]}}}
{"jsonrpc": "2.0", "method": "subscription", "params": {"channel": "book.ETH-24OCT25.none.20.100ms", "data": {"timestamp": 1760560266594, "change_id": 91683885558, "instrument_name": "ETH-24OCT25", "bids": [[3946.75, 478.0], [3946.5, 407.0], [3946.25, 2148.0], [3946.0, 2626.0], [3945.25, 13056.0], [3945.0, 22000.0], [3943.5, 487.0], [3942.75, 487.0], [3941.75, 498.0], [3941.25, 15745.0], [3940.75, 493.0], [3940.25, 493.0], [3939.75, 493.0], [3939.25, 480.0], [3938.75, 5.0], [3938.25, 493.0], [3937.75, 476.0], [3936.25, 478.0], [3935.75, 498.0], [3935.25, 476.0]], "asks": [[3950.5, 1100.0], [3950.75, 1100.0], [3951.0, 32708.0], [3951.25, 1260.0], [3951.5, 1578.0], [3951.75, 1100.0], [3952.0, 1100.0], [3952.25, 340.0], [3953.0, 478.0], [3953.75, 487.0], [3954.0, 22000.0], [3954.25, 15486.0], [3954.5, 5.0], [3955.5, 487.0], [3956.0, 637.0], [3957.25, 21572.0], [3957.5, 480.0], [3960.0, 480.0], [3960.75, 478.0], [3961.75, 480.0]]}}}
{"jsonrpc": "2.0", "method": "subscription", "params": {"channel": "book.ETH-17OCT25.none.20.100ms", "data": {"timestamp": 1760560266614, "change_id": 91683885637, "instrument_name": "ETH-17OCT25", "bids": [[3946.5, 774.0], [3946.25, 3346.0], [3946.0, 2577.0], [3945.25, 3755.0], [3945.0, 12580.0], [3944.75, 6567.0], [3944.5, 22000.0], [3942.25, 558.0], [3940.25, 575.0], [3939.75, 14713.0], [3939.25, 557.0], [3939.0, 6.0], [3938.75, 564.0], [3938.25, 557.0], [3937.75, 559.0], [3937.25, 557.0], [3936.75, 557.0], [3936.25, 557.0], [3936.0, 6.0], [3935.75, 561.0]], "asks": [[3948.75, 1558.0], [3949.0, 1200.0], [3949.25, 3777.0], [3949.5, 3780.0], [3949.75, 35091.0], [3950.5, 12580.0], [3952.0, 564.0], [3952.75, 15006.0], [3953.0, 22000.0], [3953.75, 2559.0], [3954.25, 557.0], [3954.75, 558.0], [3958.25, 575.0], [3958.75, 878.0], [3959.5, 21572.0], [3959.75, 575.0], [3960.25, 561.0], [3962.25, 5.0], [3963.0, 400.0], [3963.25, 558.0]]}}}
{"jsonrpc": "2.0", "method": "subscription", "params": {"channel": "book.ETH-24OCT25.none.20.100ms", "data": {"timestamp": 1760560266850, "change_id": 91683886777, "instrument_name": "ETH-24OCT25", "bids": [[3948.5, 160.0], [3946.75, 478.0], [3946.0, 478.0], [3945.5, 3897.0], [3945.25, 19623.0], [3945.0, 22000.0], [3943.5, 487.0], [3942.75, 487.0], [3941.75, 498.0], [3941.5, 4700.0], [3941.25, 15745.0], [3940.75, 493.0], [3940.25, 493.0], [3939.75, 493.0], [3939.25, 480.0], [3938.75, 5.0], [3938.25, 493.0], [3937.75, 476.0], [3936.25, 478.0], [3935.75, 498.0]], "asks": [[3950.0, 1100.0], [3950.75, 1100.0], [3951.0, 32708.0], [3951.25, 1260.0], [3951.5, 478.0], [3952.0, 1100.0], [3952.25, 340.0], [3953.0, 478.0], [3953.75, 487.0], [3954.0, 22000.0], [3954.25, 15486.0], [3954.5, 5.0], [3955.5, 487.0], [3956.0, 637.0], [3957.25, 21572.0], [3957.5, 480.0], [3960.0, 480.0], [3960.75, 478.0], [3961.75, 480.0], [3962.25, 5.0]]}}}
{"jsonrpc": "2.0", "method": "subscription", "params": {"channel": "book.ETH-17OCT25.none.20.100ms", "data": {"timestamp": 1760560266955, "change_id": 91683887220, "instrument_name": "ETH-17OCT25", "bids": [[3946.75, 5152.0], [3946.5, 2578.0], [3946.25, 2577.0], [3946.0, 2577.0], [3945.0, 12580.0], [3944.5, 22000.0], [3942.25, 558.0], [3940.25, 575.0], [3939.75, 14713.0], [3939.25, 557.0], [3939.0, 6.0], [3938.75, 564.0], [3938.25, 557.0], [3937.75, 559.0], [3937.25, 557.0], [3936.75, 557.0], [3936.25, 557.0], [3936.0, 6.0], [3935.75, 561.0], [3935.25, 556.0]], "asks": [[3948.75, 3773.0], [3949.0, 1200.0], [3949.25, 3777.0], [3949.5, 1200.0], [3949.75, 32351.0], [3950.5, 12580.0], [3952.0, 564.0], [3952.75, 15006.0], [3953.0, 22000.0], [3953.75, 558.0], [3954.25, 557.0], [3954.75, 558.0], [3958.25, 575.0], [3958.75, 878.0], [3959.5, 21572.0], [3959.75, 575.0], [3960.25, 561.0], [3962.25, 5.0], [3963.0, 400.0], [3963.25, 558.0]]}}}
{"jsonrpc": "2.0", "method": "subscription", "params": {"channel": "book.ETH-24OCT25.none.20.100ms", "data": {"timestamp": 1760560267266, "change_id": 91683888269, "instrument_name": "ETH-24OCT25", "bids": [[3949.5, 160.0], [3949.0, 2144.0], [3948.75, 2144.0], [3946.75, 478.0], [3946.5, 3755.0], [3946.25, 12578.0], [3946.0, 478.0], [3945.25, 7045.0], [3945.0, 22000.0], [3943.5, 487.0], [3942.75, 487.0], [3941.75, 498.0], [3941.5, 4700.0], [3941.25, 15745.0], [3940.75, 493.0], [3940.25, 493.0], [3939.75, 493.0], [3939.25, 480.0], [3938.75, 5.0], [3938.25, 493.0]], "asks": [[3950.5, 1100.0], [3951.25, 1100.0], [3951.75, 1100.0], [3952.0, 13838.0], [3952.25, 340.0], [3953.0, 478.0], [3953.75, 487.0], [3954.0, 22000.0], [3954.25, 15486.0], [3954.5, 5.0], [3955.5, 487.0], [3956.0, 637.0], [3957.25, 21572.0], [3957.5, 480.0], [3960.0, 480.0], [3960.75, 478.0], [3961.75, 480.0], [3962.25, 5.0], [3965.5, 400.0], [3965.75, 46702.0]]}}}
{"jsonrpc": "2.0", "method": "subscription", "params": {"channel": "book.ETH-17OCT25.none.20.100ms", "data": {"timestamp": 1760560267270, "change_id": 91683888259, "instrument_name": "ETH-17OCT25", "bids": [[3948.0, 160.0], [3946.5, 2578.0], [3946.25, 7101.0], [3946.0, 15157.0], [3944.5, 22000.0], [3942.25, 558.0], [3940.25, 575.0], [3939.75, 14713.0], [3939.25, 557.0], [3939.0, 6.0], [3938.75, 564.0], [3938.25, 557.0], [3937.75, 559.0], [3937.25, 557.0], [3936.75, 557.0], [3936.25, 557.0], [3936.0, 6.0], [3935.75, 561.0], [3935.25, 556.0], [3934.25, 556.0]], "asks": [[3949.75, 557.0], [3950.0, 160.0], [3951.25, 1200.0], [3951.5, 12580.0], [3952.75, 15006.0], [3953.0, 22000.0], [3953.75, 558.0], [3954.25, 557.0], [3954.75, 558.0], [3958.25, 575.0], [3958.75, 878.0], [3959.5, 21572.0], [3959.75, 575.0], [3960.25, 561.0], [3962.25, 5.0], [3963.0, 400.0], [3963.25, 558.0], [3963.75, 40564.0], [3964.25, 25447.0], [3965.0, 578.0]]}}}
{"jsonrpc": "2.0", "method": "subscription", "params": {"channel": "book.ETH-24OCT25.none.20.100ms", "data": {"timestamp": 1760560267537, "change_id": 91683888912, "instrument_name": "ETH-24OCT25", "bids": [[3946.5, 493.0], [3946.25, 1121.0], [3946.0, 5899.0], [3945.75, 13071.0], [3945.25, 7045.0], [3945.0, 22000.0], [3943.5, 487.0], [3942.75, 487.0], [3941.75, 498.0], [3941.5, 4700.0], [3941.25, 15745.0], [3940.75, 493.0], [3940.25, 493.0], [3939.75, 493.0], [3939.25, 480.0], [3938.75, 5.0], [3938.25, 493.0], [3937.75, 476.0], [3936.25, 478.0], [3935.75, 6609.0]], "asks": [[3950.5, 1100.0], [3951.0, 493.0], [3951.25, 1100.0], [3951.5, 493.0], [3951.75, 1100.0], [3952.0, 13838.0], [3952.25, 340.0], [3953.0, 478.0], [3953.75, 487.0], [3954.0, 22000.0], [3954.25, 15486.0], [3954.5, 5.0], [3955.5, 487.0], [3956.0, 637.0], [3957.25, 21572.0], [3957.5, 480.0], [3960.0, 480.0], [3960.75, 478.0], [3961.75, 480.0], [3962.25, 5.0]]}}}
{"jsonrpc": "2.0", "method": "subscription", "params": {"channel": "book.ETH-17OCT25.none.20.100ms", "data": {"timestamp": 1760560267629, "change_id": 91683889099, "instrument_name": "ETH-17OCT25", "bids": [[3946.75, 4992.0], [3946.5, 5.0], [3946.25, 2577.0], [3946.0, 2577.0], [3945.25, 12580.0], [3944.5, 22000.0], [3940.25, 575.0], [3939.75, 14713.0], [3939.25, 557.0], [3939.0, 6.0], [3938.75, 564.0], [3938.25, 557.0], [3937.75, 559.0], [3937.25, 557.0], [3936.75, 557.0], [3936.25, 557.0], [3936.0, 6.0], [3935.75, 561.0], [3935.25, 556.0], [3934.25, 556.0]], "asks": [[3949.25, 1360.0], [3949.75, 150.0], [3951.25, 1200.0], [3951.5, 12580.0], [3952.25, 564.0], [3952.75, 15006.0], [3953.0, 22000.0], [3953.75, 2558.0], [3954.75, 558.0], [3958.25, 575.0], [3958.75, 878.0], [3959.5, 21572.0], [3959.75, 575.0], [3960.25, 561.0], [3962.25, 5.0], [3963.0, 400.0], [3963.25, 558.0], [3963.75, 40564.0], [3964.25, 25447.0], [3965.0, 578.0]]}}}
{"jsonrpc": "2.0", "method": "subscription", "params": {"channel": "book.ETH-17OCT25.none.20.100ms", "data": {"timestamp": 1760560267966, "change_id": 91683891073, "instrument_name": "ETH-17OCT25", "bids": [[3946.5, 5.0], [3946.25, 769.0], [3946.0, 2577.0], [3945.75, 2571.0], [3945.25, 160.0], [3944.5, 12580.0], [3943.0, 22000.0], [3940.25, 575.0], [3940.0, 4392.0], [3939.75, 14713.0], [3939.25, 557.0], [3939.0, 6.0], [3938.75, 564.0], [3938.25, 557.0], [3937.75, 559.0], [3937.25, 557.0], [3936.75, 557.0], [3936.25, 557.0], [3936.0, 6.0], [3935.75, 561.0]], "asks": [[3948.75, 1360.0], [3949.0, 7570.0], [3949.25, 3771.0], [3949.5, 4178.0], [3949.75, 2721.0], [3950.0, 2978.0], [3950.5, 44380.0], [3952.25, 564.0], [3952.75, 15006.0], [3953.0, 22000.0], [3953.75, 558.0], [3954.75, 558.0], [3958.25, 575.0], [3958.75, 878.0], [3959.5, 21572.0], [3959.75, 575.0], [3960.25, 561.0], [3962.25, 5.0], [3963.0, 400.0], [3963.25, 558.0]]}}}
{"jsonrpc": "2.0", "method": "subscription", "params": {"channel": "book.ETH-24OCT25.none.20.100ms", "data": {"timestamp": 1760560267974, "change_id": 91683891139, "instrument_name": "ETH-24OCT25", "bids": [[3946.5, 493.0], [3946.0, 2144.0], [3945.75, 2637.0], [3945.5, 2144.0], [3945.25, 478.0], [3945.0, 34578.0], [3942.75, 487.0], [3941.75, 498.0], [3941.25, 15745.0], [3940.75, 493.0], [3940.25, 493.0], [3939.75, 493.0], [3939.25, 480.0], [3938.75, 5.0], [3938.25, 493.0], [3937.75, 476.0], [3936.25, 478.0], [3935.75, 498.0], [3935.25, 476.0], [3934.75, 480.0]], "asks": [[3950.0, 493.0], [3950.25, 20493.0], [3950.75, 2144.0], [3951.0, 14722.0], [3951.25, 1260.0], [3951.5, 493.0], [3952.0, 1100.0], [3952.25, 340.0], [3953.0, 478.0], [3953.75, 487.0], [3954.0, 22000.0], [3954.25, 15486.0], [3954.5, 5.0], [3955.5, 487.0], [3956.0, 637.0], [3957.25, 21572.0], [3960.0, 480.0], [3960.75, 478.0], [3961.75, 480.0], [3962.25, 5.0]]}}}
{"jsonrpc": "2.0", "method": "subscription", "params": {"channel": "book.ETH-17OCT25.none.20.100ms", "data": {"timestamp": 1760560268268, "change_id": 91683892176, "instrument_name": "ETH-17OCT25", "bids": [[3946.5, 772.0], [3946.25, 3340.0], [3946.0, 3344.0], [3945.75, 2571.0], [3945.25, 160.0], [3944.5, 3755.0], [3944.25, 12580.0], [3943.25, 6567.0], [3943.0, 22000.0], [3940.25, 575.0], [3940.0, 4392.0], [3939.75, 14713.0], [3939.25, 557.0], [3939.0, 6.0], [3938.75, 564.0], [3938.25, 557.0], [3937.75, 559.0], [3937.25, 557.0], [3936.75, 557.0], [3936.25, 557.0]], "asks": [[3948.25, 1200.0], [3948.5, 2571.0], [3948.75, 3771.0], [3949.0, 2978.0], [3949.25, 3771.0], [3949.5, 3771.0], [3949.75, 150.0], [3950.0, 2571.0], [3950.5, 12580.0], [3952.25, 564.0], [3952.75, 17006.0], [3953.0, 22000.0], [3953.75, 558.0], [3954.75, 558.0], [3958.25, 575.0], [3958.75, 878.0], [3959.5, 21572.0], [3959.75, 575.0], [3960.25, 561.0], [3962.25, 5.0]]}}}
{"jsonrpc": "2.0", "method": "subscription", "params": {"channel": "book.ETH-24OCT25.none.20.100ms", "data": {"timestamp": 1760560268236, "change_id": 91683892095, "instrument_name": "ETH-24OCT25", "bids": [[3947.0, 160.0], [3945.25, 478.0], [3945.0, 22000.0], [3944.75, 2637.0], [3944.5, 14722.0], [3942.75, 487.0], [3941.75, 498.0], [3941.25, 15745.0], [3940.75, 493.0], [3940.25, 493.0], [3939.75, 493.0], [3939.25, 480.0], [3938.75, 5.0], [3938.25, 493.0], [3937.75, 476.0], [3936.25, 478.0], [3935.75, 498.0], [3935.25, 476.0], [3934.75, 480.0], [3934.25, 476.0]], "asks": [[3950.0, 32896.0], [3950.25, 22144.0], [3950.5, 2144.0], [3950.75, 2483.0], [3951.0, 14722.0], [3951.25, 1100.0], [3951.5, 493.0], [3952.0, 1100.0], [3952.25, 340.0], [3953.0, 478.0], [3953.75, 487.0], [3954.0, 22000.0], [3954.25, 15486.0], [3954.5, 5.0], [3955.5, 487.0], [3956.0, 637.0], [3957.25, 21572.0], [3960.0, 480.0], [3960.75, 478.0], [3961.75, 480.0]]}}}
{"jsonrpc": "2.0", "method": "subscription", "params": {"channel": "book.ETH-17OCT25.none.20.100ms", "data": {"timestamp": 1760560268596, "change_id": 91683893604, "instrument_name": "ETH-17OCT25", "bids": [[3946.5, 5.0], [3944.5, 3755.0], [3944.25, 12580.0], [3943.25, 6567.0], [3943.0, 22000.0], [3940.25, 575.0], [3940.0, 4392.0], [3939.75, 14713.0], [3939.25, 557.0], [3939.0, 6.0], [3938.75, 564.0], [3938.25, 557.0], [3937.75, 559.0], [3937.25, 557.0], [3936.75, 557.0], [3936.25, 557.0], [3936.0, 6.0], [3935.75, 561.0], [3935.25, 556.0], [3934.25, 556.0]], "asks": [[3948.0, 1558.0], [3948.25, 1360.0], [3948.5, 2571.0], [3948.75, 3771.0], [3949.0, 15455.0], [3949.25, 3771.0], [3949.5, 12580.0], [3949.75, 150.0], [3950.0, 2571.0], [3950.75, 564.0], [3951.75, 22000.0], [3952.25, 564.0], [3952.75, 17006.0], [3953.75, 558.0], [3954.75, 558.0], [3958.25, 575.0], [3958.75, 878.0], [3959.5, 21572.0], [3959.75, 575.0], [3960.25, 561.0]]}}}
{"jsonrpc": "2.0", "method": "subscription", "params": {"channel": "book.ETH-24OCT25.none.20.100ms", "data": {"timestamp": 1760560268519, "change_id": 91683893583, "instrument_name": "ETH-24OCT25", "bids": [[3945.25, 478.0], [3944.75, 2636.0], [3944.5, 14721.0], [3944.25, 493.0], [3943.5, 22000.0], [3942.75, 487.0], [3941.75, 498.0], [3941.25, 15745.0], [3940.75, 493.0], [3940.25, 493.0], [3939.75, 493.0], [3939.25, 480.0], [3938.75, 5.0], [3938.25, 493.0], [3937.75, 476.0], [3936.25, 478.0], [3935.75, 498.0], [3935.25, 476.0], [3934.75, 480.0], [3934.25, 476.0]], "asks": [[3949.25, 493.0], [3949.5, 21100.0], [3949.75, 1100.0], [3950.0, 45634.0], [3950.25, 2144.0], [3950.5, 2637.0], [3950.75, 2483.0], [3951.0, 2144.0], [3951.25, 1100.0], [3951.5, 493.0], [3952.5, 22000.0], [3953.0, 478.0], [3953.75, 487.0], [3954.25, 15486.0], [3954.5, 5.0], [3955.5, 487.0], [3956.0, 637.0], [3957.25, 21572.0], [3960.0, 480.0], [3960.75, 478.0]]}}}
{"jsonrpc": "2.0", "method": "subscription", "params": {"channel": "book.ETH-24OCT25.none.20.100ms", "data": {"timestamp": 1760560268834, "change_id": 91683894973, "instrument_name": "ETH-24OCT25", "bids": [[3946.0, 653.0], [3945.5, 2143.0], [3945.25, 2621.0], [3944.75, 493.0], [3944.5, 12578.0], [3944.25, 493.0], [3943.5, 22000.0], [3942.75, 487.0], [3941.75, 498.0], [3941.25, 15745.0], [3940.75, 493.0], [3940.25, 493.0], [3939.75, 493.0], [3939.25, 480.0], [3938.75, 5.0], [3938.25, 493.0], [3937.75, 476.0], [3936.25, 478.0], [3935.75, 498.0], [3935.25, 476.0]], "asks": [[3949.25, 493.0], [3949.5, 21100.0], [3949.75, 1100.0], [3950.0, 1100.0], [3950.25, 2144.0], [3950.5, 13071.0], [3950.75, 339.0], [3951.25, 1100.0], [3951.5, 493.0], [3952.5, 22000.0], [3953.0, 478.0], [3953.75, 487.0], [3954.25, 15486.0], [3954.5, 5.0], [3955.5, 487.0], [3956.0, 637.0], [3957.25, 21572.0], [3960.0, 480.0], [3960.75, 478.0], [3961.75, 480.0]]}}}
{"jsonrpc": "2.0", "method": "subscription", "params": {"channel": "book.ETH-17OCT25.none.20.100ms", "data": {"timestamp": 1760560268953, "change_id": 91683895531, "instrument_name": "ETH-17OCT25", "bids": [[3946.5, 5.0], [3945.5, 160.0], [3944.5, 3755.0], [3944.25, 12580.0], [3943.25, 6567.0], [3943.0, 22000.0], [3940.25, 575.0], [3940.0, 4392.0], [3939.75, 14713.0], [3939.25, 557.0], [3939.0, 6.0], [3938.75, 564.0], [3938.25, 557.0], [3937.75, 559.0], [3937.25, 557.0], [3936.75, 557.0], [3936.25, 557.0], [3936.0, 6.0], [3935.75, 561.0], [3935.25, 556.0]], "asks": [[3947.5, 1079.0], [3947.75, 4848.0], [3948.0, 4127.0], [3948.25, 1606.0], [3948.5, 358.0], [3948.75, 1200.0], [3949.75, 3905.0], [3950.0, 12580.0], [3950.75, 564.0], [3951.5, 6567.0], [3951.75, 22000.0], [3952.25, 564.0], [3952.5, 4479.0], [3952.75, 15006.0], [3953.75, 558.0], [3954.75, 558.0], [3958.25, 575.0], [3958.75, 878.0], [3959.5, 21572.0], [3959.75, 575.0]]}}}
{"jsonrpc": "2.0", "method": "subscription", "params": {"channel": "book.ETH-17OCT25.none.20.100ms", "data": {"timestamp": 1760560269234, "change_id": 91683896340, "instrument_name": "ETH-17OCT25", "bids": [[3946.5, 5.0], [3944.5, 3755.0], [3944.25, 12580.0], [3943.25, 6567.0], [3943.0, 22000.0], [3940.25, 575.0], [3940.0, 4392.0], [3939.75, 14713.0], [3939.25, 557.0], [3939.0, 6.0], [3938.75, 564.0], [3938.25, 557.0], [3937.75, 559.0], [3937.25, 557.0], [3936.75, 557.0], [3936.25, 557.0], [3936.0, 6.0], [3935.75, 561.0], [3935.25, 556.0], [3934.25, 556.0]], "asks": [[3947.5, 1079.0], [3947.75, 4848.0], [3948.0, 4969.0], [3948.25, 4175.0], [3948.5, 32302.0], [3948.75, 1200.0], [3949.75, 3905.0], [3950.0, 12580.0], [3950.75, 564.0], [3951.5, 6567.0], [3951.75, 22000.0], [3952.0, 2000.0], [3952.25, 564.0], [3952.5, 4479.0], [3952.75, 15006.0], [3953.75, 558.0], [3954.75, 558.0], [3958.25, 575.0], [3958.75, 878.0], [3959.5, 21572.0]]}}}
{"jsonrpc": "2.0", "method": "subscription", "params": {"channel": "book.ETH-24OCT25.none.20.100ms", "data": {"timestamp": 1760560269237, "change_id": 91683896425, "instrument_name": "ETH-24OCT25", "bids": [[3947.0, 640.0], [3946.75, 2783.0], [3946.5, 2783.0], [3946.25, 2143.0], [3945.75, 1133.0], [3945.5, 2143.0], [3945.25, 478.0], [3944.75, 493.0], [3944.5, 12578.0], [3944.25, 493.0], [3943.5, 22000.0], [3942.75, 487.0], [3941.75, 498.0], [3941.25, 15745.0], [3940.75, 493.0], [3940.25, 493.0], [3939.75, 493.0], [3939.25, 480.0], [3938.75, 5.0], [3938.25, 493.0]], "asks": [[3949.0, 1576.0], [3949.25, 1593.0], [3949.5, 21100.0], [3949.75, 32894.0], [3950.0, 3736.0], [3950.25, 2304.0], [3950.5, 13410.0], [3951.25, 1100.0], [3951.5, 493.0], [3952.5, 22000.0], [3953.0, 478.0], [3953.75, 487.0], [3954.25, 15486.0], [3954.5, 5.0], [3955.5, 487.0], [3956.0, 637.0], [3957.25, 21572.0], [3960.0, 480.0], [3960.75, 478.0], [3961.75, 480.0]]}}}
{"jsonrpc": "2.0", "method": "subscription", "params": {"channel": "book.ETH-24OCT25.none.20.100ms", "data": {"timestamp": 1760560269611, "change_id": 91683898024, "instrument_name": "ETH-24OCT25", "bids": [[3944.25, 493.0], [3943.75, 2634.0], [3943.5, 34578.0], [3942.75, 487.0], [3941.75, 498.0], [3941.25, 493.0], [3940.75, 493.0], [3940.25, 493.0], [3939.75, 15177.0], [3939.25, 480.0], [3938.75, 5.0], [3938.25, 493.0], [3937.75, 476.0], [3936.25, 478.0], [3935.75, 498.0], [3935.25, 476.0], [3934.75, 480.0], [3934.25, 476.0], [3933.75, 512.0], [3933.5, 6091.0]], "asks": [[3948.5, 1100.0], [3948.75, 21593.0], [3949.0, 1100.0], [3949.25, 1100.0], [3949.5, 13678.0], [3949.75, 32894.0], [3950.0, 3736.0], [3950.25, 2304.0], [3950.5, 832.0], [3951.25, 1100.0], [3951.5, 493.0], [3952.0, 15032.0], [3952.5, 22000.0], [3953.0, 478.0], [3953.75, 487.0], [3954.5, 5.0], [3955.5, 487.0], [3956.0, 637.0], [3957.25, 21572.0], [3960.0, 480.0]]}}}
{"jsonrpc": "2.0", "method": "subscription", "params": {"channel": "book.ETH-17OCT25.none.20.100ms", "data": {"timestamp": 1760560269609, "change_id": 91683898012, "instrument_name": "ETH-17OCT25", "bids": [[3943.25, 12580.0], [3943.0, 22567.0], [3942.75, 2567.0], [3941.25, 22000.0], [3940.25, 575.0], [3939.25, 557.0], [3939.0, 6.0], [3938.75, 564.0], [3938.25, 15289.0], [3937.75, 559.0], [3937.25, 557.0], [3936.75, 557.0], [3936.25, 557.0], [3936.0, 6.0], [3935.75, 561.0], [3935.25, 556.0], [3934.25, 556.0], [3933.75, 556.0], [3933.25, 557.0], [3933.0, 6.0]], "asks": [[3947.25, 1200.0], [3947.5, 1360.0], [3947.75, 3769.0], [3948.0, 3769.0], [3948.25, 4175.0], [3948.5, 31784.0], [3949.0, 12580.0], [3949.75, 150.0], [3950.0, 564.0], [3950.5, 37180.0], [3950.75, 564.0], [3952.0, 2000.0], [3952.25, 564.0], [3953.75, 558.0], [3954.75, 558.0], [3958.25, 575.0], [3958.75, 878.0], [3959.5, 21572.0], [3959.75, 575.0], [3960.25, 561.0]]}}}
{"jsonrpc": "2.0", "method": "subscription", "params": {"channel": "book.ETH-17OCT25.none.20.100ms", "data": {"timestamp": 1760560269962, "change_id": 91683899577, "instrument_name": "ETH-17OCT25", "bids": [[3945.25, 2500.0], [3945.0, 3333.0], [3944.75, 2567.0], [3944.25, 160.0], [3943.5, 2567.0], [3943.25, 15147.0], [3942.75, 2567.0], [3941.75, 564.0], [3941.25, 22000.0], [3939.25, 557.0], [3939.0, 6.0], [3938.75, 564.0], [3938.25, 15289.0], [3937.75, 559.0], [3937.25, 557.0], [3936.75, 557.0], [3936.25, 557.0], [3936.0, 6.0], [3935.75, 561.0], [3935.25, 556.0]], "asks": [[3946.5, 1200.0], [3946.75, 1200.0], [3947.0, 1360.0], [3947.25, 3767.0], [3947.5, 3767.0], [3947.75, 4175.0], [3948.0, 1200.0], [3949.0, 12580.0], [3949.75, 150.0], [3950.0, 564.0], [3950.5, 37180.0], [3950.75, 564.0], [3952.0, 2000.0], [3953.75, 558.0], [3954.75, 558.0], [3958.25, 575.0], [3958.75, 878.0], [3959.5, 21572.0], [3959.75, 575.0], [3960.25, 561.0]]}}}
{"jsonrpc": "2.0", "method": "subscription", "params": {"channel": "book.ETH-24OCT25.none.20.100ms", "data": {"timestamp": 1760560269829, "change_id": 91683899279, "instrument_name": "ETH-24OCT25", "bids": [[3946.0, 160.0], [3944.25, 493.0], [3944.0, 786.0], [3943.75, 2634.0], [3943.5, 36719.0], [3941.75, 498.0], [3941.25, 493.0], [3940.75, 493.0], [3940.25, 493.0], [3939.75, 15177.0], [3939.25, 480.0], [3938.75, 5.0], [3938.25, 493.0], [3937.75, 476.0], [3936.25, 478.0], [3935.75, 498.0], [3935.25, 476.0], [3934.75, 480.0], [3934.25, 476.0], [3933.75, 512.0]], "asks": [[3948.5, 1100.0], [3948.75, 21753.0], [3949.0, 1100.0], [3949.25, 1100.0], [3949.5, 13678.0], [3949.75, 1100.0], [3950.0, 3736.0], [3950.5, 832.0], [3951.25, 1100.0], [3951.5, 493.0], [3952.0, 15032.0], [3952.5, 22000.0], [3953.75, 487.0], [3954.5, 5.0], [3955.5, 487.0], [3956.0, 637.0], [3957.25, 21572.0], [3960.0, 480.0], [3960.75, 478.0], [3961.75, 480.0]]}}}
{"jsonrpc": "2.0", "method": "subscription", "params": {"channel": "book.ETH-17OCT25.none.20.100ms", "data": {"timestamp": 1760560270231, "change_id": 91683900362, "instrument_name": "ETH-17OCT25", "bids": [[3944.25, 160.0], [3943.25, 12580.0], [3941.75, 564.0], [3941.25, 22000.0], [3939.25, 557.0], [3939.0, 6.0], [3938.75, 564.0], [3938.25, 15289.0], [3937.75, 559.0], [3937.25, 557.0], [3936.75, 557.0], [3936.25, 557.0], [3936.0, 6.0], [3935.75, 561.0], [3935.25, 556.0], [3934.25, 556.0], [3933.75, 556.0], [3933.25, 557.0], [3933.0, 6.0], [3932.75, 556.0]], "asks": [[3946.5, 1200.0], [3946.75, 1200.0], [3947.0, 1360.0], [3947.25, 3767.0], [3947.5, 1200.0], [3947.75, 1606.0], [3948.0, 1200.0], [3949.0, 12580.0], [3949.75, 150.0], [3950.0, 564.0], [3950.5, 37180.0], [3950.75, 564.0], [3953.75, 558.0], [3954.75, 558.0], [3958.25, 575.0], [3958.75, 878.0], [3959.5, 21572.0], [3959.75, 575.0], [3960.25, 561.0], [3962.25, 5.0]]}}}
{"jsonrpc": "2.0", "method": "subscription", "params": {"channel": "book.ETH-24OCT25.none.20.100ms", "data": {"timestamp": 1760560270150, "change_id": 91683900235, "instrument_name": "ETH-24OCT25", "bids": [[3946.0, 160.0], [3944.25, 493.0], [3943.75, 493.0], [3943.5, 34578.0], [3941.75, 498.0], [3941.25, 493.0], [3940.75, 493.0], [3940.25, 493.0], [3939.75, 15177.0], [3939.25, 480.0], [3938.75, 5.0], [3938.25, 493.0], [3937.75, 476.0], [3936.25, 478.0], [3935.75, 498.0], [3935.25, 476.0], [3934.75, 480.0], [3934.25, 476.0], [3933.75, 512.0], [3933.5, 6091.0]], "asks": [[3948.25, 1593.0], [3948.5, 1100.0], [3948.75, 53047.0], [3949.0, 1100.0], [3949.25, 1100.0], [3949.5, 12578.0], [3949.75, 1100.0], [3950.0, 493.0], [3950.5, 832.0], [3951.25, 1100.0], [3951.5, 493.0], [3952.0, 15032.0], [3952.5, 22000.0], [3953.75, 487.0], [3954.5, 5.0], [3955.5, 487.0], [3956.0, 637.0], [3957.25, 21572.0], [3960.0, 480.0], [3960.75, 478.0]]}}}
{"jsonrpc": "2.0", "method": "subscription", "params": {"channel": "book.ETH-17OCT25.none.20.100ms", "data": {"timestamp": 1760560270615, "change_id": 91683901006, "instrument_name": "ETH-17OCT25", "bids": [[3945.25, 2500.0], [3944.25, 160.0], [3943.5, 3755.0], [3943.25, 12580.0], [3941.75, 564.0], [3941.5, 6567.0], [3941.25, 22000.0], [3939.25, 557.0], [3939.0, 6.0], [3938.75, 564.0], [3938.5, 4564.0], [3938.25, 15289.0], [3937.75, 559.0], [3937.25, 557.0], [3936.75, 557.0], [3936.25, 557.0], [3936.0, 6.0], [3935.75, 561.0], [3935.25, 556.0], [3934.25, 556.0]], "asks": [[3946.5, 1360.0], [3946.75, 1200.0], [3947.0, 3700.0], [3947.25, 2567.0], [3947.5, 1200.0], [3947.75, 406.0], [3948.75, 1200.0], [3949.0, 12580.0], [3949.75, 150.0], [3950.0, 564.0], [3950.5, 37180.0], [3950.75, 564.0], [3953.75, 558.0], [3954.75, 558.0], [3958.25, 575.0], [3958.75, 878.0], [3959.5, 21572.0], [3959.75, 575.0], [3960.25, 561.0], [3962.25, 5.0]]}}}
{"jsonrpc": "2.0", "method": "subscription", "params": {"channel": "book.ETH-24OCT25.none.20.100ms", "data": {"timestamp": 1760560270563, "change_id": 91683900876, "instrument_name": "ETH-24OCT25", "bids": [[3947.25, 2500.0], [3946.0, 160.0], [3944.25, 493.0], [3943.75, 10815.0], [3943.5, 34578.0], [3941.75, 498.0], [3941.25, 493.0], [3940.75, 493.0], [3940.25, 493.0], [3940.0, 4530.0], [3939.75, 15177.0], [3939.25, 480.0], [3938.75, 5.0], [3938.25, 493.0], [3937.75, 476.0], [3936.25, 478.0], [3935.75, 498.0], [3935.25, 476.0], [3934.75, 480.0], [3934.25, 476.0]], "asks": [[3948.0, 1428.0], [3948.25, 1260.0], [3948.5, 1100.0], [3948.75, 52887.0], [3949.0, 3600.0], [3949.25, 1593.0], [3949.5, 12578.0], [3949.75, 1100.0], [3950.0, 493.0], [3950.5, 832.0], [3951.5, 493.0], [3952.0, 15032.0], [3952.5, 22000.0], [3953.75, 487.0], [3954.5, 5.0], [3955.5, 487.0], [3956.0, 637.0], [3957.25, 21572.0], [3960.0, 480.0], [3960.75, 478.0]]}}}
{"jsonrpc": "2.0", "method": "subscription", "params": {"channel": "book.ETH-17OCT25.none.20.100ms", "data": {"timestamp": 1760560270903, "change_id": 91683902072, "instrument_name": "ETH-17OCT25", "bids": [[3945.25, 2500.0], [3945.0, 3377.0], [3944.75, 3489.0], [3944.5, 2564.0], [3943.5, 3755.0], [3943.25, 12580.0], [3941.75, 564.0], [3941.5, 6567.0], [3941.25, 22000.0], [3939.25, 557.0], [3939.0, 6.0], [3938.75, 564.0], [3938.5, 4564.0], [3938.25, 15289.0], [3937.75, 559.0], [3937.25, 557.0], [3936.75, 557.0], [3936.25, 557.0], [3936.0, 6.0], [3935.75, 561.0]], "asks": [[3945.75, 358.0], [3946.0, 1200.0], [3946.25, 2922.0], [3946.5, 3764.0], [3946.75, 4170.0], [3947.0, 1200.0], [3947.25, 566.0], [3948.75, 1200.0], [3949.0, 12580.0], [3949.75, 150.0], [3950.0, 564.0], [3950.5, 37180.0], [3950.75, 564.0], [3953.75, 558.0], [3954.75, 558.0], [3958.25, 575.0], [3958.75, 878.0], [3959.5, 21572.0], [3959.75, 575.0], [3960.25, 561.0]]}}}
{"jsonrpc": "2.0", "method": "subscription", "params": {"channel": "book.ETH-24OCT25.none.20.100ms", "data": {"timestamp": 1760560270763, "change_id": 91683902041, "instrument_name": "ETH-24OCT25", "bids": [[3947.25, 2500.0], [3946.5, 2300.0], [3946.25, 2140.0], [3944.25, 493.0], [3943.75, 10815.0], [3943.5, 34578.0], [3941.75, 498.0], [3941.25, 493.0], [3940.75, 493.0], [3940.25, 493.0], [3940.0, 4530.0], [3939.75, 15177.0], [3939.25, 480.0], [3938.75, 5.0], [3938.25, 493.0], [3937.75, 476.0], [3936.25, 478.0], [3935.75, 498.0], [3935.25, 476.0], [3934.75, 480.0]], "asks": [[3947.75, 1428.0], [3948.0, 1100.0], [3948.5, 1100.0], [3948.75, 32887.0], [3949.0, 1260.0], [3949.25, 1593.0], [3949.5, 12578.0], [3949.75, 1100.0], [3950.0, 493.0], [3950.5, 832.0], [3951.5, 493.0], [3952.0, 15032.0], [3952.5, 22000.0], [3953.75, 487.0], [3954.5, 5.0], [3955.5, 487.0], [3956.0, 637.0], [3957.25, 21572.0], [3960.0, 480.0], [3960.75, 478.0]]}}}
{"jsonrpc": "2.0", "method": "subscription", "params": {"channel": "book.ETH-17OCT25.none.20.100ms", "data": {"timestamp": 1760560271284, "change_id": 91683903713, "instrument_name": "ETH-17OCT25", "bids": [[3943.25, 160.0], [3943.0, 22564.0], [3942.75, 2564.0], [3942.25, 12580.0], [3941.25, 22000.0], [3939.25, 557.0], [3939.0, 6.0], [3938.75, 564.0], [3938.25, 15289.0], [3937.75, 559.0], [3937.25, 557.0], [3936.75, 557.0], [3936.25, 557.0], [3936.0, 6.0], [3935.75, 561.0], [3935.25, 556.0], [3934.25, 556.0], [3933.75, 556.0], [3933.25, 557.0], [3933.0, 6.0]], "asks": [[3946.0, 1200.0], [3946.25, 2564.0], [3946.5, 3924.0], [3946.75, 1606.0], [3947.0, 1200.0], [3948.0, 12580.0], [3948.75, 1200.0], [3949.75, 150.0], [3950.0, 564.0], [3950.5, 37180.0], [3950.75, 564.0], [3953.75, 558.0], [3954.75, 558.0], [3958.25, 575.0], [3958.75, 878.0], [3959.5, 21572.0], [3959.75, 575.0], [3960.25, 561.0], [3962.25, 5.0], [3963.0, 400.0]]}}}
{"jsonrpc": "2.0", "method": "subscription", "params": {"channel": "book.ETH-24OCT25.none.20.100ms", "data": {"timestamp": 1760560271259, "change_id": 91683903671, "instrument_name": "ETH-24OCT25", "bids": [[3945.0, 160.0], [3944.0, 1100.0], [3943.75, 493.0], [3943.5, 34578.0], [3941.75, 498.0], [3941.25, 493.0], [3940.75, 493.0], [3940.25, 493.0], [3939.75, 15177.0], [3939.25, 480.0], [3938.75, 5.0], [3938.25, 493.0], [3937.75, 476.0], [3936.25, 478.0], [3935.75, 498.0], [3935.25, 476.0], [3934.75, 480.0], [3934.25, 476.0], [3933.75, 512.0], [3933.5, 6091.0]], "asks": [[3947.5, 1100.0], [3947.75, 1428.0], [3948.0, 4221.0], [3948.25, 1438.0], [3948.5, 14171.0], [3948.75, 32887.0], [3949.0, 1100.0], [3949.25, 1593.0], [3950.0, 493.0], [3950.5, 493.0], [3951.25, 22000.0], [3951.5, 493.0], [3952.0, 15032.0], [3953.75, 487.0], [3954.5, 5.0], [3955.5, 487.0], [3956.0, 637.0], [3957.25, 21572.0], [3960.0, 480.0], [3960.75, 478.0]]}}}
{"jsonrpc": "2.0", "method": "subscription", "params": {"channel": "book.ETH-17OCT25.none.20.100ms", "data": {"timestamp": 1760560271597, "change_id": 91683905979, "instrument_name": "ETH-17OCT25", "bids": [[3942.25, 1558.0], [3942.0, 21558.0], [3941.75, 4120.0], [3941.5, 3762.0], [3941.25, 34580.0], [3939.25, 557.0], [3939.0, 6.0], [3938.75, 564.0], [3938.25, 557.0], [3937.75, 559.0], [3937.25, 557.0], [3936.75, 557.0], [3936.25, 557.0], [3936.0, 4590.0], [3935.75, 15358.0], [3935.25, 556.0], [3934.25, 556.0], [3933.75, 556.0], [3933.25, 557.0], [3933.0, 6.0]], "asks": [[3945.75, 358.0], [3946.0, 2324.0], [3946.25, 3764.0], [3946.5, 3764.0], [3946.75, 1606.0], [3947.0, 12580.0], [3948.75, 16194.0], [3949.0, 22000.0], [3949.75, 150.0], [3950.0, 564.0], [3950.75, 2564.0], [3953.75, 558.0], [3954.75, 558.0], [3958.25, 575.0], [3958.75, 878.0], [3959.5, 21572.0], [3959.75, 575.0], [3960.0, 400.0], [3960.25, 561.0], [3962.25, 5.0]]}}}
{"jsonrpc": "2.0", "method": "subscription", "params": {"channel": "book.ETH-24OCT25.none.20.100ms", "data": {"timestamp": 1760560271595, "change_id": 91683905476, "instrument_name": "ETH-24OCT25", "bids": [[3944.0, 1100.0], [3942.75, 493.0], [3942.0, 22000.0], [3941.75, 13076.0], [3941.25, 493.0], [3940.75, 493.0], [3940.25, 493.0], [3939.75, 493.0], [3939.25, 480.0], [3938.75, 5.0], [3938.25, 493.0], [3937.75, 476.0], [3937.25, 14573.0], [3936.25, 478.0], [3935.75, 498.0], [3935.25, 476.0], [3934.75, 480.0], [3934.25, 476.0], [3933.75, 512.0], [3933.5, 5691.0]], "asks": [[3947.25, 1593.0], [3947.5, 1100.0], [3947.75, 34006.0], [3948.0, 4221.0], [3948.25, 1438.0], [3948.5, 1593.0], [3948.75, 31787.0], [3949.0, 1100.0], [3949.25, 493.0], [3950.0, 14896.0], [3950.5, 493.0], [3951.25, 22000.0], [3951.5, 493.0], [3953.75, 487.0], [3954.5, 5.0], [3955.5, 487.0], [3956.0, 637.0], [3957.25, 21572.0], [3960.0, 480.0], [3960.75, 478.0]]}}}
{"jsonrpc": "2.0", "method": "subscription", "params": {"channel": "book.ETH-24OCT25.none.20.100ms", "data": {"timestamp": 1760560271874, "change_id": 91683907886, "instrument_name": "ETH-24OCT25", "bids": [[3945.25, 488.0], [3945.0, 1428.0], [3944.75, 1428.0], [3944.5, 1428.0], [3944.25, 1100.0], [3943.25, 821.0], [3943.0, 1100.0], [3942.75, 13071.0], [3942.25, 7060.0], [3942.0, 22000.0], [3941.75, 498.0], [3941.25, 493.0], [3940.75, 493.0], [3940.25, 493.0], [3939.75, 14746.0], [3939.25, 480.0], [3938.75, 5.0], [3938.25, 493.0], [3937.75, 476.0], [3936.25, 478.0]], "asks": [[3946.75, 328.0], [3947.0, 1428.0], [3947.25, 1428.0], [3947.5, 1100.0], [3947.75, 1428.0], [3948.0, 4061.0], [3948.25, 14016.0], [3948.5, 1593.0], [3948.75, 31787.0], [3949.0, 1100.0], [3949.25, 493.0], [3950.0, 14896.0], [3950.5, 493.0], [3951.25, 22000.0], [3951.5, 493.0], [3953.75, 487.0], [3954.5, 5.0], [3955.5, 487.0], [3956.0, 637.0], [3957.25, 21572.0]]}}}
{"jsonrpc": "2.0", "method": "subscription", "params": {"channel": "book.ETH-17OCT25.none.20.100ms", "data": {"timestamp": 1760560271924, "change_id": 91683907822, "instrument_name": "ETH-17OCT25", "bids": [[3943.75, 813.0], [3943.5, 3487.0], [3943.25, 2562.0], [3943.0, 2562.0], [3942.75, 2562.0], [3942.5, 2562.0], [3942.25, 13780.0], [3942.0, 1200.0], [3941.75, 3762.0], [3941.5, 3762.0], [3941.25, 22000.0], [3941.0, 1681.0], [3939.25, 557.0], [3939.0, 6.0], [3938.75, 564.0], [3938.25, 557.0], [3938.0, 14529.0], [3937.75, 559.0], [3937.25, 557.0], [3936.75, 557.0]], "asks": [[3945.75, 358.0], [3946.0, 3762.0], [3946.25, 3764.0], [3946.5, 3924.0], [3946.75, 406.0], [3947.5, 1200.0], [3947.75, 12580.0], [3948.75, 16194.0], [3949.0, 22000.0], [3949.75, 150.0], [3950.0, 564.0], [3950.75, 2564.0], [3953.75, 558.0], [3954.75, 558.0], [3958.25, 575.0], [3958.75, 878.0], [3959.5, 21572.0], [3959.75, 575.0], [3960.0, 400.0], [3960.25, 561.0]]}}}
{"jsonrpc": "2.0", "method": "subscription", "params": {"channel": "book.ETH-24OCT25.none.20.100ms", "data": {"timestamp": 1760560272264, "change_id": 91683911560, "instrument_name": "ETH-24OCT25", "bids": [[3945.5, 493.0], [3945.25, 160.0], [3945.0, 1100.0], [3944.75, 1593.0], [3944.5, 1100.0], [3944.25, 493.0], [3943.5, 22000.0], [3943.25, 493.0], [3943.0, 1100.0], [3942.75, 493.0], [3942.25, 493.0], [3941.25, 493.0], [3940.75, 493.0], [3940.25, 493.0], [3939.75, 14746.0], [3939.25, 480.0], [3938.75, 5.0], [3938.25, 493.0], [3937.75, 476.0], [3936.25, 478.0]], "asks": [[3950.25, 1100.0], [3950.5, 21100.0], [3951.5, 493.0], [3952.75, 22000.0], [3953.75, 487.0], [3954.5, 5.0], [3955.5, 487.0], [3956.0, 637.0], [3957.25, 21572.0], [3960.0, 480.0], [3960.75, 478.0], [3961.75, 480.0], [3962.25, 5.0], [3965.5, 400.0], [3965.75, 46702.0], [3966.25, 478.0], [3966.75, 478.0], [3967.75, 478.0], [3968.25, 478.0], [3968.75, 476.0]]}}}
{"jsonrpc": "2.0", "method": "subscription", "params": {"channel": "book.ETH-17OCT25.none.20.100ms", "data": {"timestamp": 1760560272263, "change_id": 91683911553, "instrument_name": "ETH-17OCT25", "bids": [[3944.0, 4982.0], [3943.75, 4992.0], [3943.5, 22722.0], [3943.25, 3891.0], [3943.0, 2562.0], [3942.75, 3126.0], [3942.5, 24562.0], [3942.25, 564.0], [3941.75, 3126.0], [3941.5, 2562.0], [3941.25, 564.0], [3939.25, 557.0], [3939.0, 6.0], [3938.75, 564.0], [3938.25, 557.0], [3938.0, 14529.0], [3937.25, 557.0], [3936.75, 557.0], [3936.25, 557.0], [3936.0, 6.0]], "asks": [[3949.25, 12580.0], [3949.5, 4999.0], [3949.75, 150.0], [3954.75, 558.0], [3958.25, 575.0], [3958.75, 878.0], [3959.5, 21572.0], [3959.75, 575.0], [3960.25, 561.0], [3962.25, 5.0], [3963.25, 958.0], [3963.75, 564.0], [3964.25, 25447.0], [3965.0, 578.0], [3966.0, 556.0], [3967.75, 559.0], [3968.25, 558.0], [3968.75, 575.0], [3969.0, 1138.0], [3969.25, 25531.0]]}}}
{"jsonrpc": "2.0", "method": "subscription", "params": {"channel": "book.ETH-17OCT25.none.20.100ms", "data": {"timestamp": 1760560272606, "change_id": 91683915649, "instrument_name": "ETH-17OCT25", "bids": [[3944.75, 9089.0], [3944.25, 564.0], [3944.0, 26982.0], [3943.75, 564.0], [3943.5, 2722.0], [3943.25, 3891.0], [3943.0, 2562.0], [3942.75, 3126.0], [3942.25, 564.0], [3941.75, 564.0], [3941.25, 564.0], [3940.75, 14259.0], [3939.25, 557.0], [3939.0, 6.0], [3938.75, 564.0], [3938.25, 557.0], [3937.25, 557.0], [3936.75, 557.0], [3936.25, 557.0], [3936.0, 6.0]], "asks": [[3949.25, 1200.0], [3949.5, 16247.0], [3949.75, 150.0], [3952.25, 22000.0], [3953.25, 564.0], [3953.75, 2000.0], [3954.0, 14662.0], [3954.75, 558.0], [3958.25, 575.0], [3958.75, 878.0], [3959.5, 21572.0], [3959.75, 575.0], [3960.25, 561.0], [3962.25, 5.0], [3963.25, 958.0], [3963.75, 564.0], [3964.25, 25447.0], [3965.0, 578.0], [3966.0, 556.0], [3967.0, 40000.0]]}}}
{"jsonrpc": "2.0", "method": "subscription", "params": {"channel": "book.ETH-24OCT25.none.20.100ms", "data": {"timestamp": 1760560272606, "change_id": 91683915651, "instrument_name": "ETH-24OCT25", "bids": [[3946.25, 493.0], [3946.0, 2996.0], [3945.75, 7891.0], [3945.5, 6018.0], [3945.25, 27055.0], [3945.0, 23100.0], [3944.75, 1593.0], [3944.5, 1100.0], [3944.25, 493.0], [3943.25, 493.0], [3943.0, 1100.0], [3942.75, 493.0], [3942.25, 15215.0], [3941.25, 493.0], [3940.75, 493.0], [3940.25, 493.0], [3939.75, 493.0], [3939.25, 480.0], [3938.75, 5.0], [3938.25, 493.0]], "asks": [[3950.25, 1100.0], [3951.5, 493.0], [3952.5, 493.0], [3953.75, 487.0], [3954.5, 5.0], [3955.5, 15352.0], [3956.0, 637.0], [3957.0, 493.0], [3957.25, 21572.0], [3960.0, 480.0], [3960.75, 478.0], [3961.75, 480.0], [3962.25, 5.0], [3965.5, 400.0], [3965.75, 46702.0], [3966.25, 478.0], [3966.75, 478.0], [3967.75, 478.0], [3968.25, 478.0], [3968.75, 476.0]]}}}
{"jsonrpc": "2.0", "method": "subscription", "params": {"channel": "book.ETH-17OCT25.none.20.100ms", "data": {"timestamp": 1760560272906, "change_id": 91683917549, "instrument_name": "ETH-17OCT25", "bids": [[3947.25, 160.0], [3947.0, 2560.0], [3946.75, 2560.0], [3945.75, 3755.0], [3945.5, 12580.0], [3944.25, 564.0], [3944.0, 22000.0], [3943.75, 564.0], [3943.5, 2562.0], [3943.25, 564.0], [3942.75, 3126.0], [3942.25, 564.0], [3941.75, 564.0], [3941.25, 564.0], [3940.75, 14259.0], [3939.25, 557.0], [3939.0, 6.0], [3938.75, 564.0], [3938.25, 557.0], [3937.25, 557.0]], "asks": [[3949.5, 18807.0], [3949.75, 2710.0], [3950.0, 160.0], [3951.25, 12580.0], [3952.25, 22000.0], [3953.25, 564.0], [3953.75, 2000.0], [3954.0, 14662.0], [3954.75, 558.0], [3958.25, 575.0], [3958.75, 878.0], [3959.5, 21572.0], [3959.75, 575.0], [3960.25, 561.0], [3962.25, 5.0], [3963.25, 958.0], [3963.75, 564.0], [3964.25, 25447.0], [3965.0, 578.0], [3966.0, 556.0]]}}}
{"jsonrpc": "2.0", "method": "subscription", "params": {"channel": "book.ETH-24OCT25.none.20.100ms", "data": {"timestamp": 1760560272811, "change_id": 91683917626, "instrument_name": "ETH-24OCT25", "bids": [[3946.25, 493.0], [3946.0, 20000.0], [3945.75, 2136.0], [3945.5, 8106.0], [3945.0, 23100.0], [3944.75, 1593.0], [3944.5, 1100.0], [3944.25, 493.0], [3943.25, 493.0], [3942.75, 493.0], [3942.25, 15215.0], [3941.25, 493.0], [3940.75, 493.0], [3940.25, 493.0], [3939.75, 493.0], [3939.25, 480.0], [3938.75, 5.0], [3938.25, 493.0], [3937.75, 476.0], [3936.25, 478.0]], "asks": [[3951.5, 20493.0], [3951.75, 160.0], [3952.5, 493.0], [3953.75, 487.0], [3954.25, 22000.0], [3954.5, 5.0], [3955.5, 15352.0], [3956.0, 487.0], [3957.0, 493.0], [3957.25, 21572.0], [3960.0, 480.0], [3960.75, 478.0], [3961.75, 480.0], [3962.25, 5.0], [3965.5, 400.0], [3965.75, 46702.0], [3966.25, 478.0], [3966.75, 478.0], [3967.75, 478.0], [3968.25, 478.0]]}}}
{"jsonrpc": "2.0", "method": "subscription", "params": {"channel": "book.ETH-24OCT25.none.20.100ms", "data": {"timestamp": 1760560273235, "change_id": 91683919300, "instrument_name": "ETH-24OCT25", "bids": [[3949.5, 1100.0], [3949.25, 1100.0], [3949.0, 160.0], [3948.75, 1100.0], [3948.5, 2136.0], [3948.25, 2136.0], [3948.0, 493.0], [3947.25, 1100.0], [3947.0, 493.0], [3946.5, 12578.0], [3946.25, 493.0], [3944.75, 493.0], [3944.25, 493.0], [3943.25, 493.0], [3942.75, 493.0], [3942.25, 15215.0], [3941.25, 493.0], [3940.75, 493.0], [3940.25, 493.0], [3939.75, 493.0]], "asks": [[3951.5, 20000.0], [3952.25, 12578.0], [3952.5, 493.0], [3953.75, 487.0], [3954.25, 22000.0], [3954.5, 5.0], [3954.75, 493.0], [3955.5, 15502.0], [3956.0, 487.0], [3957.0, 493.0], [3957.25, 21572.0], [3960.0, 480.0], [3960.75, 478.0], [3961.75, 480.0], [3962.25, 5.0], [3965.5, 400.0], [3965.75, 46702.0], [3966.25, 478.0], [3966.75, 478.0], [3967.75, 478.0]]}}}
{"jsonrpc": "2.0", "method": "subscription", "params": {"channel": "book.ETH-17OCT25.none.20.100ms", "data": {"timestamp": 1760560273246, "change_id": 91683919267, "instrument_name": "ETH-17OCT25", "bids": [[3948.0, 1360.0], [3947.75, 1200.0], [3947.0, 2560.0], [3946.75, 2560.0], [3946.0, 1200.0], [3944.25, 564.0], [3944.0, 22000.0], [3943.75, 564.0], [3943.25, 564.0], [3942.75, 564.0], [3942.25, 564.0], [3941.75, 564.0], [3941.25, 564.0], [3940.75, 14259.0], [3939.25, 557.0], [3939.0, 6.0], [3938.75, 564.0], [3938.25, 557.0], [3937.25, 557.0], [3936.75, 557.0]], "asks": [[3949.75, 150.0], [3953.25, 564.0], [3953.75, 24000.0], [3954.0, 14662.0], [3954.75, 558.0], [3958.25, 575.0], [3958.75, 878.0], [3959.5, 21572.0], [3959.75, 575.0], [3960.25, 561.0], [3962.25, 5.0], [3963.25, 958.0], [3963.75, 564.0], [3964.25, 25447.0], [3965.0, 578.0], [3966.0, 556.0], [3967.0, 40000.0], [3967.75, 559.0], [3968.25, 558.0], [3968.75, 575.0]]}}}
{"jsonrpc": "2.0", "method": "subscription", "params": {"channel": "book.ETH-17OCT25.none.20.100ms", "data": {"timestamp": 1760560273592, "change_id": 91683920896, "instrument_name": "ETH-17OCT25", "bids": [[3947.75, 160.0], [3947.5, 2558.0], [3947.25, 2558.0], [3945.75, 12580.0], [3944.25, 564.0], [3944.0, 22000.0], [3943.75, 564.0], [3943.25, 564.0], [3942.75, 564.0], [3942.25, 564.0], [3941.75, 564.0], [3941.25, 564.0], [3940.75, 14259.0], [3939.25, 557.0], [3939.0, 6.0], [3938.75, 564.0], [3938.25, 557.0], [3937.25, 557.0], [3936.75, 557.0], [3936.25, 557.0]], "asks": [[3949.75, 1350.0], [3950.25, 160.0], [3951.5, 12580.0], [3953.25, 564.0], [3953.75, 24000.0], [3954.0, 14662.0], [3954.75, 558.0], [3958.25, 575.0], [3958.75, 878.0], [3959.5, 21572.0], [3959.75, 575.0], [3960.25, 561.0], [3962.25, 5.0], [3963.25, 958.0], [3963.75, 564.0], [3964.25, 25447.0], [3965.0, 578.0], [3966.0, 556.0], [3967.0, 40000.0], [3967.75, 559.0]]}}}
{"jsonrpc": "2.0", "method": "subscription", "params": {"channel": "book.ETH-24OCT25.none.20.100ms", "data": {"timestamp": 1760560273566, "change_id": 91683920734, "instrument_name": "ETH-24OCT25", "bids": [[3949.0, 160.0], [3948.75, 1100.0], [3948.5, 2136.0], [3948.25, 2136.0], [3947.5, 493.0], [3947.25, 1100.0], [3947.0, 493.0], [3946.5, 12578.0], [3946.25, 22493.0], [3944.75, 493.0], [3944.25, 493.0], [3943.25, 493.0], [3942.75, 493.0], [3942.25, 15215.0], [3941.25, 493.0], [3940.75, 493.0], [3940.25, 493.0], [3939.75, 493.0], [3939.25, 480.0], [3938.75, 5.0]], "asks": [[3951.5, 1100.0], [3951.75, 1753.0], [3952.0, 21100.0], [3952.25, 12578.0], [3952.5, 493.0], [3953.75, 487.0], [3954.25, 22000.0], [3954.5, 5.0], [3954.75, 493.0], [3955.5, 15502.0], [3956.0, 487.0], [3957.0, 493.0], [3957.25, 21572.0], [3960.0, 480.0], [3960.75, 478.0], [3961.75, 480.0], [3962.25, 5.0], [3965.5, 400.0], [3965.75, 46702.0], [3966.25, 478.0]]}}}
{"jsonrpc": "2.0", "method": "subscription", "params": {"channel": "book.ETH-17OCT25.none.20.100ms", "data": {"timestamp": 1760560273871, "change_id": 91683921882, "instrument_name": "ETH-17OCT25", "bids": [[3948.5, 2500.0], [3948.25, 2558.0], [3948.0, 3676.0], [3947.75, 3918.0], [3946.0, 3755.0], [3945.75, 12580.0], [3944.25, 7131.0], [3944.0, 22000.0], [3943.75, 564.0], [3943.25, 564.0], [3942.75, 564.0], [3942.25, 564.0], [3941.75, 564.0], [3941.25, 564.0], [3941.0, 4256.0], [3940.75, 14259.0], [3939.25, 557.0], [3939.0, 6.0], [3938.75, 564.0], [3938.25, 557.0]], "asks": [[3949.5, 1603.0], [3949.75, 3908.0], [3950.0, 2558.0], [3950.25, 34921.0], [3951.5, 12580.0], [3953.25, 564.0], [3953.75, 24000.0], [3954.0, 14662.0], [3954.75, 558.0], [3958.25, 575.0], [3958.75, 878.0], [3959.5, 21572.0], [3959.75, 575.0], [3960.25, 561.0], [3962.25, 5.0], [3963.25, 958.0], [3963.75, 564.0], [3964.25, 25447.0], [3965.0, 578.0], [3966.0, 556.0]]}}}
{"jsonrpc": "2.0", "method": "subscription", "params": {"channel": "book.ETH-24OCT25.none.20.100ms", "data": {"timestamp": 1760560273869, "change_id": 91683922003, "instrument_name": "ETH-24OCT25", "bids": [[3949.0, 488.0], [3948.75, 1100.0], [3948.5, 2136.0], [3948.25, 2136.0], [3948.0, 2135.0], [3947.5, 493.0], [3947.25, 1100.0], [3947.0, 493.0], [3946.5, 12578.0], [3946.25, 22493.0], [3944.75, 493.0], [3944.25, 493.0], [3943.25, 493.0], [3942.75, 493.0], [3942.25, 15215.0], [3941.25, 493.0], [3940.75, 493.0], [3940.25, 493.0], [3939.75, 493.0], [3939.25, 480.0]], "asks": [[3951.5, 32909.0], [3951.75, 1753.0], [3952.0, 23235.0], [3952.25, 14713.0], [3952.5, 2965.0], [3953.75, 487.0], [3954.25, 22000.0], [3954.5, 5.0], [3954.75, 493.0], [3955.5, 15502.0], [3956.0, 487.0], [3957.0, 493.0], [3957.25, 21572.0], [3960.0, 480.0], [3960.75, 478.0], [3961.75, 480.0], [3962.25, 5.0], [3965.5, 400.0], [3965.75, 46702.0], [3966.25, 478.0]]}}}
{"jsonrpc": "2.0", "method": "subscription", "params": {"channel": "book.ETH-17OCT25.none.20.100ms", "data": {"timestamp": 1760560274227, "change_id": 91683922880, "instrument_name": "ETH-17OCT25", "bids": [[3947.0, 1200.0], [3946.75, 3758.0], [3946.5, 3758.0], [3946.25, 3758.0], [3946.0, 2558.0], [3945.75, 15138.0], [3944.25, 564.0], [3944.0, 22000.0], [3943.25, 564.0], [3942.75, 564.0], [3942.25, 564.0], [3941.75, 564.0], [3941.25, 564.0], [3940.75, 14259.0], [3939.25, 557.0], [3939.0, 6.0], [3938.75, 564.0], [3938.25, 557.0], [3937.25, 557.0], [3936.75, 557.0]], "asks": [[3949.5, 2558.0], [3949.75, 2708.0], [3950.25, 31799.0], [3951.5, 12580.0], [3953.25, 564.0], [3953.75, 24564.0], [3954.0, 14662.0], [3958.25, 575.0], [3958.75, 878.0], [3959.5, 21572.0], [3959.75, 575.0], [3960.25, 561.0], [3962.25, 5.0], [3963.25, 958.0], [3963.75, 564.0], [3964.25, 25447.0], [3965.0, 578.0], [3966.0, 556.0], [3967.0, 40000.0], [3967.75, 559.0]]}}}
{"jsonrpc": "2.0", "method": "subscription", "params": {"channel": "book.ETH-24OCT25.none.20.100ms", "data": {"timestamp": 1760560274180, "change_id": 91683922878, "instrument_name": "ETH-24OCT25", "bids": [[3949.0, 488.0], [3948.75, 1738.0], [3948.5, 2774.0], [3948.25, 2773.0], [3948.0, 2135.0], [3947.5, 493.0], [3947.25, 1100.0], [3947.0, 493.0], [3946.5, 12578.0], [3946.25, 22493.0], [3944.25, 493.0], [3943.25, 493.0], [3942.75, 493.0], [3942.25, 15215.0], [3941.25, 493.0], [3940.75, 493.0], [3940.25, 493.0], [3939.75, 493.0], [3939.25, 480.0], [3938.75, 5.0]], "asks": [[3951.25, 1100.0], [3951.5, 32909.0], [3951.75, 3728.0], [3952.0, 23395.0], [3952.25, 15050.0], [3953.75, 487.0], [3954.25, 22000.0], [3954.5, 5.0], [3954.75, 493.0], [3955.5, 15502.0], [3956.0, 487.0], [3957.0, 493.0], [3957.25, 21572.0], [3960.0, 480.0], [3960.75, 478.0], [3961.75, 480.0], [3962.25, 5.0], [3965.5, 400.0], [3965.75, 46702.0], [3966.25, 478.0]]}}}
{"jsonrpc": "2.0", "method": "subscription", "params": {"channel": "book.ETH-24OCT25.none.20.100ms", "data": {"timestamp": 1760560274571, "change_id": 91683924343, "instrument_name": "ETH-24OCT25", "bids": [[3948.5, 884.0], [3948.25, 1737.0], [3948.0, 2135.0], [3946.5, 6714.0], [3946.25, 493.0], [3944.25, 493.0], [3943.25, 493.0], [3942.75, 493.0], [3942.25, 15215.0], [3941.25, 493.0], [3940.75, 493.0], [3940.25, 493.0], [3939.75, 493.0], [3939.25, 480.0], [3938.75, 5.0], [3938.25, 493.0], [3937.75, 476.0], [3936.25, 478.0], [3935.75, 498.0], [3935.25, 476.0]], "asks": [[3950.75, 493.0], [3951.0, 1428.0], [3951.25, 1100.0], [3951.5, 1100.0], [3951.75, 3235.0], [3952.0, 1100.0], [3952.25, 12915.0], [3952.75, 160.0], [3953.75, 487.0], [3954.25, 22000.0], [3954.5, 5.0], [3954.75, 493.0], [3955.5, 15502.0], [3956.0, 487.0], [3957.0, 493.0], [3957.25, 21572.0], [3960.0, 480.0], [3960.75, 478.0], [3961.75, 480.0], [3962.25, 5.0]]}}}
{"jsonrpc": "2.0", "method": "subscription", "params": {"channel": "book.ETH-17OCT25.none.20.100ms", "data": {"timestamp": 1760560274594, "change_id": 91683924361, "instrument_name": "ETH-17OCT25", "bids": [[3946.75, 1200.0], [3944.0, 22000.0], [3943.25, 564.0], [3942.75, 564.0], [3942.25, 564.0], [3941.75, 564.0], [3941.25, 564.0], [3940.75, 14259.0], [3939.25, 557.0], [3939.0, 6.0], [3938.75, 564.0], [3938.25, 557.0], [3937.25, 557.0], [3936.75, 557.0], [3936.25, 557.0], [3936.0, 6.0], [3935.75, 561.0], [3935.25, 556.0], [3934.25, 556.0], [3933.75, 556.0]], "asks": [[3949.5, 6199.0], [3949.75, 150.0], [3950.5, 160.0], [3951.25, 564.0], [3951.5, 12580.0], [3953.25, 564.0], [3953.75, 22564.0], [3954.0, 14662.0], [3958.25, 575.0], [3958.75, 878.0], [3959.5, 21572.0], [3959.75, 575.0], [3960.25, 561.0], [3962.25, 5.0], [3963.25, 958.0], [3963.75, 564.0], [3964.25, 25447.0], [3965.0, 578.0], [3966.0, 556.0], [3967.0, 40000.0]]}}}
{"jsonrpc": "2.0", "method": "subscription", "params": {"channel": "book.ETH-24OCT25.none.20.100ms", "data": {"timestamp": 1760560274907, "change_id": 91683926303, "instrument_name": "ETH-24OCT25", "bids": [[3946.25, 493.0], [3946.0, 12578.0], [3944.75, 493.0], [3944.5, 22000.0], [3944.25, 493.0], [3943.25, 493.0], [3942.75, 493.0], [3942.25, 15215.0], [3941.25, 493.0], [3940.75, 493.0], [3940.25, 493.0], [3939.75, 493.0], [3939.25, 480.0], [3938.75, 5.0], [3938.25, 493.0], [3937.75, 476.0], [3936.25, 478.0], [3935.75, 498.0], [3935.25, 476.0], [3935.0, 6111.0]], "asks": [[3950.5, 1100.0], [3951.0, 21100.0], [3951.5, 1593.0], [3951.75, 12578.0], [3952.0, 1100.0], [3952.25, 337.0], [3952.75, 160.0], [3953.25, 14589.0], [3953.75, 487.0], [3954.25, 22000.0], [3954.5, 5.0], [3954.75, 493.0], [3955.5, 637.0], [3956.0, 487.0], [3957.0, 493.0], [3957.25, 21572.0], [3960.0, 480.0], [3960.75, 478.0], [3961.75, 480.0], [3962.25, 5.0]]}}}
{"jsonrpc": "2.0", "method": "subscription", "params": {"channel": "book.ETH-17OCT25.none.20.100ms", "data": {"timestamp": 1760560274918, "change_id": 91683926319, "instrument_name": "ETH-17OCT25", "bids": [[3946.75, 1200.0], [3944.5, 12580.0], [3944.0, 22000.0], [3943.25, 564.0], [3942.75, 564.0], [3942.25, 564.0], [3941.75, 564.0], [3941.25, 564.0], [3940.75, 14259.0], [3939.25, 557.0], [3939.0, 6.0], [3938.75, 564.0], [3938.5, 160.0], [3938.25, 557.0], [3937.25, 557.0], [3936.75, 557.0], [3936.25, 557.0], [3936.0, 6.0], [3935.75, 561.0], [3935.25, 556.0]], "asks": [[3949.5, 6199.0], [3949.75, 150.0], [3950.25, 12580.0], [3951.75, 15215.0], [3952.25, 22000.0], [3952.75, 555.0], [3953.0, 2001.0], [3953.25, 564.0], [3953.75, 564.0], [3958.25, 575.0], [3958.75, 878.0], [3959.5, 21572.0], [3959.75, 575.0], [3960.25, 561.0], [3962.25, 5.0], [3963.25, 958.0], [3963.75, 40564.0], [3964.25, 25447.0], [3965.0, 578.0], [3966.0, 556.0]]}}}
{"jsonrpc": "2.0", "method": "subscription", "params": {"channel": "book.ETH-24OCT25.none.20.100ms", "data": {"timestamp": 1760560275187, "change_id": 91683928026, "instrument_name": "ETH-24OCT25", "bids": [[3946.25, 493.0], [3946.0, 12578.0], [3945.75, 2133.0], [3945.5, 2133.0], [3945.25, 2133.0], [3944.75, 493.0], [3944.5, 22000.0], [3944.25, 493.0], [3943.25, 493.0], [3942.75, 493.0], [3942.25, 15215.0], [3941.25, 493.0], [3940.75, 493.0], [3940.25, 653.0], [3939.75, 493.0], [3939.25, 480.0], [3938.75, 5.0], [3938.25, 493.0], [3937.75, 476.0], [3936.25, 478.0]], "asks": [[3950.25, 1100.0], [3951.0, 23233.0], [3951.25, 2133.0], [3951.5, 4063.0], [3952.0, 13678.0], [3952.25, 337.0], [3953.75, 487.0], [3954.25, 22000.0], [3954.5, 5.0], [3954.75, 493.0], [3955.5, 637.0], [3956.0, 487.0], [3957.0, 15558.0], [3957.25, 21572.0], [3960.0, 480.0], [3960.75, 478.0], [3961.75, 480.0], [3962.25, 5.0], [3965.5, 400.0], [3965.75, 46702.0]]}}}
{"jsonrpc": "2.0", "method": "subscription", "params": {"channel": "book.ETH-17OCT25.none.20.100ms", "data": {"timestamp": 1760560275249, "change_id": 91683927910, "instrument_name": "ETH-17OCT25", "bids": [[3947.25, 1200.0], [3947.0, 6192.0], [3946.5, 1200.0], [3946.25, 2556.0], [3946.0, 2556.0], [3945.75, 2556.0], [3944.0, 22000.0], [3943.25, 564.0], [3942.75, 564.0], [3942.25, 564.0], [3941.75, 564.0], [3941.25, 564.0], [3940.75, 14259.0], [3939.25, 557.0], [3939.0, 6.0], [3938.75, 564.0], [3938.5, 160.0], [3938.25, 557.0], [3937.25, 557.0], [3936.75, 557.0]], "asks": [[3949.5, 1200.0], [3949.75, 150.0], [3950.0, 2556.0], [3950.25, 2556.0], [3950.5, 2960.0], [3951.5, 12580.0], [3952.0, 555.0], [3952.25, 22000.0], [3952.75, 555.0], [3953.25, 564.0], [3953.75, 564.0], [3955.5, 15225.0], [3958.25, 575.0], [3958.75, 878.0], [3959.5, 21572.0], [3959.75, 575.0], [3960.25, 561.0], [3962.25, 5.0], [3963.25, 958.0], [3963.75, 40564.0]]}}}
{"jsonrpc": "2.0", "method": "subscription", "params": {"channel": "book.ETH-24OCT25.none.20.100ms", "data": {"timestamp": 1760560275559, "change_id": 91683928716, "instrument_name": "ETH-24OCT25", "bids": [[3946.75, 493.0], [3946.5, 1100.0], [3946.25, 3233.0], [3946.0, 15811.0], [3945.75, 3233.0], [3945.5, 3233.0], [3945.25, 2133.0], [3944.75, 493.0], [3944.5, 22000.0], [3944.25, 493.0], [3943.25, 493.0], [3942.75, 493.0], [3942.5, 160.0], [3942.25, 15215.0], [3941.25, 493.0], [3940.75, 493.0], [3940.25, 493.0], [3939.75, 493.0], [3939.25, 480.0], [3938.75, 5.0]], "asks": [[3951.0, 21100.0], [3951.25, 1100.0], [3951.5, 2786.0], [3951.75, 2133.0], [3952.0, 12578.0], [3953.75, 487.0], [3954.0, 15138.0], [3954.25, 22000.0], [3954.5, 5.0], [3954.75, 493.0], [3955.5, 637.0], [3956.0, 487.0], [3957.0, 493.0], [3957.25, 21572.0], [3960.0, 480.0], [3960.75, 478.0], [3961.75, 480.0], [3962.25, 5.0], [3965.5, 400.0], [3965.75, 46702.0]]}}}
{"jsonrpc": "2.0", "method": "subscription", "params": {"channel": "book.ETH-17OCT25.none.20.100ms", "data": {"timestamp": 1760560275599, "change_id": 91683928927, "instrument_name": "ETH-17OCT25", "bids": [[3947.75, 1200.0], [3947.5, 6192.0], [3946.5, 1200.0], [3946.25, 2556.0], [3946.0, 1200.0], [3945.75, 12580.0], [3944.25, 555.0], [3944.0, 22000.0], [3943.25, 564.0], [3942.75, 564.0], [3942.25, 564.0], [3941.75, 564.0], [3941.25, 564.0], [3941.0, 160.0], [3940.75, 14259.0], [3939.25, 557.0], [3939.0, 6.0], [3938.75, 564.0], [3938.25, 557.0], [3937.25, 557.0]], "asks": [[3949.5, 1200.0], [3949.75, 7852.0], [3950.0, 2556.0], [3950.25, 2556.0], [3950.5, 2960.0], [3951.25, 1200.0], [3951.5, 12580.0], [3952.25, 22000.0], [3952.5, 14996.0], [3952.75, 555.0], [3953.25, 564.0], [3953.5, 2000.0], [3953.75, 564.0], [3958.25, 575.0], [3958.75, 878.0], [3959.5, 21572.0], [3959.75, 575.0], [3960.25, 561.0], [3962.25, 5.0], [3963.25, 958.0]]}}}
{"jsonrpc": "2.0", "method": "subscription", "params": {"channel": "book.ETH-24OCT25.none.20.100ms", "data": {"timestamp": 1760560275875, "change_id": 91683930866, "instrument_name": "ETH-24OCT25", "bids": [[3947.0, 493.0], [3946.75, 12578.0], [3946.5, 21100.0], [3946.25, 3233.0], [3946.0, 3233.0], [3945.75, 23100.0], [3944.75, 493.0], [3944.25, 493.0], [3943.25, 493.0], [3942.75, 493.0], [3942.25, 15215.0], [3941.25, 493.0], [3940.75, 493.0], [3940.25, 493.0], [3939.75, 493.0], [3939.25, 480.0], [3938.75, 5.0], [3938.25, 493.0], [3937.75, 476.0], [3936.75, 400.0]], "asks": [[3951.0, 1100.0], [3951.25, 1100.0], [3951.5, 2133.0], [3951.75, 2133.0], [3952.0, 493.0], [3952.5, 12738.0], [3953.75, 487.0], [3954.25, 22000.0], [3954.5, 5.0], [3954.75, 493.0], [3955.5, 637.0], [3956.0, 487.0], [3956.25, 15120.0], [3957.0, 493.0], [3957.25, 21572.0], [3960.0, 480.0], [3960.75, 478.0], [3961.75, 480.0], [3962.25, 5.0], [3965.5, 400.0]]}}}
{"jsonrpc": "2.0", "method": "subscription", "params": {"channel": "book.ETH-17OCT25.none.20.100ms", "data": {"timestamp": 1760560275929, "change_id": 91683930875, "instrument_name": "ETH-17OCT25", "bids": [[3948.0, 4992.0], [3947.75, 1200.0], [3946.5, 1200.0], [3946.0, 1200.0], [3945.75, 12580.0], [3944.25, 555.0], [3944.0, 22000.0], [3943.25, 564.0], [3942.75, 564.0], [3942.25, 564.0], [3941.75, 564.0], [3941.25, 564.0], [3940.75, 14259.0], [3939.25, 557.0], [3939.0, 6.0], [3938.75, 564.0], [3938.25, 557.0], [3937.25, 557.0], [3936.75, 557.0], [3936.25, 557.0]], "asks": [[3949.75, 150.0], [3950.25, 2556.0], [3950.5, 2960.0], [3951.0, 160.0], [3951.25, 1200.0], [3952.0, 12580.0], [3952.75, 555.0], [3953.25, 564.0], [3953.5, 2000.0], [3953.75, 22564.0], [3954.75, 14738.0], [3958.25, 575.0], [3958.75, 878.0], [3959.5, 21572.0], [3959.75, 575.0], [3960.25, 561.0], [3962.25, 5.0], [3963.25, 958.0], [3963.75, 40564.0], [3964.25, 25447.0]]}}}
{"jsonrpc": "2.0", "method": "subscription", "params": {"channel": "book.ETH-24OCT25.none.20.100ms", "data": {"timestamp": 1760560276211, "change_id": 91683932407, "instrument_name": "ETH-24OCT25", "bids": [[3946.5, 3231.0], [3946.25, 3233.0], [3946.0, 3726.0], [3945.75, 35678.0], [3944.75, 493.0], [3944.25, 493.0], [3943.25, 493.0], [3942.75, 493.0], [3942.25, 15215.0], [3941.25, 493.0], [3940.75, 493.0], [3940.25, 493.0], [3939.75, 493.0], [3939.25, 480.0], [3938.75, 5.0], [3938.25, 493.0], [3937.75, 476.0], [3936.75, 400.0], [3936.25, 478.0], [3935.75, 498.0]], "asks": [[3950.75, 493.0], [3951.0, 1260.0], [3951.25, 1100.0], [3951.5, 16304.0], [3951.75, 2133.0], [3952.0, 2961.0], [3953.75, 487.0], [3954.0, 14988.0], [3954.25, 22000.0], [3954.5, 5.0], [3954.75, 493.0], [3955.5, 637.0], [3956.0, 487.0], [3957.0, 493.0], [3957.25, 21572.0], [3960.0, 480.0], [3960.75, 478.0], [3961.75, 480.0], [3962.25, 5.0], [3965.5, 400.0]]}}}
{"jsonrpc": "2.0", "method": "subscription", "params": {"channel": "book.ETH-17OCT25.none.20.100ms", "data": {"timestamp": 1760560276236, "change_id": 91683932363, "instrument_name": "ETH-17OCT25", "bids": [[3946.5, 1200.0], [3946.0, 3754.0], [3945.75, 15134.0], [3944.0, 22000.0], [3943.25, 564.0], [3942.75, 564.0], [3942.25, 564.0], [3941.75, 564.0], [3941.25, 564.0], [3940.75, 14259.0], [3939.25, 557.0], [3939.0, 6.0], [3938.75, 564.0], [3938.25, 557.0], [3937.25, 557.0], [3936.75, 557.0], [3936.25, 557.0], [3936.0, 6.0], [3935.75, 561.0], [3935.25, 556.0]], "asks": [[3949.25, 1200.0], [3949.5, 6199.0], [3949.75, 310.0], [3950.0, 1200.0], [3950.25, 2556.0], [3950.5, 2960.0], [3950.75, 2554.0], [3951.0, 12580.0], [3952.25, 555.0], [3952.5, 14942.0], [3952.75, 555.0], [3953.25, 564.0], [3953.5, 2000.0], [3953.75, 22564.0], [3958.25, 575.0], [3958.75, 878.0], [3959.5, 21572.0], [3959.75, 575.0], [3960.25, 561.0], [3962.25, 5.0]]}}}
{"jsonrpc": "2.0", "method": "subscription", "params": {"channel": "book.ETH-24OCT25.none.20.100ms", "data": {"timestamp": 1760560276589, "change_id": 91683933961, "instrument_name": "ETH-24OCT25", "bids": [[3946.5, 1100.0], [3946.25, 1100.0], [3946.0, 3726.0], [3945.75, 34578.0], [3945.25, 160.0], [3944.75, 493.0], [3943.25, 493.0], [3942.75, 493.0], [3942.25, 15215.0], [3941.25, 493.0], [3940.75, 493.0], [3940.25, 493.0], [3939.75, 493.0], [3939.25, 480.0], [3938.75, 5.0], [3938.25, 493.0], [3937.75, 476.0], [3936.75, 400.0], [3936.25, 478.0], [3935.75, 498.0]], "asks": [[3950.25, 1260.0], [3950.5, 1100.0], [3950.75, 32295.0], [3951.0, 21100.0], [3951.25, 1100.0], [3951.5, 16304.0], [3951.75, 3233.0], [3952.0, 2961.0], [3953.75, 487.0], [3954.0, 14988.0], [3954.25, 22000.0], [3954.5, 5.0], [3954.75, 493.0], [3955.5, 637.0], [3957.0, 493.0], [3957.25, 21572.0], [3960.0, 480.0], [3960.75, 478.0], [3961.75, 480.0], [3962.25, 5.0]]}}}
{"jsonrpc": "2.0", "method": "subscription", "params": {"channel": "book.ETH-17OCT25.none.20.100ms", "data": {"timestamp": 1760560276587, "change_id": 91683933949, "instrument_name": "ETH-17OCT25", "bids": [[3947.25, 1200.0], [3946.75, 2554.0], [3946.5, 2554.0], [3946.0, 1200.0], [3945.75, 12580.0], [3944.0, 22000.0], [3943.5, 160.0], [3942.75, 564.0], [3942.25, 564.0], [3941.75, 564.0], [3941.25, 564.0], [3940.75, 14259.0], [3939.25, 557.0], [3939.0, 6.0], [3938.75, 564.0], [3938.25, 557.0], [3937.25, 557.0], [3936.75, 557.0], [3936.25, 557.0], [3936.0, 6.0]], "asks": [[3948.75, 160.0], [3949.25, 3754.0], [3949.5, 35546.0], [3949.75, 150.0], [3950.0, 1200.0], [3950.25, 2556.0], [3950.5, 404.0], [3951.0, 12580.0], [3952.25, 555.0], [3952.5, 36942.0], [3953.25, 564.0], [3953.5, 2000.0], [3953.75, 564.0], [3958.25, 575.0], [3958.75, 878.0], [3959.5, 21572.0], [3959.75, 575.0], [3960.25, 561.0], [3962.25, 5.0], [3963.25, 958.0]]}}}
{"jsonrpc": "2.0", "method": "subscription", "params": {"channel": "book.ETH-17OCT25.none.20.100ms", "data": {"timestamp": 1760560276907, "change_id": 91683935210, "instrument_name": "ETH-17OCT25", "bids": [[3947.25, 1200.0], [3946.75, 2554.0], [3946.5, 2554.0], [3946.0, 1200.0], [3945.75, 12580.0], [3944.0, 22160.0], [3942.75, 564.0], [3942.25, 564.0], [3941.75, 564.0], [3941.25, 564.0], [3940.75, 14259.0], [3939.25, 557.0], [3939.0, 6.0], [3938.75, 564.0], [3938.25, 557.0], [3937.25, 557.0], [3936.75, 557.0], [3936.25, 557.0], [3936.0, 6.0], [3935.75, 561.0]], "asks": [[3949.25, 1360.0], [3949.5, 32992.0], [3949.75, 150.0], [3950.25, 2556.0], [3950.5, 404.0], [3951.0, 12580.0], [3952.25, 555.0], [3952.5, 36942.0], [3953.25, 564.0], [3953.5, 2000.0], [3953.75, 564.0], [3958.25, 575.0], [3958.75, 878.0], [3959.5, 21572.0], [3959.75, 575.0], [3960.25, 561.0], [3962.25, 5.0], [3963.25, 958.0], [3963.75, 40564.0], [3964.25, 25447.0]]}}}
{"jsonrpc": "2.0", "method": "subscription", "params": {"channel": "book.ETH-24OCT25.none.20.100ms", "data": {"timestamp": 1760560276714, "change_id": 91683935096, "instrument_name": "ETH-24OCT25", "bids": [[3946.75, 487.0], [3946.5, 1100.0], [3946.25, 1100.0], [3946.0, 7680.0], [3945.75, 34578.0], [3945.25, 160.0], [3944.75, 493.0], [3943.25, 493.0], [3942.75, 493.0], [3942.25, 15215.0], [3941.25, 493.0], [3940.75, 493.0], [3940.25, 493.0], [3939.75, 493.0], [3939.25, 480.0], [3938.75, 5.0], [3938.25, 493.0], [3937.75, 476.0], [3936.75, 400.0], [3936.25, 478.0]], "asks": [[3950.25, 1100.0], [3950.5, 1100.0], [3950.75, 32455.0], [3951.0, 21100.0], [3951.25, 1100.0], [3951.5, 16304.0], [3951.75, 3233.0], [3952.0, 2961.0], [3953.75, 487.0], [3954.0, 14988.0], [3954.25, 22000.0], [3954.5, 5.0], [3954.75, 493.0], [3955.5, 637.0], [3957.0, 493.0], [3957.25, 21572.0], [3960.0, 480.0], [3960.75, 478.0], [3961.75, 480.0], [3962.25, 5.0]]}}}
{"jsonrpc": "2.0", "method": "subscription", "params": {"channel": "book.ETH-17OCT25.none.20.100ms", "data": {"timestamp": 1760560277251, "change_id": 91683936477, "instrument_name": "ETH-17OCT25", "bids": [[3947.5, 2500.0], [3947.25, 2552.0], [3947.0, 3752.0], [3946.75, 2554.0], [3946.0, 1200.0], [3945.75, 12580.0], [3944.5, 160.0], [3944.0, 22000.0], [3942.75, 564.0], [3942.25, 564.0], [3941.75, 564.0], [3941.25, 564.0], [3940.75, 14259.0], [3939.25, 557.0], [3939.0, 6.0], [3938.75, 564.0], [3938.25, 557.0], [3937.25, 557.0], [3936.75, 557.0], [3936.25, 557.0]], "asks": [[3948.75, 1360.0], [3949.0, 2552.0], [3949.25, 3752.0], [3949.5, 35948.0], [3949.75, 150.0], [3951.0, 12580.0], [3952.25, 555.0], [3952.5, 36942.0], [3953.25, 564.0], [3953.5, 2000.0], [3953.75, 564.0], [3958.25, 575.0], [3958.75, 878.0], [3959.5, 21572.0], [3959.75, 575.0], [3960.25, 561.0], [3962.25, 5.0], [3963.25, 958.0], [3963.75, 40564.0], [3964.25, 25447.0]]}}}
{"jsonrpc": "2.0", "method": "subscription", "params": {"channel": "book.ETH-24OCT25.none.20.100ms", "data": {"timestamp": 1760560277213, "change_id": 91683936472, "instrument_name": "ETH-24OCT25", "bids": [[3949.5, 2500.0], [3948.75, 2130.0], [3948.5, 2130.0], [3948.25, 2130.0], [3946.75, 487.0], [3946.25, 1260.0], [3946.0, 5547.0], [3945.75, 34578.0], [3944.75, 493.0], [3943.25, 493.0], [3942.75, 493.0], [3942.25, 15215.0], [3941.25, 493.0], [3940.75, 493.0], [3940.25, 493.0], [3939.75, 493.0], [3939.25, 480.0], [3938.75, 5.0], [3938.25, 493.0], [3937.75, 476.0]], "asks": [[3950.25, 1100.0], [3950.5, 1100.0], [3950.75, 34425.0], [3951.0, 23390.0], [3951.25, 1437.0], [3951.5, 14171.0], [3951.75, 1100.0], [3952.0, 830.0], [3953.75, 487.0], [3954.0, 14988.0], [3954.25, 22000.0], [3954.5, 5.0], [3954.75, 493.0], [3955.5, 637.0], [3957.0, 493.0], [3957.25, 21572.0], [3960.0, 480.0], [3960.75, 478.0], [3961.75, 480.0], [3962.25, 5.0]]}}}
{"jsonrpc": "2.0", "method": "subscription", "params": {"channel": "book.ETH-17OCT25.none.20.100ms", "data": {"timestamp": 1760560277578, "change_id": 91683937679, "instrument_name": "ETH-17OCT25", "bids": [[3946.0, 1200.0], [3945.75, 2552.0], [3945.5, 2552.0], [3944.75, 13780.0], [3944.0, 22000.0], [3942.75, 564.0], [3942.25, 564.0], [3941.75, 564.0], [3941.25, 564.0], [3940.75, 14259.0], [3939.25, 557.0], [3939.0, 6.0], [3938.75, 564.0], [3938.25, 557.0], [3937.25, 557.0], [3936.75, 557.0], [3936.25, 557.0], [3936.0, 6.0], [3935.75, 561.0], [3935.25, 556.0]], "asks": [[3948.75, 1360.0], [3949.0, 3752.0], [3949.25, 3752.0], [3949.5, 35948.0], [3949.75, 150.0], [3952.25, 555.0], [3952.5, 36942.0], [3953.25, 564.0], [3953.5, 2000.0], [3953.75, 564.0], [3958.25, 575.0], [3958.75, 878.0], [3959.5, 21572.0], [3959.75, 575.0], [3960.25, 561.0], [3962.25, 5.0], [3963.25, 958.0], [3963.75, 40564.0], [3964.25, 25447.0], [3965.0, 578.0]]}}}
{"jsonrpc": "2.0", "method": "subscription", "params": {"channel": "book.ETH-24OCT25.none.20.100ms", "data": {"timestamp": 1760560277551, "change_id": 91683937786, "instrument_name": "ETH-24OCT25", "bids": [[3946.25, 1100.0], [3946.0, 1593.0], [3944.75, 493.0], [3944.0, 22000.0], [3943.25, 493.0], [3942.75, 493.0], [3942.25, 15215.0], [3941.25, 493.0], [3940.75, 493.0], [3940.25, 493.0], [3939.75, 493.0], [3939.25, 480.0], [3938.75, 5.0], [3938.25, 493.0], [3937.75, 476.0], [3936.25, 478.0], [3935.75, 498.0], [3935.25, 480.0], [3934.75, 476.0], [3934.5, 6111.0]], "asks": [[3950.0, 1260.0], [3950.25, 1587.0], [3950.5, 1100.0], [3950.75, 34425.0], [3951.0, 23230.0], [3951.25, 1437.0], [3951.5, 493.0], [3951.75, 1100.0], [3952.0, 493.0], [3953.75, 487.0], [3954.0, 14988.0], [3954.25, 22000.0], [3954.5, 5.0], [3954.75, 493.0], [3955.5, 637.0], [3957.0, 493.0], [3957.25, 21572.0], [3960.0, 480.0], [3960.75, 478.0], [3961.75, 480.0]]}}}
{"jsonrpc": "2.0", "method": "subscription", "params": {"channel": "book.ETH-24OCT25.none.20.100ms", "data": {"timestamp": 1760560277913, "change_id": 91683939903, "instrument_name": "ETH-24OCT25", "bids": [[3946.25, 1587.0], [3946.0, 1100.0], [3945.25, 647.0], [3944.75, 13071.0], [3944.0, 22000.0], [3943.25, 493.0], [3942.75, 493.0], [3942.25, 493.0], [3941.25, 493.0], [3940.75, 493.0], [3940.25, 493.0], [3940.0, 14433.0], [3939.75, 493.0], [3939.25, 480.0], [3938.75, 5.0], [3938.25, 493.0], [3937.75, 476.0], [3936.25, 478.0], [3935.75, 498.0], [3935.25, 480.0]], "asks": [[3949.5, 1100.0], [3949.75, 1100.0], [3950.0, 20160.0], [3950.25, 1100.0], [3950.5, 13678.0], [3950.75, 34425.0], [3951.0, 3230.0], [3951.25, 1437.0], [3951.5, 493.0], [3951.75, 1100.0], [3952.0, 493.0], [3953.0, 22000.0], [3953.75, 487.0], [3954.0, 14988.0], [3954.5, 5.0], [3954.75, 493.0], [3955.5, 637.0], [3957.0, 493.0], [3957.25, 21572.0], [3960.0, 480.0]]}}}
{"jsonrpc": "2.0", "method": "subscription", "params": {"channel": "book.ETH-17OCT25.none.20.100ms", "data": {"timestamp": 1760560277916, "change_id": 91683939911, "instrument_name": "ETH-17OCT25", "bids": [[3946.25, 4992.0], [3945.5, 2552.0], [3945.0, 1200.0], [3944.75, 1200.0], [3944.0, 160.0], [3943.75, 12580.0], [3942.75, 564.0], [3942.5, 22000.0], [3942.25, 564.0], [3941.75, 564.0], [3941.25, 564.0], [3939.25, 557.0], [3939.0, 6.0], [3938.75, 564.0], [3938.5, 14506.0], [3938.25, 557.0], [3937.25, 557.0], [3936.75, 557.0], [3936.25, 557.0], [3936.0, 6.0]], "asks": [[3948.75, 1360.0], [3949.0, 3752.0], [3949.25, 3752.0], [3949.5, 4156.0], [3949.75, 150.0], [3950.0, 12580.0], [3951.0, 22000.0], [3952.25, 555.0], [3952.5, 14942.0], [3953.25, 564.0], [3953.5, 2000.0], [3953.75, 564.0], [3958.25, 575.0], [3958.75, 878.0], [3959.5, 21572.0], [3959.75, 575.0], [3960.25, 561.0], [3962.25, 5.0], [3963.25, 958.0], [3963.75, 40564.0]]}}}
{"jsonrpc": "2.0", "method": "subscription", "params": {"channel": "book.ETH-17OCT25.none.20.100ms", "data": {"timestamp": 1760560278242, "change_id": 91683941066, "instrument_name": "ETH-17OCT25", "bids": [[3946.75, 160.0], [3946.5, 1200.0], [3945.0, 1200.0], [3944.75, 15131.0], [3944.5, 2551.0], [3942.75, 564.0], [3942.5, 22000.0], [3942.25, 564.0], [3941.75, 564.0], [3941.25, 564.0], [3939.25, 557.0], [3939.0, 6.0], [3938.75, 564.0], [3938.5, 14506.0], [3938.25, 557.0], [3937.25, 557.0], [3936.75, 557.0], [3936.25, 557.0], [3936.0, 6.0], [3935.75, 561.0]], "asks": [[3948.75, 1360.0], [3949.0, 3752.0], [3949.25, 7919.0], [3949.5, 4156.0], [3949.75, 150.0], [3950.0, 12580.0], [3952.25, 555.0], [3952.5, 14942.0], [3952.75, 22000.0], [3953.25, 564.0], [3953.5, 2000.0], [3953.75, 564.0], [3958.25, 575.0], [3958.75, 878.0], [3959.5, 21572.0], [3959.75, 575.0], [3960.25, 561.0], [3962.25, 5.0], [3963.25, 958.0], [3963.75, 40564.0]]}}}
{"jsonrpc": "2.0", "method": "subscription", "params": {"channel": "book.ETH-24OCT25.none.20.100ms", "data": {"timestamp": 1760560278208, "change_id": 91683941035, "instrument_name": "ETH-24OCT25", "bids": [[3948.25, 160.0], [3947.75, 2128.0], [3946.5, 487.0], [3946.0, 1100.0], [3945.75, 14706.0], [3945.25, 487.0], [3944.75, 493.0], [3944.0, 22000.0], [3943.25, 493.0], [3942.75, 493.0], [3942.25, 493.0], [3941.25, 493.0], [3940.75, 493.0], [3940.25, 493.0], [3940.0, 14433.0], [3939.75, 493.0], [3939.25, 480.0], [3938.75, 5.0], [3938.25, 493.0], [3937.75, 476.0]], "asks": [[3949.5, 1100.0], [3949.75, 1100.0], [3950.25, 1100.0], [3950.5, 1100.0], [3950.75, 493.0], [3951.0, 1260.0], [3951.25, 1437.0], [3951.5, 13071.0], [3951.75, 1100.0], [3952.0, 493.0], [3953.0, 22000.0], [3953.75, 487.0], [3954.0, 14988.0], [3954.5, 5.0], [3954.75, 493.0], [3955.5, 637.0], [3957.0, 493.0], [3957.25, 21572.0], [3960.0, 480.0], [3960.75, 478.0]]}}}
{"jsonrpc": "2.0", "method": "subscription", "params": {"channel": "book.ETH-17OCT25.none.20.100ms", "data": {"timestamp": 1760560278567, "change_id": 91683941568, "instrument_name": "ETH-17OCT25", "bids": [[3946.75, 4992.0], [3946.5, 3751.0], [3946.25, 2551.0], [3946.0, 2711.0], [3945.0, 1200.0], [3944.75, 15131.0], [3944.5, 2551.0], [3942.75, 564.0], [3942.5, 22000.0], [3941.75, 564.0], [3941.25, 564.0], [3940.75, 15040.0], [3939.25, 557.0], [3939.0, 6.0], [3938.75, 564.0], [3938.25, 557.0], [3937.25, 557.0], [3936.75, 557.0], [3936.25, 557.0], [3936.0, 6.0]], "asks": [[3948.25, 1360.0], [3948.5, 2551.0], [3948.75, 3751.0], [3949.0, 4155.0], [3949.25, 5367.0], [3949.5, 1604.0], [3949.75, 1350.0], [3950.0, 12580.0], [3952.25, 555.0], [3952.5, 14942.0], [3952.75, 22000.0], [3953.25, 564.0], [3953.5, 2000.0], [3958.25, 575.0], [3958.75, 878.0], [3959.5, 21572.0], [3959.75, 575.0], [3960.25, 561.0], [3962.25, 5.0], [3963.25, 958.0]]}}}
{"jsonrpc": "2.0", "method": "subscription", "params": {"channel": "book.ETH-24OCT25.none.20.100ms", "data": {"timestamp": 1760560278559, "change_id": 91683941563, "instrument_name": "ETH-24OCT25", "bids": [[3947.5, 160.0], [3947.0, 2128.0], [3946.75, 2128.0], [3946.0, 1100.0], [3945.75, 12578.0], [3945.5, 2128.0], [3945.25, 487.0], [3944.75, 493.0], [3944.0, 22000.0], [3943.25, 493.0], [3942.75, 493.0], [3942.5, 14304.0], [3942.25, 493.0], [3941.25, 493.0], [3940.75, 493.0], [3940.25, 493.0], [3939.75, 493.0], [3939.25, 480.0], [3938.75, 5.0], [3938.25, 493.0]], "asks": [[3949.5, 1100.0], [3949.75, 1100.0], [3950.0, 2288.0], [3950.5, 1100.0], [3950.75, 493.0], [3951.0, 1100.0], [3951.25, 1437.0], [3951.5, 13071.0], [3951.75, 1100.0], [3952.0, 493.0], [3953.0, 22000.0], [3953.75, 487.0], [3954.0, 14988.0], [3954.5, 5.0], [3954.75, 493.0], [3955.5, 637.0], [3957.0, 493.0], [3957.25, 21572.0], [3960.0, 480.0], [3960.75, 478.0]]}}}
{"jsonrpc": "2.0", "method": "subscription", "params": {"channel": "book.ETH-24OCT25.none.20.100ms", "data": {"timestamp": 1760560278878, "change_id": 91683943184, "instrument_name": "ETH-24OCT25", "bids": [[3946.0, 1100.0], [3945.5, 2128.0], [3945.25, 2128.0], [3944.75, 13071.0], [3944.0, 22000.0], [3943.25, 493.0], [3942.75, 493.0], [3942.5, 14304.0], [3942.25, 493.0], [3941.25, 493.0], [3940.75, 493.0], [3940.25, 493.0], [3939.75, 493.0], [3939.25, 480.0], [3938.75, 5.0], [3938.25, 493.0], [3937.75, 476.0], [3936.25, 478.0], [3935.75, 498.0], [3935.25, 480.0]], "asks": [[3949.25, 1587.0], [3949.5, 1100.0], [3949.75, 21100.0], [3950.0, 34571.0], [3950.25, 1100.0], [3950.5, 13678.0], [3950.75, 493.0], [3951.0, 1100.0], [3951.25, 1437.0], [3951.5, 493.0], [3951.75, 1100.0], [3952.0, 493.0], [3953.0, 22000.0], [3953.75, 487.0], [3954.0, 14988.0], [3954.5, 5.0], [3954.75, 493.0], [3955.5, 637.0], [3957.0, 493.0], [3957.25, 21572.0]]}}}
{"jsonrpc": "2.0", "method": "subscription", "params": {"channel": "book.ETH-17OCT25.none.20.100ms", "data": {"timestamp": 1760560278867, "change_id": 91683943027, "instrument_name": "ETH-17OCT25", "bids": [[3945.0, 1200.0], [3943.75, 12580.0], [3942.75, 564.0], [3942.5, 22000.0], [3941.75, 564.0], [3941.25, 564.0], [3940.75, 15040.0], [3939.25, 557.0], [3939.0, 6.0], [3938.75, 564.0], [3938.25, 557.0], [3937.25, 557.0], [3936.75, 557.0], [3936.25, 557.0], [3936.0, 6.0], [3935.75, 561.0], [3935.25, 556.0], [3934.25, 556.0], [3933.75, 556.0], [3933.5, 6095.0]], "asks": [[3948.25, 1360.0], [3948.5, 2551.0], [3948.75, 3751.0], [3949.0, 4155.0], [3949.25, 5367.0], [3949.5, 1200.0], [3949.75, 1350.0], [3950.0, 12580.0], [3950.75, 555.0], [3951.25, 22000.0], [3952.25, 555.0], [3952.5, 14942.0], [3953.25, 564.0], [3953.5, 2000.0], [3958.25, 575.0], [3958.75, 878.0], [3959.5, 21572.0], [3959.75, 575.0], [3960.25, 561.0], [3962.25, 5.0]]}}}
{"jsonrpc": "2.0", "method": "subscription", "params": {"channel": "book.ETH-24OCT25.none.20.100ms", "data": {"timestamp": 1760560279215, "change_id": 91683945398, "instrument_name": "ETH-24OCT25", "bids": [[3946.0, 1100.0], [3945.5, 2128.0], [3945.25, 2288.0], [3945.0, 2126.0], [3944.75, 493.0], [3944.0, 22000.0], [3943.75, 487.0], [3943.5, 12578.0], [3943.25, 493.0], [3942.75, 493.0], [3942.25, 493.0], [3941.25, 493.0], [3940.75, 493.0], [3940.25, 493.0], [3940.0, 14992.0], [3939.75, 493.0], [3939.25, 480.0], [3938.75, 5.0], [3938.25, 493.0], [3937.75, 476.0]], "asks": [[3948.5, 1260.0], [3948.75, 1587.0], [3949.0, 21100.0], [3949.25, 1100.0], [3949.5, 12578.0], [3949.75, 1100.0], [3950.0, 2615.0], [3950.5, 1100.0], [3950.75, 493.0], [3951.0, 1100.0], [3951.25, 337.0], [3951.5, 493.0], [3951.75, 36502.0], [3952.0, 493.0], [3953.75, 487.0], [3954.5, 5.0], [3954.75, 493.0], [3955.5, 637.0], [3957.0, 493.0], [3957.25, 21572.0]]}}}
{"jsonrpc": "2.0", "method": "subscription", "params": {"channel": "book.ETH-17OCT25.none.20.100ms", "data": {"timestamp": 1760560279196, "change_id": 91683945433, "instrument_name": "ETH-17OCT25", "bids": [[3944.75, 2548.0], [3944.5, 2548.0], [3943.75, 160.0], [3943.25, 2548.0], [3943.0, 12580.0], [3942.5, 22000.0], [3941.75, 564.0], [3941.25, 564.0], [3939.25, 557.0], [3939.0, 6.0], [3938.75, 564.0], [3938.5, 14368.0], [3938.25, 557.0], [3937.25, 557.0], [3936.75, 557.0], [3936.25, 557.0], [3936.0, 6.0], [3935.75, 561.0], [3935.25, 556.0], [3934.25, 556.0]], "asks": [[3946.75, 160.0], [3947.75, 4151.0], [3948.0, 3748.0], [3948.25, 1603.0], [3948.5, 3751.0], [3948.75, 3751.0], [3949.0, 15535.0], [3949.75, 150.0], [3950.25, 15145.0], [3950.75, 555.0], [3951.25, 22000.0], [3952.25, 555.0], [3953.25, 564.0], [3953.5, 2000.0], [3958.25, 575.0], [3958.75, 878.0], [3959.5, 21572.0], [3959.75, 575.0], [3960.25, 961.0], [3962.25, 5.0]]}}}
{"jsonrpc": "2.0", "method": "subscription", "params": {"channel": "book.ETH-17OCT25.none.20.100ms", "data": {"timestamp": 1760560279479, "change_id": 91683946208, "instrument_name": "ETH-17OCT25", "bids": [[3945.0, 4992.0], [3944.75, 2548.0], [3944.5, 2548.0], [3944.25, 2708.0], [3943.25, 2548.0], [3943.0, 12580.0], [3942.5, 22000.0], [3941.75, 564.0], [3941.25, 564.0], [3939.25, 557.0], [3939.0, 6.0], [3938.75, 564.0], [3938.5, 14368.0], [3938.25, 557.0], [3937.25, 557.0], [3936.75, 557.0], [3936.25, 557.0], [3936.0, 6.0], [3935.75, 561.0], [3935.25, 556.0]], "asks": [[3946.75, 160.0], [3947.25, 2548.0], [3947.5, 2548.0], [3947.75, 35928.0], [3948.0, 3748.0], [3948.25, 1200.0], [3948.5, 3751.0], [3948.75, 3751.0], [3949.0, 15132.0], [3949.75, 150.0], [3950.25, 15145.0], [3950.75, 555.0], [3951.25, 22000.0], [3952.25, 555.0], [3953.25, 564.0], [3958.25, 575.0], [3958.75, 878.0], [3959.5, 21572.0], [3959.75, 575.0], [3960.25, 961.0]]}}}
{"jsonrpc": "2.0", "method": "subscription", "params": {"channel": "book.ETH-24OCT25.none.20.100ms", "data": {"timestamp": 1760560279540, "change_id": 91683946349, "instrument_name": "ETH-24OCT25", "bids": [[3946.25, 160.0], [3945.5, 2128.0], [3945.25, 2128.0], [3945.0, 2126.0], [3944.75, 493.0], [3944.0, 22000.0], [3943.75, 487.0], [3943.5, 12578.0], [3943.25, 493.0], [3942.75, 493.0], [3942.25, 493.0], [3941.25, 493.0], [3940.75, 493.0], [3940.25, 493.0], [3940.0, 14992.0], [3939.75, 493.0], [3939.25, 480.0], [3938.75, 5.0], [3938.25, 493.0], [3937.75, 476.0]], "asks": [[3948.5, 1260.0], [3948.75, 33373.0], [3949.0, 23226.0], [3949.25, 3226.0], [3949.5, 12578.0], [3949.75, 1100.0], [3950.0, 2615.0], [3950.5, 1100.0], [3950.75, 493.0], [3951.0, 1100.0], [3951.25, 337.0], [3951.5, 493.0], [3951.75, 36502.0], [3952.0, 493.0], [3953.75, 487.0], [3954.5, 5.0], [3954.75, 493.0], [3955.5, 637.0], [3957.0, 493.0], [3957.25, 21572.0]]}}}
{"jsonrpc": "2.0", "method": "subscription", "params": {"channel": "book.ETH-17OCT25.none.20.100ms", "data": {"timestamp": 1760560279840, "change_id": 91683947662, "instrument_name": "ETH-17OCT25", "bids": [[3945.0, 4992.0], [3944.75, 160.0], [3944.5, 2548.0], [3944.25, 2548.0], [3944.0, 12580.0], [3942.5, 22000.0], [3941.75, 564.0], [3941.25, 564.0], [3939.25, 557.0], [3939.0, 6.0], [3938.75, 564.0], [3938.5, 14368.0], [3938.25, 557.0], [3937.25, 557.0], [3936.75, 557.0], [3936.25, 557.0], [3936.0, 6.0], [3935.75, 561.0], [3935.25, 556.0], [3934.25, 556.0]], "asks": [[3947.75, 32977.0], [3949.75, 150.0], [3950.25, 15145.0], [3950.75, 555.0], [3951.25, 22000.0], [3952.25, 555.0], [3953.25, 564.0], [3954.5, 5.0], [3958.25, 575.0], [3958.75, 878.0], [3959.5, 21572.0], [3959.75, 575.0], [3960.25, 961.0], [3962.25, 5.0], [3963.25, 558.0], [3963.75, 40564.0], [3964.25, 25447.0], [3965.0, 578.0], [3966.0, 556.0], [3967.75, 559.0]]}}}
{"jsonrpc": "2.0", "method": "subscription", "params": {"channel": "book.ETH-24OCT25.none.20.100ms", "data": {"timestamp": 1760560279686, "change_id": 91683947638, "instrument_name": "ETH-24OCT25", "bids": [[3946.25, 160.0], [3945.5, 2128.0], [3945.25, 2615.0], [3945.0, 2126.0], [3944.75, 493.0], [3944.5, 12578.0], [3944.0, 22000.0], [3943.75, 487.0], [3943.25, 493.0], [3942.75, 493.0], [3942.25, 493.0], [3941.25, 493.0], [3940.75, 493.0], [3940.25, 493.0], [3940.0, 14992.0], [3939.75, 493.0], [3939.25, 480.0], [3938.75, 5.0], [3938.25, 493.0], [3937.75, 476.0]], "asks": [[3948.5, 1100.0], [3948.75, 32886.0], [3949.0, 3226.0], [3949.25, 3226.0], [3949.5, 487.0], [3949.75, 1100.0], [3950.0, 2615.0], [3950.5, 1100.0], [3950.75, 493.0], [3951.0, 1100.0], [3951.25, 337.0], [3951.5, 493.0], [3951.75, 36502.0], [3952.0, 493.0], [3953.75, 487.0], [3954.5, 5.0], [3954.75, 493.0], [3955.5, 637.0], [3957.0, 493.0], [3957.25, 21572.0]]}}}
{"jsonrpc": "2.0", "method": "subscription", "params": {"channel": "book.ETH-17OCT25.none.20.100ms", "data": {"timestamp": 1760560280218, "change_id": 91683948817, "instrument_name": "ETH-17OCT25", "bids": [[3944.75, 160.0], [3944.0, 12580.0], [3943.75, 20000.0], [3943.5, 2546.0], [3943.25, 2546.0], [3942.5, 22000.0], [3941.75, 564.0], [3941.25, 564.0], [3939.25, 557.0], [3939.0, 6.0], [3938.75, 564.0], [3938.5, 14368.0], [3938.25, 557.0], [3937.25, 557.0], [3936.75, 557.0], [3936.25, 557.0], [3936.0, 6.0], [3935.75, 561.0], [3935.25, 556.0], [3934.25, 556.0]], "asks": [[3947.5, 1360.0], [3947.75, 32977.0], [3948.25, 2546.0], [3948.5, 2546.0], [3948.75, 2949.0], [3949.5, 12580.0], [3949.75, 150.0], [3950.25, 15145.0], [3950.75, 555.0], [3951.25, 22000.0], [3952.25, 555.0], [3952.5, 2000.0], [3953.25, 564.0], [3954.5, 5.0], [3958.25, 575.0], [3958.75, 878.0], [3959.5, 21572.0], [3959.75, 575.0], [3960.25, 961.0], [3962.25, 5.0]]}}}
