{"jsonrpc": "2.0", "id": 1, "result": ["book.ETH-6MAR26.none.20.100ms", "book.ETH-13MAR26.none.20.100ms"], "usIn": 1772570257183832, "usOut": 1772570257184095, "usDiff": 263, "testnet": false}
{"jsonrpc": "2.0", "method": "subscription", "params": {"channel": "book.ETH-6MAR26.none.20.100ms", "data": {"timestamp": 1772570257104, "change_id": 111785005001, "instrument_name": "ETH-6MAR26", "bids": [[1984.25, 1600.0], [1984.0, 3324.0], [1983.75, 4992.0], [1983.5, 1600.0], [1983.25, 8963.0], [1983.0, 40000.0], [1982.0, 5910.0], [1981.75, 19800.0], [1981.5, 2111.0], [1981.25, 7072.0], [1981.0, 5420.0], [1980.75, 18608.0], [1980.0, 18130.0], [1979.75, 60604.0], [1978.75, 40720.0], [1978.25, 80.0], [1978.0, 80.0], [1976.25, 66636.0], [1976.0, 40.0], [1973.5, 40000.0]], "asks": [[1984.5, 2225.0], [1984.75, 3040.0], [1985.0, 5967.0], [1985.25, 2078.0], [1985.5, 2315.0], [1985.75, 9387.0], [1986.0, 40236.0], [1986.5, 2140.0], [1986.75, 7168.0], [1987.75, 6086.0], [1988.0, 20388.0], [1988.5, 5839.0], [1988.75, 19562.0], [1989.5, 39916.0], [1990.0, 21826.0], [1990.25, 48.0], [1990.75, 48.0], [1991.0, 48.0], [1992.0, 40040.0], [1993.0, 100.0]]}}}
{"jsonrpc": "2.0", "method": "subscription", "params": {"channel": "book.ETH-13MAR26.none.20.100ms", "data": {"timestamp": 1772570256926, "change_id": 111785004409, "instrument_name": "ETH-13MAR26", "bids": [[1985.25, 536.0], [1985.0, 5967.0], [1984.75, 1331.0], [1984.5, 1000.0], [1984.25, 299.0], [1984.0, 1000.0], [1983.75, 500.0], [1983.5, 1000.0], [1983.25, 299.0], [1983.0, 1000.0], [1982.75, 1453.0], [1982.5, 4869.0], [1981.0, 12.0], [1980.75, 3967.0], [1980.5, 47874.0], [1980.25, 30048.0], [1980.0, 14568.0], [1978.0, 26636.0], [1977.75, 40000.0], [1973.0, 40000.0]], "asks": [[1985.75, 1657.0], [1986.0, 4978.0], [1986.25, 6852.0], [1989.0, 299.0], [1989.25, 2767.0], [1989.5, 4881.0], [1990.0, 6500.0], [1990.25, 21777.0], [1990.75, 30507.0], [1991.25, 15075.0], [1992.25, 20295.0], [1992.75, 5073.0], [1993.75, 29736.0], [1994.0, 29477.0], [1994.75, 40000.0], [1996.0, 1268.0], [1999.0, 40000.0], [2001.0, 29570.0], [2002.0, 40000.0], [2003.0, 19940.0]]}}}
{"jsonrpc": "2.0", "method": "subscription", "params": {"channel": "book.ETH-13MAR26.none.20.100ms", "data": {"timestamp": 1772570257451, "change_id": 111785005515, "instrument_name": "ETH-13MAR26", "bids": [[1985.25, 1161.0], [1985.0, 5342.0], [1984.75, 1331.0], [1984.5, 1000.0], [1984.25, 299.0], [1984.0, 1000.0], [1983.75, 500.0], [1983.5, 1000.0], [1983.25, 299.0], [1983.0, 1000.0], [1982.75, 4869.0], [1982.5, 14568.0], [1981.0, 12.0], [1980.75, 3967.0], [1980.5, 47874.0], [1980.25, 30048.0], [1978.0, 26636.0], [1977.75, 40000.0], [1973.0, 40000.0], [1972.75, 29260.0]], "asks": [[1985.75, 1000.0], [1986.0, 1465.0], [1986.25, 10895.0], [1988.25, 4500.0], [1988.5, 15075.0], [1988.75, 4881.0], [1989.0, 299.0], [1989.25, 1012.0], [1990.0, 6500.0], [1990.25, 21777.0], [1990.75, 30507.0], [1992.25, 20295.0], [1992.75, 5073.0], [1993.75, 29736.0], [1994.0, 29477.0], [1994.75, 40000.0], [1996.0, 1268.0], [1999.0, 40000.0], [2001.0, 29570.0], [2002.0, 40000.0]]}}}
{"jsonrpc": "2.0", "method": "subscription", "params": {"channel": "book.ETH-6MAR26.none.20.100ms", "data": {"timestamp": 1772570257483, "change_id": 111785005539, "instrument_name": "ETH-6MAR26", "bids": [[1984.25, 1600.0], [1984.0, 5771.0], [1983.75, 1075.0], [1983.5, 1600.0], [1983.25, 8963.0], [1983.0, 40000.0], [1982.25, 5910.0], [1982.0, 19800.0], [1981.5, 2111.0], [1981.25, 7072.0], [1981.0, 5420.0], [1980.75, 18608.0], [1980.0, 18130.0], [1979.75, 60604.0], [1978.75, 40720.0], [1978.25, 80.0], [1978.0, 80.0], [1976.25, 66636.0], [1976.0, 40.0], [1973.5, 40000.0]], "asks": [[1984.5, 1600.0], [1984.75, 3665.0], [1985.0, 5967.0], [1985.25, 2078.0], [1985.5, 2315.0], [1985.75, 9387.0], [1986.0, 40236.0], [1986.5, 22528.0], [1986.75, 7168.0], [1988.5, 5839.0], [1988.75, 19562.0], [1989.5, 39916.0], [1990.0, 21826.0], [1990.25, 48.0], [1990.75, 48.0], [1991.0, 48.0], [1992.0, 40040.0], [1993.0, 100.0], [1993.25, 40774.0], [1994.0, 100.0]]}}}
{"jsonrpc": "2.0", "method": "subscription", "params": {"channel": "book.ETH-13MAR26.none.20.100ms", "data": {"timestamp": 1772570257689, "change_id": 111785005829, "instrument_name": "ETH-13MAR26", "bids": [[1985.25, 2161.0], [1985.0, 5342.0], [1984.75, 1331.0], [1984.5, 1000.0], [1984.25, 299.0], [1984.0, 1000.0], [1983.75, 799.0], [1983.5, 1000.0], [1983.25, 299.0], [1983.0, 1000.0], [1982.75, 8010.0], [1982.5, 14568.0], [1981.0, 12.0], [1980.75, 2506.0], [1980.5, 47874.0], [1980.25, 30048.0], [1978.0, 26636.0], [1977.75, 40000.0], [1973.0, 40000.0], [1972.75, 29260.0]], "asks": [[1985.75, 1000.0], [1986.0, 1465.0], [1986.25, 4043.0], [1988.0, 1000.0], [1988.25, 4500.0], [1988.5, 15075.0], [1988.75, 4881.0], [1989.25, 12.0], [1990.0, 6500.0], [1990.25, 21777.0], [1990.75, 30507.0], [1992.25, 20295.0], [1992.75, 5073.0], [1993.75, 29736.0], [1994.0, 29477.0], [1994.75, 40000.0], [1996.0, 1268.0], [1999.0, 40000.0], [2001.0, 29570.0], [2002.0, 40000.0]]}}}
{"jsonrpc": "2.0", "method": "subscription", "params": {"channel": "book.ETH-6MAR26.none.20.100ms", "data": {"timestamp": 1772570257523, "change_id": 111785005599, "instrument_name": "ETH-6MAR26", "bids": [[1984.25, 1600.0], [1984.0, 5771.0], [1983.75, 1075.0], [1983.5, 1600.0], [1983.25, 8963.0], [1983.0, 40000.0], [1982.25, 5910.0], [1982.0, 19800.0], [1981.5, 2111.0], [1981.25, 7072.0], [1981.0, 5420.0], [1980.75, 18608.0], [1980.0, 18130.0], [1979.75, 60604.0], [1978.75, 40720.0], [1978.25, 80.0], [1978.0, 80.0], [1976.25, 66636.0], [1976.0, 40.0], [1973.5, 40000.0]], "asks": [[1984.5, 1600.0], [1984.75, 2225.0], [1985.0, 5967.0], [1985.25, 2078.0], [1985.5, 2315.0], [1985.75, 9387.0], [1986.0, 40236.0], [1986.25, 4277.0], [1986.5, 22528.0], [1986.75, 7168.0], [1988.5, 5839.0], [1988.75, 19562.0], [1989.5, 39916.0], [1990.0, 21826.0], [1990.25, 48.0], [1990.75, 48.0], [1991.0, 48.0], [1992.0, 40040.0], [1993.0, 100.0], [1993.25, 40774.0]]}}}
{"jsonrpc": "2.0", "method": "subscription", "params": {"channel": "book.ETH-13MAR26.none.20.100ms", "data": {"timestamp": 1772570258163, "change_id": 111785006864, "instrument_name": "ETH-13MAR26", "bids": [[1985.5, 4445.0], [1985.25, 1933.0], [1985.0, 1331.0], [1984.75, 1299.0], [1984.5, 1000.0], [1984.25, 299.0], [1984.0, 1000.0], [1983.75, 799.0], [1983.5, 1000.0], [1983.25, 299.0], [1983.0, 1000.0], [1982.75, 8010.0], [1982.5, 14568.0], [1981.0, 12.0], [1980.75, 823.0], [1980.5, 47874.0], [1980.25, 30048.0], [1978.0, 26636.0], [1977.75, 40000.0], [1973.0, 40000.0]], "asks": [[1986.5, 1767.0], [1986.75, 4043.0], [1988.0, 1000.0], [1988.25, 4500.0], [1988.5, 15075.0], [1988.75, 4881.0], [1989.25, 12.0], [1990.0, 6500.0], [1990.25, 21777.0], [1990.75, 30507.0], [1992.25, 20295.0], [1992.75, 5073.0], [1993.75, 29736.0], [1994.0, 29477.0], [1994.75, 40000.0], [1996.0, 1268.0], [1999.0, 40000.0], [2001.0, 29570.0], [2002.0, 40000.0], [2003.0, 19940.0]]}}}
{"jsonrpc": "2.0", "method": "subscription", "params": {"channel": "book.ETH-6MAR26.none.20.100ms", "data": {"timestamp": 1772570258111, "change_id": 111785006870, "instrument_name": "ETH-6MAR26", "bids": [[1984.25, 5979.0], [1984.0, 2265.0], [1983.75, 450.0], [1983.5, 1600.0], [1983.25, 8963.0], [1983.0, 40000.0], [1982.25, 5910.0], [1982.0, 19800.0], [1981.5, 2111.0], [1981.25, 7072.0], [1981.0, 5420.0], [1980.75, 18608.0], [1980.0, 18130.0], [1979.75, 60604.0], [1978.75, 40720.0], [1978.25, 80.0], [1978.0, 80.0], [1976.25, 66636.0], [1976.0, 40.0], [1973.5, 40000.0]], "asks": [[1984.75, 2225.0], [1985.0, 1600.0], [1985.25, 3019.0], [1985.5, 6232.0], [1985.75, 9387.0], [1986.0, 40236.0], [1986.25, 4277.0], [1986.5, 22528.0], [1987.75, 2129.0], [1988.0, 7134.0], [1988.5, 5839.0], [1988.75, 19562.0], [1989.5, 39916.0], [1990.0, 21826.0], [1990.25, 48.0], [1990.75, 48.0], [1991.0, 48.0], [1992.0, 40040.0], [1993.0, 100.0], [1993.25, 40774.0]]}}}
{"jsonrpc": "2.0", "method": "subscription", "params": {"channel": "book.ETH-13MAR26.none.20.100ms", "data": {"timestamp": 1772570258338, "change_id": 111785007220, "instrument_name": "ETH-13MAR26", "bids": [[1985.25, 4976.0], [1985.0, 1331.0], [1984.75, 1299.0], [1984.5, 1000.0], [1984.25, 299.0], [1984.0, 1000.0], [1983.75, 799.0], [1983.5, 1000.0], [1983.25, 299.0], [1983.0, 1000.0], [1982.75, 8010.0], [1982.5, 14568.0], [1981.0, 12.0], [1980.75, 823.0], [1980.5, 47874.0], [1980.25, 30048.0], [1978.0, 26636.0], [1977.75, 40000.0], [1973.0, 40000.0], [1972.75, 29260.0]], "asks": [[1986.0, 1495.0], [1986.25, 2463.0], [1986.5, 4043.0], [1988.0, 1000.0], [1988.25, 4500.0], [1988.5, 15075.0], [1988.75, 4881.0], [1989.25, 12.0], [1990.0, 6500.0], [1990.25, 21777.0], [1990.75, 30507.0], [1992.25, 20295.0], [1992.75, 5073.0], [1993.75, 29736.0], [1994.0, 29477.0], [1994.75, 40000.0], [1996.0, 1268.0], [1999.0, 40000.0], [2001.0, 29570.0], [2002.0, 40000.0]]}}}
{"jsonrpc": "2.0", "method": "subscription", "params": {"channel": "book.ETH-6MAR26.none.20.100ms", "data": {"timestamp": 1772570258489, "change_id": 111785007516, "instrument_name": "ETH-6MAR26", "bids": [[1984.25, 3386.0], [1984.0, 6182.0], [1983.75, 450.0], [1983.5, 1600.0], [1983.25, 8963.0], [1983.0, 40000.0], [1982.25, 5910.0], [1982.0, 19800.0], [1981.5, 2111.0], [1981.25, 7072.0], [1981.0, 5420.0], [1980.75, 18608.0], [1980.0, 18130.0], [1979.75, 60604.0], [1978.75, 40720.0], [1978.25, 80.0], [1978.0, 80.0], [1976.5, 51.0], [1976.25, 66636.0], [1976.0, 40.0]], "asks": [[1984.75, 2225.0], [1985.0, 5995.0], [1985.25, 2078.0], [1985.5, 2315.0], [1985.75, 9387.0], [1986.0, 40236.0], [1986.25, 4277.0], [1986.5, 22528.0], [1986.75, 7022.0], [1988.5, 5839.0], [1988.75, 19562.0], [1989.5, 39916.0], [1990.0, 21826.0], [1990.25, 48.0], [1990.75, 48.0], [1991.0, 48.0], [1992.0, 40040.0], [1993.0, 100.0], [1993.25, 40774.0], [1994.0, 100.0]]}}}
{"jsonrpc": "2.0", "method": "subscription", "params": {"channel": "book.ETH-13MAR26.none.20.100ms", "data": {"timestamp": 1772570258569, "change_id": 111785007599, "instrument_name": "ETH-13MAR26", "bids": [[1985.5, 207.0], [1985.25, 5976.0], [1985.0, 1331.0], [1984.75, 1299.0], [1984.5, 1000.0], [1984.25, 299.0], [1984.0, 1000.0], [1983.75, 799.0], [1983.5, 1000.0], [1983.25, 299.0], [1983.0, 1000.0], [1982.75, 8010.0], [1982.5, 14568.0], [1981.0, 12.0], [1980.75, 823.0], [1980.5, 47874.0], [1980.25, 30048.0], [1978.25, 25368.0], [1978.0, 1268.0], [1977.75, 40000.0]], "asks": [[1986.0, 1495.0], [1986.25, 2463.0], [1986.5, 4043.0], [1988.0, 1000.0], [1988.25, 5500.0], [1988.5, 15075.0], [1988.75, 4881.0], [1989.25, 12.0], [1990.0, 6500.0], [1990.25, 21777.0], [1990.75, 30507.0], [1992.25, 20295.0], [1992.75, 5073.0], [1993.75, 29736.0], [1994.0, 29477.0], [1994.75, 40000.0], [1996.0, 1268.0], [1999.0, 40000.0], [2001.0, 29570.0], [2002.0, 40000.0]]}}}
{"jsonrpc": "2.0", "method": "subscription", "params": {"channel": "book.ETH-13MAR26.none.20.100ms", "data": {"timestamp": 1772570259125, "change_id": 111785008391, "instrument_name": "ETH-13MAR26", "bids": [[1985.5, 207.0], [1985.25, 4976.0], [1985.0, 1331.0], [1984.75, 1299.0], [1984.5, 1000.0], [1984.25, 299.0], [1984.0, 1000.0], [1983.75, 799.0], [1983.5, 1000.0], [1983.25, 299.0], [1983.0, 2453.0], [1982.75, 8010.0], [1982.5, 14568.0], [1981.0, 12.0], [1980.75, 823.0], [1980.5, 47874.0], [1980.25, 30048.0], [1978.25, 25368.0], [1978.0, 1268.0], [1977.75, 40000.0]], "asks": [[1986.0, 1495.0], [1986.25, 2463.0], [1986.5, 4043.0], [1987.75, 299.0], [1988.0, 1000.0], [1988.25, 5500.0], [1988.5, 15075.0], [1988.75, 4881.0], [1989.25, 12.0], [1990.0, 6500.0], [1990.25, 21777.0], [1990.75, 30507.0], [1992.25, 20295.0], [1992.75, 5073.0], [1993.75, 29736.0], [1994.0, 29477.0], [1994.75, 40000.0], [1996.0, 1268.0], [1999.0, 40000.0], [2001.0, 29570.0]]}}}
{"jsonrpc": "2.0", "method": "subscription", "params": {"channel": "book.ETH-13MAR26.none.20.100ms", "data": {"timestamp": 1772570259466, "change_id": 111785009033, "instrument_name": "ETH-13MAR26", "bids": [[1985.25, 1173.0], [1985.0, 5374.0], [1984.75, 1299.0], [1984.5, 1000.0], [1984.25, 299.0], [1984.0, 1000.0], [1983.75, 799.0], [1983.5, 1000.0], [1983.25, 299.0], [1983.0, 2453.0], [1982.75, 8010.0], [1982.5, 14568.0], [1981.0, 12.0], [1980.75, 823.0], [1980.5, 47874.0], [1980.25, 30048.0], [1978.25, 25368.0], [1978.0, 1268.0], [1977.75, 40000.0], [1973.0, 40000.0]], "asks": [[1985.75, 1000.0], [1986.0, 2461.0], [1986.25, 5043.0], [1987.75, 299.0], [1988.0, 1000.0], [1988.25, 5500.0], [1988.5, 15075.0], [1988.75, 4881.0], [1989.25, 12.0], [1990.0, 6500.0], [1990.25, 21777.0], [1990.75, 30507.0], [1992.25, 20295.0], [1992.75, 5073.0], [1993.75, 29736.0], [1994.0, 29477.0], [1994.75, 40000.0], [1996.0, 1268.0], [1999.0, 40000.0], [2001.0, 29570.0]]}}}
{"jsonrpc": "2.0", "method": "subscription", "params": {"channel": "book.ETH-6MAR26.none.20.100ms", "data": {"timestamp": 1772570259481, "change_id": 111785009040, "instrument_name": "ETH-6MAR26", "bids": [[1984.25, 462.0], [1984.0, 2809.0], [1983.75, 4992.0], [1983.5, 1600.0], [1983.25, 8963.0], [1983.0, 40000.0], [1982.25, 5910.0], [1982.0, 19800.0], [1981.5, 2111.0], [1981.25, 7072.0], [1981.0, 5420.0], [1980.75, 18608.0], [1980.0, 18130.0], [1979.75, 60604.0], [1978.75, 40720.0], [1978.25, 80.0], [1978.0, 80.0], [1976.5, 51.0], [1976.25, 66636.0], [1976.0, 40.0]], "asks": [[1984.75, 2675.0], [1985.0, 5995.0], [1985.25, 2078.0], [1985.5, 2315.0], [1985.75, 9387.0], [1986.0, 40236.0], [1986.25, 4277.0], [1986.5, 22528.0], [1986.75, 7022.0], [1988.5, 5839.0], [1988.75, 19562.0], [1989.5, 39916.0], [1990.0, 21826.0], [1990.25, 48.0], [1990.75, 48.0], [1991.0, 48.0], [1992.0, 40040.0], [1993.0, 100.0], [1993.25, 40774.0], [1994.0, 100.0]]}}}
{"jsonrpc": "2.0", "method": "subscription", "params": {"channel": "book.ETH-13MAR26.none.20.100ms", "data": {"timestamp": 1772570259816, "change_id": 111785009393, "instrument_name": "ETH-13MAR26", "bids": [[1985.25, 2073.0], [1985.0, 5374.0], [1984.75, 1299.0], [1984.5, 1000.0], [1984.25, 299.0], [1984.0, 1000.0], [1983.75, 799.0], [1983.5, 1000.0], [1983.25, 1299.0], [1983.0, 2453.0], [1982.75, 8010.0], [1982.5, 14568.0], [1981.0, 12.0], [1980.75, 823.0], [1980.5, 47874.0], [1980.25, 30048.0], [1978.25, 25368.0], [1978.0, 1268.0], [1977.75, 40000.0], [1973.0, 40000.0]], "asks": [[1985.75, 1366.0], [1986.0, 2461.0], [1986.25, 4043.0], [1987.5, 1000.0], [1987.75, 299.0], [1988.0, 1000.0], [1988.25, 5500.0], [1988.5, 15075.0], [1988.75, 4881.0], [1989.25, 12.0], [1990.0, 6500.0], [1990.25, 21777.0], [1990.75, 30507.0], [1992.25, 20295.0], [1992.75, 5073.0], [1993.75, 29736.0], [1994.0, 29477.0], [1994.75, 40000.0], [1996.0, 1268.0], [1999.0, 40000.0]]}}}
{"jsonrpc": "2.0", "method": "subscription", "params": {"channel": "book.ETH-6MAR26.none.20.100ms", "data": {"timestamp": 1772570259687, "change_id": 111785009349, "instrument_name": "ETH-6MAR26", "bids": [[1984.25, 2062.0], [1984.0, 2809.0], [1983.75, 4992.0], [1983.5, 1600.0], [1983.25, 8963.0], [1983.0, 40000.0], [1982.25, 5910.0], [1982.0, 19800.0], [1981.5, 2111.0], [1981.25, 7072.0], [1981.0, 5420.0], [1980.75, 18608.0], [1980.0, 18130.0], [1979.75, 60604.0], [1978.75, 40720.0], [1978.25, 80.0], [1978.0, 80.0], [1976.5, 51.0], [1976.25, 66636.0], [1976.0, 40.0]], "asks": [[1984.75, 2675.0], [1985.0, 5995.0], [1985.25, 2078.0], [1985.5, 2315.0], [1985.75, 9387.0], [1986.0, 40236.0], [1986.25, 4277.0], [1986.5, 22528.0], [1986.75, 7022.0], [1988.5, 5839.0], [1988.75, 19562.0], [1989.5, 39916.0], [1990.0, 21826.0], [1990.25, 48.0], [1990.75, 48.0], [1991.0, 48.0], [1992.0, 40040.0], [1993.0, 100.0], [1993.25, 40774.0], [1994.0, 100.0]]}}}
{"jsonrpc": "2.0", "method": "subscription", "params": {"channel": "book.ETH-6MAR26.none.20.100ms", "data": {"timestamp": 1772570260125, "change_id": 111785009996, "instrument_name": "ETH-6MAR26", "bids": [[1984.25, 3200.0], [1984.0, 5771.0], [1983.75, 1075.0], [1983.5, 1600.0], [1983.25, 8963.0], [1983.0, 40000.0], [1982.25, 5910.0], [1982.0, 19800.0], [1981.5, 2111.0], [1981.25, 7072.0], [1981.0, 5420.0], [1980.75, 18608.0], [1980.0, 18130.0], [1979.75, 60604.0], [1978.75, 40720.0], [1978.25, 80.0], [1978.0, 80.0], [1976.5, 51.0], [1976.25, 66636.0], [1976.0, 40.0]], "asks": [[1984.75, 2675.0], [1985.0, 5995.0], [1985.25, 2078.0], [1985.5, 2315.0], [1985.75, 9387.0], [1986.0, 40236.0], [1986.25, 4277.0], [1986.5, 22528.0], [1986.75, 7022.0], [1988.5, 5839.0], [1988.75, 19562.0], [1989.5, 39916.0], [1990.0, 21826.0], [1990.25, 48.0], [1990.75, 48.0], [1991.0, 48.0], [1992.0, 40040.0], [1993.0, 151.0], [1993.25, 40774.0], [1994.0, 100.0]]}}}
{"jsonrpc": "2.0", "method": "subscription", "params": {"channel": "book.ETH-13MAR26.none.20.100ms", "data": {"timestamp": 1772570260034, "change_id": 111785009908, "instrument_name": "ETH-13MAR26", "bids": [[1985.25, 2073.0], [1985.0, 5374.0], [1984.75, 1299.0], [1984.5, 1000.0], [1984.25, 299.0], [1984.0, 1000.0], [1983.75, 799.0], [1983.5, 1000.0], [1983.25, 1299.0], [1983.0, 2453.0], [1982.75, 8010.0], [1982.5, 14568.0], [1981.0, 12.0], [1980.75, 823.0], [1980.5, 47874.0], [1980.25, 30048.0], [1978.25, 25368.0], [1978.0, 1268.0], [1977.75, 40000.0], [1973.0, 40000.0]], "asks": [[1985.75, 1000.0], [1986.0, 2461.0], [1986.25, 4043.0], [1987.5, 1000.0], [1987.75, 299.0], [1988.0, 1000.0], [1988.25, 5500.0], [1988.5, 15075.0], [1988.75, 4881.0], [1989.25, 12.0], [1990.0, 6500.0], [1990.25, 21777.0], [1990.75, 30507.0], [1992.25, 20295.0], [1992.75, 5073.0], [1993.75, 29736.0], [1994.0, 29477.0], [1994.75, 40000.0], [1996.0, 1268.0], [1999.0, 40000.0]]}}}
{"jsonrpc": "2.0", "method": "subscription", "params": {"channel": "book.ETH-13MAR26.none.20.100ms", "data": {"timestamp": 1772570260161, "change_id": 111785010005, "instrument_name": "ETH-13MAR26", "bids": [[1985.25, 2073.0], [1985.0, 5374.0], [1984.75, 1299.0], [1984.5, 1000.0], [1984.25, 299.0], [1984.0, 1000.0], [1983.75, 799.0], [1983.5, 1000.0], [1983.25, 1299.0], [1983.0, 2453.0], [1982.75, 8010.0], [1982.5, 14568.0], [1981.0, 12.0], [1980.75, 823.0], [1980.5, 47874.0], [1980.25, 30048.0], [1978.25, 25368.0], [1978.0, 1268.0], [1977.75, 40000.0], [1973.0, 40000.0]], "asks": [[1985.75, 1000.0], [1986.0, 2461.0], [1986.25, 4043.0], [1987.5, 1000.0], [1987.75, 299.0], [1988.0, 1000.0], [1988.25, 5500.0], [1988.5, 15075.0], [1988.75, 4881.0], [1989.25, 12.0], [1990.0, 6500.0], [1990.25, 21777.0], [1990.75, 30507.0], [1992.25, 20295.0], [1992.75, 5073.0], [1993.5, 51.0], [1993.75, 29736.0], [1994.0, 29477.0], [1994.75, 40000.0], [1996.0, 1268.0]]}}}
{"jsonrpc": "2.0", "method": "subscription", "params": {"channel": "book.ETH-6MAR26.none.20.100ms", "data": {"timestamp": 1772570260372, "change_id": 111785010170, "instrument_name": "ETH-6MAR26", "bids": [[1984.25, 3200.0], [1984.0, 5771.0], [1983.75, 1075.0], [1983.5, 1600.0], [1983.25, 8963.0], [1983.0, 40000.0], [1982.0, 5910.0], [1981.75, 19800.0], [1981.5, 2111.0], [1981.25, 7072.0], [1981.0, 5420.0], [1980.75, 18608.0], [1980.0, 18130.0], [1979.75, 60604.0], [1978.75, 40720.0], [1978.25, 80.0], [1978.0, 80.0], [1976.5, 51.0], [1976.25, 66636.0], [1976.0, 40.0]], "asks": [[1984.75, 2675.0], [1985.0, 5995.0], [1985.25, 2078.0], [1985.5, 2315.0], [1985.75, 9387.0], [1986.0, 40236.0], [1986.25, 4277.0], [1986.5, 22528.0], [1986.75, 7022.0], [1988.5, 5839.0], [1988.75, 19562.0], [1989.5, 39916.0], [1990.0, 21826.0], [1990.25, 48.0], [1990.75, 48.0], [1991.0, 48.0], [1992.0, 40040.0], [1993.0, 151.0], [1993.25, 40774.0], [1994.0, 100.0]]}}}
{"jsonrpc": "2.0", "method": "subscription", "params": {"channel": "book.ETH-13MAR26.none.20.100ms", "data": {"timestamp": 1772570260808, "change_id": 111785011664, "instrument_name": "ETH-13MAR26", "bids": [[1985.5, 5774.0], [1985.25, 2856.0], [1985.0, 1000.0], [1984.75, 299.0], [1984.5, 1000.0], [1984.25, 299.0], [1984.0, 1000.0], [1983.75, 500.0], [1983.5, 1000.0], [1983.25, 1000.0], [1983.0, 2453.0], [1982.75, 8010.0], [1982.5, 14568.0], [1981.0, 12.0], [1980.5, 47874.0], [1980.25, 30048.0], [1978.25, 25368.0], [1978.0, 1268.0], [1977.75, 40000.0], [1973.0, 40000.0]], "asks": [[1986.0, 1000.0], [1986.25, 956.0], [1986.5, 4043.0], [1987.25, 299.0], [1987.5, 1000.0], [1987.75, 299.0], [1988.0, 1000.0], [1988.25, 5126.0], [1988.5, 15075.0], [1988.75, 4881.0], [1989.25, 12.0], [1990.0, 6500.0], [1990.25, 21777.0], [1990.75, 30507.0], [1992.25, 20295.0], [1992.75, 5073.0], [1993.5, 51.0], [1993.75, 29736.0], [1994.0, 29477.0], [1994.75, 40000.0]]}}}
{"jsonrpc": "2.0", "method": "subscription", "params": {"channel": "book.ETH-6MAR26.none.20.100ms", "data": {"timestamp": 1772570260799, "change_id": 111785011650, "instrument_name": "ETH-6MAR26", "bids": [[1984.5, 3186.0], [1984.25, 5943.0], [1984.0, 2265.0], [1983.75, 450.0], [1983.5, 1600.0], [1983.25, 8963.0], [1983.0, 40000.0], [1982.0, 5910.0], [1981.75, 19800.0], [1981.5, 2111.0], [1981.25, 7072.0], [1981.0, 5420.0], [1980.75, 18608.0], [1980.0, 18130.0], [1979.75, 60604.0], [1978.75, 40720.0], [1978.25, 80.0], [1978.0, 80.0], [1976.5, 51.0], [1976.25, 66636.0]], "asks": [[1985.0, 2264.0], [1985.25, 6620.0], [1985.5, 2315.0], [1985.75, 9387.0], [1986.0, 40236.0], [1986.25, 4277.0], [1986.5, 22528.0], [1987.75, 2167.0], [1988.0, 7258.0], [1988.5, 5839.0], [1988.75, 19562.0], [1989.5, 39916.0], [1990.0, 21826.0], [1990.25, 48.0], [1990.75, 48.0], [1991.0, 48.0], [1992.0, 40040.0], [1993.0, 151.0], [1993.25, 40774.0], [1994.0, 100.0]]}}}
{"jsonrpc": "2.0", "method": "subscription", "params": {"channel": "book.ETH-13MAR26.none.20.100ms", "data": {"timestamp": 1772570261128, "change_id": 111785012621, "instrument_name": "ETH-13MAR26", "bids": [[1985.5, 6399.0], [1985.25, 2231.0], [1985.0, 1000.0], [1984.75, 299.0], [1984.5, 1000.0], [1984.25, 299.0], [1984.0, 1000.0], [1983.75, 500.0], [1983.5, 1000.0], [1983.25, 1000.0], [1983.0, 2453.0], [1982.75, 8010.0], [1982.5, 14568.0], [1981.0, 12.0], [1980.5, 47874.0], [1980.25, 30048.0], [1978.5, 20295.0], [1978.25, 6341.0], [1977.75, 40000.0], [1973.0, 40000.0]], "asks": [[1986.0, 1000.0], [1986.25, 956.0], [1986.5, 4668.0], [1987.25, 299.0], [1987.5, 1000.0], [1987.75, 299.0], [1988.0, 1000.0], [1988.25, 5126.0], [1988.5, 15075.0], [1988.75, 4881.0], [1989.0, 3.0], [1989.25, 12.0], [1990.0, 6500.0], [1990.25, 21777.0], [1990.75, 30507.0], [1992.25, 20295.0], [1992.75, 5073.0], [1993.5, 51.0], [1993.75, 29736.0], [1994.0, 29477.0]]}}}
{"jsonrpc": "2.0", "method": "subscription", "params": {"channel": "book.ETH-6MAR26.none.20.100ms", "data": {"timestamp": 1772570260954, "change_id": 111785012016, "instrument_name": "ETH-6MAR26", "bids": [[1984.5, 3186.0], [1984.25, 5943.0], [1984.0, 2265.0], [1983.75, 450.0], [1983.5, 1600.0], [1983.25, 8963.0], [1983.0, 40000.0], [1982.0, 5910.0], [1981.75, 19800.0], [1981.5, 2111.0], [1981.25, 7072.0], [1981.0, 5420.0], [1980.75, 18608.0], [1980.0, 18130.0], [1979.75, 60604.0], [1978.75, 40720.0], [1978.25, 80.0], [1978.0, 80.0], [1976.5, 51.0], [1976.25, 66636.0]], "asks": [[1985.0, 2225.0], [1985.25, 5995.0], [1985.5, 2315.0], [1985.75, 9387.0], [1986.0, 40236.0], [1986.25, 4277.0], [1986.5, 22528.0], [1986.75, 7298.0], [1988.5, 5839.0], [1988.75, 19562.0], [1989.25, 11915.0], [1989.5, 39916.0], [1990.0, 21826.0], [1990.25, 48.0], [1990.75, 48.0], [1991.0, 48.0], [1992.0, 40040.0], [1993.0, 151.0], [1993.25, 40774.0], [1994.0, 100.0]]}}}
{"jsonrpc": "2.0", "method": "subscription", "params": {"channel": "book.ETH-13MAR26.none.20.100ms", "data": {"timestamp": 1772570261797, "change_id": 111785013400, "instrument_name": "ETH-13MAR26", "bids": [[1985.75, 1501.0], [1985.5, 5921.0], [1985.25, 1331.0], [1985.0, 1000.0], [1984.75, 299.0], [1984.5, 1000.0], [1984.25, 299.0], [1984.0, 1000.0], [1983.75, 500.0], [1983.5, 299.0], [1983.25, 1000.0], [1983.0, 5869.0], [1982.75, 3141.0], [1982.5, 14568.0], [1981.0, 12.0], [1980.5, 47874.0], [1980.25, 30048.0], [1978.5, 20295.0], [1978.25, 6341.0], [1977.75, 40000.0]], "asks": [[1986.25, 32.0], [1986.5, 1590.0], [1986.75, 4043.0], [1987.25, 299.0], [1987.5, 1000.0], [1987.75, 299.0], [1988.0, 1299.0], [1988.25, 5126.0], [1988.5, 15075.0], [1988.75, 4881.0], [1989.0, 3.0], [1989.25, 12.0], [1990.0, 6500.0], [1990.25, 21777.0], [1990.75, 30507.0], [1992.25, 20295.0], [1992.75, 5073.0], [1993.5, 51.0], [1993.75, 29736.0], [1994.0, 29477.0]]}}}
{"jsonrpc": "2.0", "method": "subscription", "params": {"channel": "book.ETH-6MAR26.none.20.100ms", "data": {"timestamp": 1772570261758, "change_id": 111785013343, "instrument_name": "ETH-6MAR26", "bids": [[1984.5, 3186.0], [1984.25, 5943.0], [1984.0, 2265.0], [1983.75, 450.0], [1983.5, 1600.0], [1983.25, 8963.0], [1983.0, 40000.0], [1982.0, 5910.0], [1981.75, 19800.0], [1981.5, 2111.0], [1981.25, 7072.0], [1981.0, 5420.0], [1980.75, 18608.0], [1980.0, 18130.0], [1979.75, 60604.0], [1978.75, 40720.0], [1978.25, 80.0], [1978.0, 80.0], [1976.5, 51.0], [1976.25, 66636.0]], "asks": [[1985.0, 2225.0], [1985.25, 5995.0], [1985.5, 2315.0], [1985.75, 2600.0], [1986.25, 8836.0], [1986.5, 62528.0], [1986.75, 7298.0], [1988.5, 5839.0], [1988.75, 19562.0], [1989.25, 11915.0], [1989.5, 39916.0], [1990.0, 21826.0], [1990.25, 48.0], [1990.75, 48.0], [1991.0, 48.0], [1992.0, 40040.0], [1993.0, 151.0], [1993.25, 40774.0], [1994.0, 100.0], [1994.25, 60718.0]]}}}
{"jsonrpc": "2.0", "method": "subscription", "params": {"channel": "book.ETH-13MAR26.none.20.100ms", "data": {"timestamp": 1772570262122, "change_id": 111785014103, "instrument_name": "ETH-13MAR26", "bids": [[1985.75, 501.0], [1985.5, 5921.0], [1985.25, 1331.0], [1985.0, 1000.0], [1984.75, 299.0], [1984.5, 1000.0], [1984.25, 299.0], [1984.0, 1000.0], [1983.75, 500.0], [1983.5, 299.0], [1983.25, 1000.0], [1983.0, 5869.0], [1982.75, 3141.0], [1982.5, 14568.0], [1981.0, 12.0], [1980.5, 47874.0], [1980.25, 30048.0], [1978.5, 26636.0], [1977.75, 40000.0], [1973.0, 40000.0]], "asks": [[1986.25, 32.0], [1986.5, 1590.0], [1986.75, 4043.0], [1987.25, 299.0], [1987.5, 1000.0], [1987.75, 299.0], [1988.0, 1299.0], [1988.25, 5126.0], [1988.5, 15075.0], [1988.75, 4881.0], [1989.0, 3.0], [1989.25, 12.0], [1990.0, 6500.0], [1990.25, 21777.0], [1990.75, 30507.0], [1992.25, 20295.0], [1992.75, 5073.0], [1993.5, 51.0], [1993.75, 29736.0], [1994.0, 29477.0]]}}}
{"jsonrpc": "2.0", "method": "subscription", "params": {"channel": "book.ETH-6MAR26.none.20.100ms", "data": {"timestamp": 1772570261831, "change_id": 111785013423, "instrument_name": "ETH-6MAR26", "bids": [[1984.5, 3186.0], [1984.25, 6568.0], [1984.0, 1640.0], [1983.75, 450.0], [1983.5, 1600.0], [1983.25, 8963.0], [1983.0, 40000.0], [1982.0, 5910.0], [1981.75, 19800.0], [1981.5, 2111.0], [1981.25, 7072.0], [1981.0, 5420.0], [1980.75, 18608.0], [1980.0, 18130.0], [1979.75, 60604.0], [1978.75, 40720.0], [1978.25, 80.0], [1978.0, 80.0], [1976.5, 51.0], [1976.25, 66636.0]], "asks": [[1985.0, 2225.0], [1985.25, 2078.0], [1985.5, 6232.0], [1985.75, 2600.0], [1986.25, 8836.0], [1986.5, 62528.0], [1986.75, 7298.0], [1988.5, 5839.0], [1988.75, 19562.0], [1989.25, 11915.0], [1989.5, 39916.0], [1990.0, 21826.0], [1990.25, 48.0], [1990.75, 48.0], [1991.0, 48.0], [1992.0, 40040.0], [1993.0, 151.0], [1993.25, 40774.0], [1994.0, 100.0], [1994.25, 60718.0]]}}}
{"jsonrpc": "2.0", "method": "subscription", "params": {"channel": "book.ETH-13MAR26.none.20.100ms", "data": {"timestamp": 1772570262523, "change_id": 111785014474, "instrument_name": "ETH-13MAR26", "bids": [[1985.75, 1501.0], [1985.5, 5921.0], [1985.25, 1331.0], [1985.0, 1000.0], [1984.75, 299.0], [1984.5, 1000.0], [1984.25, 299.0], [1984.0, 1000.0], [1983.75, 1500.0], [1983.5, 299.0], [1983.25, 1000.0], [1983.0, 5869.0], [1982.75, 3141.0], [1982.5, 14568.0], [1981.0, 12.0], [1980.5, 47874.0], [1980.25, 30048.0], [1978.5, 26636.0], [1977.75, 40000.0], [1973.0, 40000.0]], "asks": [[1986.25, 1032.0], [1986.5, 1590.0], [1986.75, 4043.0], [1987.25, 299.0], [1987.5, 1000.0], [1987.75, 1299.0], [1988.0, 1299.0], [1988.25, 5126.0], [1988.5, 15075.0], [1988.75, 4881.0], [1989.0, 3.0], [1989.25, 12.0], [1990.0, 6500.0], [1990.25, 21777.0], [1990.75, 30507.0], [1992.25, 20295.0], [1992.75, 5073.0], [1993.5, 51.0], [1993.75, 29736.0], [1994.0, 29477.0]]}}}
{"jsonrpc": "2.0", "method": "subscription", "params": {"channel": "book.ETH-6MAR26.none.20.100ms", "data": {"timestamp": 1772570262656, "change_id": 111785014698, "instrument_name": "ETH-6MAR26", "bids": [[1984.5, 3186.0], [1984.25, 6568.0], [1984.0, 1640.0], [1983.75, 450.0], [1983.5, 1600.0], [1983.25, 8963.0], [1983.0, 40000.0], [1982.0, 5910.0], [1981.75, 19800.0], [1981.5, 2111.0], [1981.25, 7072.0], [1981.0, 5420.0], [1980.75, 18608.0], [1980.0, 18130.0], [1979.75, 60604.0], [1978.75, 40720.0], [1978.25, 80.0], [1978.0, 80.0], [1976.5, 51.0], [1976.25, 66636.0]], "asks": [[1985.0, 2225.0], [1985.25, 3186.0], [1985.5, 5731.0], [1985.75, 1478.0], [1986.0, 1600.0], [1986.25, 8836.0], [1986.5, 62528.0], [1986.75, 7298.0], [1988.5, 5839.0], [1988.75, 19562.0], [1989.25, 11915.0], [1989.5, 39916.0], [1990.0, 21826.0], [1990.25, 48.0], [1990.75, 48.0], [1991.0, 48.0], [1992.0, 40040.0], [1993.0, 151.0], [1993.25, 40774.0], [1994.0, 100.0]]}}}
{"jsonrpc": "2.0", "method": "subscription", "params": {"channel": "book.ETH-6MAR26.none.20.100ms", "data": {"timestamp": 1772570263375, "change_id": 111785015518, "instrument_name": "ETH-6MAR26", "bids": [[1984.5, 5995.0], [1984.25, 2651.0], [1984.0, 1640.0], [1983.75, 450.0], [1983.5, 1600.0], [1983.25, 8963.0], [1983.0, 40000.0], [1982.5, 5910.0], [1982.25, 19800.0], [1981.5, 2111.0], [1981.25, 7072.0], [1981.0, 5420.0], [1980.75, 18608.0], [1980.25, 12.0], [1980.0, 18130.0], [1979.75, 60604.0], [1978.75, 40720.0], [1978.25, 80.0], [1978.0, 80.0], [1976.5, 51.0]], "asks": [[1985.0, 2225.0], [1985.25, 3186.0], [1985.5, 5731.0], [1985.75, 1478.0], [1986.0, 1600.0], [1986.25, 8836.0], [1986.5, 62528.0], [1986.75, 7298.0], [1988.5, 5839.0], [1988.75, 19562.0], [1989.25, 11915.0], [1989.5, 39916.0], [1990.0, 21826.0], [1990.25, 48.0], [1990.75, 48.0], [1991.0, 48.0], [1992.0, 40040.0], [1993.0, 151.0], [1993.25, 40774.0], [1994.0, 100.0]]}}}
{"jsonrpc": "2.0", "method": "subscription", "params": {"channel": "book.ETH-13MAR26.none.20.100ms", "data": {"timestamp": 1772570263953, "change_id": 111785016083, "instrument_name": "ETH-13MAR26", "bids": [[1985.75, 501.0], [1985.5, 5921.0], [1985.25, 1331.0], [1985.0, 1000.0], [1984.75, 299.0], [1984.5, 1000.0], [1984.25, 299.0], [1984.0, 1448.0], [1983.75, 1500.0], [1983.5, 299.0], [1983.25, 1000.0], [1983.0, 5869.0], [1982.75, 3141.0], [1982.5, 14568.0], [1981.0, 12.0], [1980.5, 47874.0], [1980.25, 30048.0], [1978.5, 26636.0], [1977.75, 40000.0], [1973.0, 40000.0]], "asks": [[1986.25, 1032.0], [1986.5, 1590.0], [1986.75, 4043.0], [1987.25, 299.0], [1987.5, 1299.0], [1987.75, 1299.0], [1988.0, 1299.0], [1988.25, 5126.0], [1988.5, 15075.0], [1988.75, 4881.0], [1989.0, 3.0], [1989.25, 12.0], [1990.0, 6500.0], [1990.25, 21777.0], [1990.75, 30507.0], [1992.25, 20295.0], [1992.75, 5073.0], [1993.5, 51.0], [1993.75, 29736.0], [1994.0, 29477.0]]}}}
{"jsonrpc": "2.0", "method": "subscription", "params": {"channel": "book.ETH-13MAR26.none.20.100ms", "data": {"timestamp": 1772570264751, "change_id": 111785017023, "instrument_name": "ETH-13MAR26", "bids": [[1985.75, 501.0], [1985.5, 5921.0], [1985.25, 1331.0], [1985.0, 1000.0], [1984.75, 299.0], [1984.5, 1000.0], [1984.25, 1299.0], [1984.0, 1448.0], [1983.75, 1500.0], [1983.5, 299.0], [1983.25, 1000.0], [1983.0, 5869.0], [1982.75, 3141.0], [1982.5, 14568.0], [1981.0, 12.0], [1980.5, 47874.0], [1980.25, 30048.0], [1978.5, 26636.0], [1977.75, 40000.0], [1973.0, 40000.0]], "asks": [[1986.25, 1032.0], [1986.5, 1590.0], [1986.75, 4043.0], [1987.25, 299.0], [1987.5, 1299.0], [1987.75, 1299.0], [1988.0, 1299.0], [1988.25, 5126.0], [1988.5, 15075.0], [1988.75, 4881.0], [1989.0, 3.0], [1989.25, 12.0], [1990.0, 6500.0], [1990.25, 21777.0], [1990.75, 30507.0], [1992.25, 20295.0], [1992.75, 5073.0], [1993.5, 51.0], [1993.75, 29736.0], [1994.0, 29477.0]]}}}
{"jsonrpc": "2.0", "method": "subscription", "params": {"channel": "book.ETH-6MAR26.none.20.100ms", "data": {"timestamp": 1772570264478, "change_id": 111785016761, "instrument_name": "ETH-6MAR26", "bids": [[1984.5, 5995.0], [1984.25, 2651.0], [1984.0, 1640.0], [1983.75, 450.0], [1983.5, 1600.0], [1983.25, 8963.0], [1983.0, 40000.0], [1982.5, 5910.0], [1982.25, 19800.0], [1981.5, 2111.0], [1981.25, 7072.0], [1981.0, 5420.0], [1980.75, 18608.0], [1980.25, 12.0], [1980.0, 18130.0], [1979.75, 60604.0], [1978.75, 40720.0], [1978.25, 80.0], [1978.0, 80.0], [1976.5, 51.0]], "asks": [[1985.0, 2225.0], [1985.25, 3186.0], [1985.5, 5731.0], [1985.75, 1478.0], [1986.0, 1600.0], [1986.25, 8836.0], [1986.5, 62528.0], [1986.75, 7298.0], [1988.5, 5839.0], [1988.75, 19562.0], [1989.25, 11915.0], [1989.5, 39916.0], [1990.0, 21826.0], [1990.25, 48.0], [1990.75, 48.0], [1991.0, 48.0], [1992.0, 40040.0], [1993.0, 151.0], [1993.25, 40774.0], [1994.0, 100.0]]}}}
{"jsonrpc": "2.0", "method": "subscription", "params": {"channel": "book.ETH-13MAR26.none.20.100ms", "data": {"timestamp": 1772570265002, "change_id": 111785017565, "instrument_name": "ETH-13MAR26", "bids": [[1985.75, 501.0], [1985.5, 5921.0], [1985.25, 1331.0], [1985.0, 1000.0], [1984.75, 299.0], [1984.5, 1299.0], [1984.25, 1299.0], [1984.0, 1448.0], [1983.75, 1500.0], [1983.5, 299.0], [1983.25, 2752.0], [1983.0, 5869.0], [1982.75, 3141.0], [1982.5, 14568.0], [1981.0, 12.0], [1980.5, 47874.0], [1980.25, 30048.0], [1978.5, 26636.0], [1977.75, 40000.0], [1973.0, 40000.0]], "asks": [[1986.25, 1657.0], [1986.5, 965.0], [1986.75, 4043.0], [1987.25, 299.0], [1987.5, 1299.0], [1987.75, 1299.0], [1988.0, 1299.0], [1988.25, 5126.0], [1988.5, 15075.0], [1988.75, 4881.0], [1989.0, 3.0], [1989.25, 12.0], [1990.0, 6500.0], [1990.25, 21777.0], [1990.75, 30507.0], [1992.25, 20295.0], [1992.75, 5073.0], [1993.5, 51.0], [1993.75, 29736.0], [1994.0, 29477.0]]}}}
{"jsonrpc": "2.0", "method": "subscription", "params": {"channel": "book.ETH-6MAR26.none.20.100ms", "data": {"timestamp": 1772570264960, "change_id": 111785017242, "instrument_name": "ETH-6MAR26", "bids": [[1984.5, 3372.0], [1984.25, 6568.0], [1984.0, 1640.0], [1983.75, 450.0], [1983.5, 1600.0], [1983.25, 8963.0], [1983.0, 40000.0], [1982.5, 5910.0], [1982.25, 19800.0], [1981.5, 2111.0], [1981.25, 7072.0], [1981.0, 5420.0], [1980.75, 18608.0], [1980.25, 12.0], [1980.0, 18130.0], [1979.75, 60604.0], [1978.75, 40720.0], [1978.25, 80.0], [1978.0, 80.0], [1976.5, 51.0]], "asks": [[1985.0, 2225.0], [1985.25, 3186.0], [1985.5, 5731.0], [1985.75, 1478.0], [1986.0, 1600.0], [1986.25, 8836.0], [1986.5, 62528.0], [1986.75, 7298.0], [1988.5, 5839.0], [1988.75, 19562.0], [1989.25, 11915.0], [1989.5, 39916.0], [1990.0, 21826.0], [1990.25, 48.0], [1990.75, 48.0], [1991.0, 48.0], [1992.0, 40040.0], [1993.0, 151.0], [1993.25, 40774.0], [1994.0, 100.0]]}}}
{"jsonrpc": "2.0", "method": "subscription", "params": {"channel": "book.ETH-13MAR26.none.20.100ms", "data": {"timestamp": 1772570265437, "change_id": 111785017901, "instrument_name": "ETH-13MAR26", "bids": [[1985.75, 501.0], [1985.5, 5921.0], [1985.25, 1331.0], [1985.0, 1000.0], [1984.75, 299.0], [1984.5, 1299.0], [1984.25, 1299.0], [1984.0, 1448.0], [1983.75, 1500.0], [1983.5, 299.0], [1983.25, 2752.0], [1983.0, 5869.0], [1982.75, 3141.0], [1982.5, 14568.0], [1981.0, 12.0], [1980.5, 47874.0], [1980.25, 30048.0], [1978.75, 51.0], [1978.5, 26636.0], [1977.75, 40000.0]], "asks": [[1986.25, 1657.0], [1986.5, 965.0], [1986.75, 4043.0], [1987.25, 299.0], [1987.5, 1299.0], [1987.75, 1299.0], [1988.0, 1299.0], [1988.25, 5126.0], [1988.5, 15075.0], [1988.75, 4881.0], [1989.0, 3.0], [1989.25, 12.0], [1990.0, 6500.0], [1990.25, 21777.0], [1990.75, 30507.0], [1992.25, 20295.0], [1992.75, 5073.0], [1993.5, 51.0], [1993.75, 29736.0], [1994.0, 29477.0]]}}}
{"jsonrpc": "2.0", "method": "subscription", "params": {"channel": "book.ETH-13MAR26.none.20.100ms", "data": {"timestamp": 1772570265770, "change_id": 111785018313, "instrument_name": "ETH-13MAR26", "bids": [[1985.75, 1501.0], [1985.5, 5921.0], [1985.25, 1331.0], [1985.0, 1000.0], [1984.75, 299.0], [1984.5, 1299.0], [1984.25, 1299.0], [1984.0, 1448.0], [1983.75, 1500.0], [1983.5, 5168.0], [1983.0, 1000.0], [1982.75, 3141.0], [1982.5, 14568.0], [1981.0, 12.0], [1980.5, 47874.0], [1980.25, 30048.0], [1978.75, 20346.0], [1978.5, 6341.0], [1977.75, 40000.0], [1973.0, 40000.0]], "asks": [[1986.25, 1657.0], [1986.5, 965.0], [1986.75, 4043.0], [1987.25, 299.0], [1987.5, 1299.0], [1987.75, 1299.0], [1988.0, 1299.0], [1988.25, 5126.0], [1988.5, 15075.0], [1988.75, 4881.0], [1989.0, 3.0], [1989.25, 12.0], [1990.0, 6500.0], [1990.25, 21777.0], [1990.75, 30507.0], [1992.25, 20295.0], [1992.75, 5073.0], [1993.5, 51.0], [1993.75, 29736.0], [1994.0, 29477.0]]}}}
{"jsonrpc": "2.0", "method": "subscription", "params": {"channel": "book.ETH-6MAR26.none.20.100ms", "data": {"timestamp": 1772570265490, "change_id": 111785018019, "instrument_name": "ETH-6MAR26", "bids": [[1984.5, 3372.0], [1984.25, 6568.0], [1984.0, 1640.0], [1983.75, 450.0], [1983.5, 1600.0], [1983.25, 8963.0], [1983.0, 40000.0], [1982.75, 5910.0], [1982.5, 19800.0], [1981.5, 2111.0], [1981.25, 7072.0], [1981.0, 5420.0], [1980.75, 18608.0], [1980.25, 12.0], [1980.0, 18130.0], [1979.75, 60604.0], [1978.75, 40720.0], [1978.25, 80.0], [1978.0, 80.0], [1976.5, 51.0]], "asks": [[1985.0, 2225.0], [1985.25, 3186.0], [1985.5, 5731.0], [1985.75, 1478.0], [1986.0, 1600.0], [1986.25, 8836.0], [1986.5, 62528.0], [1986.75, 7298.0], [1988.5, 5839.0], [1988.75, 19562.0], [1989.25, 11915.0], [1989.5, 39916.0], [1990.0, 21826.0], [1990.25, 48.0], [1990.75, 48.0], [1991.0, 48.0], [1992.0, 40040.0], [1993.0, 151.0], [1993.25, 40774.0], [1994.0, 100.0]]}}}
{"jsonrpc": "2.0", "method": "subscription", "params": {"channel": "book.ETH-6MAR26.none.20.100ms", "data": {"timestamp": 1772570265873, "change_id": 111785018330, "instrument_name": "ETH-6MAR26", "bids": [[1984.5, 3372.0], [1984.25, 6568.0], [1984.0, 1640.0], [1983.75, 450.0], [1983.5, 1600.0], [1983.25, 8963.0], [1983.0, 40000.0], [1982.75, 5910.0], [1982.5, 19800.0], [1981.5, 2111.0], [1981.25, 7072.0], [1981.0, 5420.0], [1980.75, 18608.0], [1980.25, 12.0], [1980.0, 18130.0], [1979.75, 60604.0], [1978.75, 40720.0], [1978.25, 80.0], [1978.0, 80.0], [1976.5, 51.0]], "asks": [[1985.0, 2225.0], [1985.25, 3186.0], [1985.5, 5731.0], [1985.75, 1478.0], [1986.0, 1600.0], [1986.25, 8836.0], [1986.5, 62528.0], [1986.75, 7298.0], [1988.5, 5839.0], [1988.75, 19562.0], [1989.25, 11915.0], [1989.5, 39916.0], [1990.0, 21826.0], [1990.25, 48.0], [1990.75, 48.0], [1991.0, 48.0], [1991.75, 12.0], [1992.0, 40040.0], [1993.0, 151.0], [1993.25, 40774.0]]}}}
{"jsonrpc": "2.0", "method": "subscription", "params": {"channel": "book.ETH-13MAR26.none.20.100ms", "data": {"timestamp": 1772570266411, "change_id": 111785019063, "instrument_name": "ETH-13MAR26", "bids": [[1985.5, 5921.0], [1985.25, 1331.0], [1985.0, 1000.0], [1984.75, 299.0], [1984.5, 1299.0], [1984.25, 1299.0], [1984.0, 1448.0], [1983.75, 2953.0], [1983.5, 5168.0], [1983.0, 1000.0], [1982.75, 3141.0], [1982.5, 14568.0], [1981.0, 12.0], [1980.5, 47874.0], [1980.25, 30048.0], [1978.75, 20346.0], [1978.5, 6341.0], [1977.75, 40000.0], [1973.0, 40000.0], [1972.75, 29260.0]], "asks": [[1986.0, 1000.0], [1986.25, 2530.0], [1986.5, 4043.0], [1987.25, 299.0], [1987.5, 1299.0], [1987.75, 1299.0], [1988.0, 1299.0], [1988.25, 5126.0], [1988.5, 15075.0], [1988.75, 4881.0], [1989.0, 3.0], [1989.25, 12.0], [1990.0, 6500.0], [1990.25, 21777.0], [1990.75, 30507.0], [1992.25, 20295.0], [1992.75, 5073.0], [1993.5, 51.0], [1993.75, 29736.0], [1994.0, 29477.0]]}}}
{"jsonrpc": "2.0", "method": "subscription", "params": {"channel": "book.ETH-6MAR26.none.20.100ms", "data": {"timestamp": 1772570266410, "change_id": 111785019061, "instrument_name": "ETH-6MAR26", "bids": [[1984.5, 3372.0], [1984.25, 6568.0], [1984.0, 1640.0], [1983.75, 450.0], [1983.5, 1600.0], [1983.25, 8963.0], [1983.0, 40000.0], [1982.75, 5910.0], [1982.5, 19800.0], [1981.5, 2111.0], [1981.25, 7072.0], [1981.0, 5420.0], [1980.75, 18608.0], [1980.25, 12.0], [1980.0, 18130.0], [1979.75, 60604.0], [1978.75, 40720.0], [1978.25, 80.0], [1978.0, 80.0], [1976.5, 51.0]], "asks": [[1985.0, 2225.0], [1985.25, 5995.0], [1985.5, 1814.0], [1985.75, 1478.0], [1986.0, 1600.0], [1986.25, 8836.0], [1986.5, 62528.0], [1986.75, 7298.0], [1988.5, 5839.0], [1988.75, 19562.0], [1989.25, 11915.0], [1989.5, 39916.0], [1990.0, 21826.0], [1990.25, 48.0], [1990.75, 48.0], [1991.0, 48.0], [1991.75, 12.0], [1992.0, 40040.0], [1993.0, 151.0], [1993.25, 40774.0]]}}}
{"jsonrpc": "2.0", "method": "subscription", "params": {"channel": "book.ETH-13MAR26.none.20.100ms", "data": {"timestamp": 1772570266636, "change_id": 111785019262, "instrument_name": "ETH-13MAR26", "bids": [[1985.5, 5921.0], [1985.25, 1331.0], [1985.0, 1000.0], [1984.75, 299.0], [1984.5, 1299.0], [1984.25, 1299.0], [1984.0, 1448.0], [1983.75, 2953.0], [1983.5, 5168.0], [1983.0, 1000.0], [1982.75, 3141.0], [1982.5, 14568.0], [1981.0, 12.0], [1980.5, 47874.0], [1980.25, 30048.0], [1978.75, 20346.0], [1978.5, 6341.0], [1977.75, 40000.0], [1973.0, 40000.0], [1972.75, 29260.0]], "asks": [[1986.0, 1000.0], [1986.25, 2530.0], [1986.5, 10896.0], [1987.25, 299.0], [1987.5, 1299.0], [1987.75, 1299.0], [1988.0, 1299.0], [1988.25, 5126.0], [1988.5, 15075.0], [1988.75, 4881.0], [1989.0, 3.0], [1989.25, 12.0], [1990.0, 6500.0], [1990.25, 21777.0], [1990.75, 30507.0], [1991.75, 20295.0], [1992.75, 5073.0], [1993.5, 51.0], [1993.75, 29736.0], [1994.0, 29477.0]]}}}
{"jsonrpc": "2.0", "method": "subscription", "params": {"channel": "book.ETH-6MAR26.none.20.100ms", "data": {"timestamp": 1772570266544, "change_id": 111785019222, "instrument_name": "ETH-6MAR26", "bids": [[1984.5, 3372.0], [1984.25, 6568.0], [1984.0, 1640.0], [1983.75, 450.0], [1983.5, 1600.0], [1983.25, 8963.0], [1983.0, 40000.0], [1982.75, 5910.0], [1982.5, 19800.0], [1981.5, 2111.0], [1981.25, 7072.0], [1981.0, 5420.0], [1980.75, 18608.0], [1980.25, 12.0], [1980.0, 18130.0], [1979.75, 60604.0], [1978.75, 40720.0], [1978.25, 80.0], [1978.0, 80.0], [1976.5, 51.0]], "asks": [[1985.0, 2225.0], [1985.25, 12843.0], [1985.5, 1814.0], [1985.75, 1478.0], [1986.0, 1600.0], [1986.25, 8836.0], [1986.5, 62528.0], [1986.75, 7298.0], [1988.5, 5839.0], [1988.75, 19562.0], [1989.25, 11915.0], [1989.5, 39916.0], [1990.0, 21826.0], [1990.25, 48.0], [1990.75, 48.0], [1991.0, 48.0], [1991.75, 12.0], [1992.0, 40040.0], [1993.0, 151.0], [1993.25, 40774.0]]}}}
{"jsonrpc": "2.0", "method": "subscription", "params": {"channel": "book.ETH-6MAR26.none.20.100ms", "data": {"timestamp": 1772570266798, "change_id": 111785019489, "instrument_name": "ETH-6MAR26", "bids": [[1984.5, 3372.0], [1984.25, 6568.0], [1984.0, 1640.0], [1983.75, 450.0], [1983.5, 1600.0], [1983.25, 8963.0], [1983.0, 40000.0], [1982.75, 5910.0], [1982.5, 19800.0], [1981.5, 2111.0], [1981.25, 7072.0], [1981.0, 5420.0], [1980.75, 18608.0], [1980.25, 12.0], [1980.0, 18130.0], [1979.75, 60604.0], [1978.75, 40720.0], [1978.25, 80.0], [1978.0, 80.0], [1976.5, 51.0]], "asks": [[1985.0, 2225.0], [1985.25, 5995.0], [1985.5, 1814.0], [1985.75, 1478.0], [1986.0, 1600.0], [1986.25, 8836.0], [1986.5, 62528.0], [1986.75, 7298.0], [1988.5, 5839.0], [1988.75, 19562.0], [1989.25, 11915.0], [1989.5, 39916.0], [1990.0, 21826.0], [1990.25, 48.0], [1990.75, 48.0], [1991.0, 48.0], [1991.75, 12.0], [1992.0, 40040.0], [1993.0, 151.0], [1993.25, 40774.0]]}}}
{"jsonrpc": "2.0", "method": "subscription", "params": {"channel": "book.ETH-13MAR26.none.20.100ms", "data": {"timestamp": 1772570267216, "change_id": 111785020169, "instrument_name": "ETH-13MAR26", "bids": [[1985.5, 5921.0], [1985.25, 1331.0], [1985.0, 1000.0], [1984.75, 299.0], [1984.5, 1299.0], [1984.25, 1299.0], [1984.0, 1448.0], [1983.75, 2953.0], [1983.5, 5168.0], [1983.0, 1000.0], [1982.75, 3141.0], [1982.5, 14568.0], [1981.0, 12.0], [1980.5, 47874.0], [1980.25, 30048.0], [1978.75, 20346.0], [1978.5, 6341.0], [1977.75, 40000.0], [1973.0, 40000.0], [1972.75, 29260.0]], "asks": [[1986.0, 1000.0], [1986.25, 2530.0], [1986.5, 4043.0], [1987.25, 299.0], [1987.5, 1299.0], [1987.75, 1299.0], [1988.0, 1299.0], [1988.25, 5126.0], [1988.5, 15075.0], [1988.75, 4881.0], [1989.0, 3.0], [1989.25, 12.0], [1990.0, 6500.0], [1990.25, 21777.0], [1990.75, 30507.0], [1991.75, 20295.0], [1992.75, 5073.0], [1993.5, 51.0], [1993.75, 29736.0], [1994.0, 29477.0]]}}}
{"jsonrpc": "2.0", "method": "subscription", "params": {"channel": "book.ETH-6MAR26.none.20.100ms", "data": {"timestamp": 1772570267385, "change_id": 111785020235, "instrument_name": "ETH-6MAR26", "bids": [[1984.5, 3372.0], [1984.25, 6568.0], [1984.0, 1640.0], [1983.75, 450.0], [1983.5, 1600.0], [1983.25, 8963.0], [1983.0, 40000.0], [1982.75, 5910.0], [1982.5, 19800.0], [1981.5, 2111.0], [1981.25, 7072.0], [1981.0, 5420.0], [1980.75, 18608.0], [1980.25, 12.0], [1980.0, 18130.0], [1979.75, 60604.0], [1978.75, 40720.0], [1978.25, 80.0], [1978.0, 80.0], [1976.5, 51.0]], "asks": [[1985.0, 2225.0], [1985.25, 12844.0], [1985.5, 1814.0], [1985.75, 1478.0], [1986.0, 1600.0], [1986.25, 8836.0], [1986.5, 62528.0], [1986.75, 7298.0], [1988.5, 5839.0], [1988.75, 19562.0], [1989.25, 11915.0], [1989.5, 39916.0], [1990.0, 21826.0], [1990.25, 48.0], [1990.75, 48.0], [1991.0, 48.0], [1991.75, 12.0], [1992.0, 40040.0], [1993.0, 151.0], [1993.25, 40774.0]]}}}
{"jsonrpc": "2.0", "method": "subscription", "params": {"channel": "book.ETH-6MAR26.none.20.100ms", "data": {"timestamp": 1772570267718, "change_id": 111785020589, "instrument_name": "ETH-6MAR26", "bids": [[1984.5, 3372.0], [1984.25, 6568.0], [1984.0, 1640.0], [1983.75, 450.0], [1983.5, 1600.0], [1983.25, 8963.0], [1983.0, 40000.0], [1982.75, 5910.0], [1982.5, 19800.0], [1981.5, 2111.0], [1981.25, 7072.0], [1981.0, 5420.0], [1980.75, 18608.0], [1980.25, 12.0], [1980.0, 18130.0], [1979.75, 60604.0], [1978.75, 40720.0], [1978.25, 80.0], [1978.0, 80.0], [1976.5, 51.0]], "asks": [[1985.0, 2225.0], [1985.25, 5995.0], [1985.5, 1814.0], [1985.75, 1478.0], [1986.0, 1600.0], [1986.25, 8836.0], [1986.5, 62528.0], [1986.75, 7298.0], [1988.5, 5839.0], [1988.75, 19562.0], [1989.25, 11915.0], [1989.5, 39916.0], [1990.0, 21826.0], [1990.25, 48.0], [1990.75, 48.0], [1991.0, 48.0], [1991.75, 12.0], [1992.0, 40040.0], [1993.0, 151.0], [1993.25, 40774.0]]}}}
{"jsonrpc": "2.0", "method": "subscription", "params": {"channel": "book.ETH-6MAR26.none.20.100ms", "data": {"timestamp": 1772570268023, "change_id": 111785021047, "instrument_name": "ETH-6MAR26", "bids": [[1984.5, 3372.0], [1984.25, 6568.0], [1984.0, 1640.0], [1983.75, 450.0], [1983.5, 1600.0], [1983.25, 8963.0], [1983.0, 40000.0], [1982.75, 5910.0], [1982.5, 19800.0], [1981.5, 2111.0], [1981.25, 7072.0], [1981.0, 5420.0], [1980.75, 18608.0], [1980.25, 12.0], [1980.0, 18130.0], [1979.75, 60604.0], [1978.75, 40720.0], [1978.25, 80.0], [1978.0, 80.0], [1976.5, 51.0]], "asks": [[1985.0, 2225.0], [1985.25, 12844.0], [1985.5, 1814.0], [1985.75, 1478.0], [1986.0, 1600.0], [1986.25, 8836.0], [1986.5, 62528.0], [1986.75, 7298.0], [1988.5, 5839.0], [1988.75, 19562.0], [1989.25, 11915.0], [1989.5, 39916.0], [1990.0, 21826.0], [1990.25, 48.0], [1990.75, 48.0], [1991.0, 48.0], [1991.75, 12.0], [1992.0, 40040.0], [1993.0, 151.0], [1993.25, 40774.0]]}}}
{"jsonrpc": "2.0", "method": "subscription", "params": {"channel": "book.ETH-13MAR26.none.20.100ms", "data": {"timestamp": 1772570268389, "change_id": 111785022029, "instrument_name": "ETH-13MAR26", "bids": [[1985.25, 299.0], [1985.0, 1307.0], [1984.75, 5374.0], [1984.5, 1299.0], [1984.25, 1299.0], [1984.0, 1448.0], [1983.75, 1500.0], [1983.25, 299.0], [1983.0, 1000.0], [1982.75, 3141.0], [1982.5, 14568.0], [1981.25, 4869.0], [1981.0, 12.0], [1980.5, 47874.0], [1980.25, 30048.0], [1978.75, 20346.0], [1978.5, 6341.0], [1977.75, 40000.0], [1975.25, 29260.0], [1973.0, 40000.0]], "asks": [[1985.75, 1875.0], [1986.0, 5570.0], [1986.25, 1625.0], [1987.25, 299.0], [1987.5, 1299.0], [1987.75, 1299.0], [1988.0, 1299.0], [1988.25, 5126.0], [1988.5, 15075.0], [1988.75, 4881.0], [1989.0, 3.0], [1989.25, 12.0], [1990.0, 6500.0], [1990.25, 21777.0], [1990.75, 30507.0], [1991.75, 20295.0], [1992.75, 5073.0], [1993.5, 51.0], [1993.75, 29736.0], [1994.0, 29477.0]]}}}
{"jsonrpc": "2.0", "method": "subscription", "params": {"channel": "book.ETH-6MAR26.none.20.100ms", "data": {"timestamp": 1772570268417, "change_id": 111785022137, "instrument_name": "ETH-6MAR26", "bids": [[1984.0, 2809.0], [1983.75, 4367.0], [1983.5, 1600.0], [1983.25, 7946.0], [1983.0, 40000.0], [1982.25, 5910.0], [1982.0, 19800.0], [1981.5, 2111.0], [1981.25, 7072.0], [1981.0, 5634.0], [1980.75, 18608.0], [1980.25, 12.0], [1980.0, 18130.0], [1979.75, 60604.0], [1978.75, 40720.0], [1978.25, 80.0], [1978.0, 80.0], [1976.5, 51.0], [1976.25, 66636.0], [1976.0, 40.0]], "asks": [[1984.5, 2057.0], [1984.75, 6148.0], [1985.0, 4141.0], [1985.25, 9899.0], [1985.5, 1600.0], [1985.75, 7593.0], [1986.0, 41600.0], [1986.25, 4277.0], [1986.5, 22528.0], [1986.75, 7298.0], [1988.5, 5839.0], [1988.75, 19562.0], [1989.25, 11915.0], [1989.5, 39916.0], [1990.0, 21826.0], [1990.25, 48.0], [1990.75, 48.0], [1991.0, 48.0], [1991.75, 12.0], [1992.0, 40040.0]]}}}
{"jsonrpc": "2.0", "method": "subscription", "params": {"channel": "book.ETH-13MAR26.none.20.100ms", "data": {"timestamp": 1772570268517, "change_id": 111785022391, "instrument_name": "ETH-13MAR26", "bids": [[1985.25, 299.0], [1985.0, 1307.0], [1984.75, 5999.0], [1984.5, 1299.0], [1984.25, 1299.0], [1984.0, 1000.0], [1983.75, 500.0], [1983.5, 1000.0], [1983.25, 299.0], [1983.0, 1000.0], [1982.75, 3141.0], [1982.5, 14568.0], [1981.25, 4869.0], [1981.0, 12.0], [1980.5, 47874.0], [1980.25, 30048.0], [1978.75, 20346.0], [1978.5, 6341.0], [1977.75, 40000.0], [1975.25, 29260.0]], "asks": [[1985.75, 1875.0], [1986.0, 6260.0], [1986.25, 6851.0], [1987.25, 299.0], [1987.5, 1299.0], [1987.75, 1299.0], [1988.0, 1299.0], [1988.25, 5126.0], [1988.5, 15075.0], [1988.75, 4881.0], [1989.0, 3.0], [1989.25, 12.0], [1990.0, 6500.0], [1990.25, 21777.0], [1990.75, 30507.0], [1991.75, 20295.0], [1992.75, 5073.0], [1993.5, 51.0], [1993.75, 29736.0], [1994.0, 29477.0]]}}}
{"jsonrpc": "2.0", "method": "subscription", "params": {"channel": "book.ETH-6MAR26.none.20.100ms", "data": {"timestamp": 1772570268609, "change_id": 111785022483, "instrument_name": "ETH-6MAR26", "bids": [[1984.0, 2809.0], [1983.75, 4367.0], [1983.5, 2225.0], [1983.25, 7946.0], [1983.0, 40000.0], [1982.25, 5910.0], [1982.0, 19800.0], [1981.5, 2111.0], [1981.25, 7072.0], [1981.0, 5634.0], [1980.75, 18608.0], [1980.25, 12.0], [1980.0, 18130.0], [1979.75, 60604.0], [1978.75, 40720.0], [1978.25, 80.0], [1978.0, 80.0], [1976.5, 51.0], [1976.25, 66636.0], [1976.0, 40.0]], "asks": [[1984.5, 2225.0], [1984.75, 6148.0], [1985.0, 1814.0], [1985.25, 1450.0], [1985.5, 1600.0], [1985.75, 7593.0], [1986.0, 41600.0], [1986.25, 4277.0], [1986.5, 22528.0], [1986.75, 7298.0], [1988.5, 5839.0], [1988.75, 19562.0], [1989.25, 11915.0], [1989.5, 39916.0], [1990.0, 21826.0], [1990.25, 48.0], [1990.75, 48.0], [1991.0, 48.0], [1991.75, 12.0], [1992.0, 40040.0]]}}}
{"jsonrpc": "2.0", "method": "subscription", "params": {"channel": "book.ETH-13MAR26.none.20.100ms", "data": {"timestamp": 1772570269079, "change_id": 111785023584, "instrument_name": "ETH-13MAR26", "bids": [[1985.0, 1932.0], [1984.75, 5374.0], [1984.5, 1299.0], [1984.25, 1299.0], [1984.0, 1000.0], [1983.75, 500.0], [1983.5, 1000.0], [1983.25, 299.0], [1983.0, 1000.0], [1982.75, 3141.0], [1982.5, 14568.0], [1981.25, 4869.0], [1981.0, 12.0], [1980.5, 47874.0], [1980.25, 30048.0], [1978.75, 20346.0], [1978.5, 6341.0], [1977.75, 40000.0], [1975.25, 29260.0], [1973.0, 40000.0]], "asks": [[1985.75, 1875.0], [1986.0, 6260.0], [1986.25, 6851.0], [1987.25, 299.0], [1987.5, 1299.0], [1987.75, 1299.0], [1988.0, 1299.0], [1988.25, 5126.0], [1988.5, 15075.0], [1988.75, 4881.0], [1989.0, 3.0], [1989.25, 12.0], [1990.0, 6500.0], [1990.25, 21777.0], [1990.75, 30507.0], [1991.75, 20295.0], [1992.75, 5073.0], [1993.5, 51.0], [1993.75, 29736.0], [1994.0, 29477.0]]}}}
{"jsonrpc": "2.0", "method": "subscription", "params": {"channel": "book.ETH-6MAR26.none.20.100ms", "data": {"timestamp": 1772570269011, "change_id": 111785022780, "instrument_name": "ETH-6MAR26", "bids": [[1984.0, 3653.0], [1983.75, 7693.0], [1983.5, 2225.0], [1983.25, 7946.0], [1983.0, 40000.0], [1982.25, 5910.0], [1982.0, 19800.0], [1981.5, 2111.0], [1981.25, 7072.0], [1981.0, 5634.0], [1980.75, 18608.0], [1980.25, 12.0], [1980.0, 18130.0], [1979.75, 60604.0], [1978.75, 40720.0], [1978.25, 80.0], [1978.0, 80.0], [1976.5, 51.0], [1976.25, 66636.0], [1976.0, 40.0]], "asks": [[1984.5, 2225.0], [1984.75, 6148.0], [1985.0, 1814.0], [1985.25, 1450.0], [1985.5, 1600.0], [1985.75, 7593.0], [1986.0, 41600.0], [1986.25, 4277.0], [1986.5, 22528.0], [1986.75, 7298.0], [1988.5, 5839.0], [1988.75, 19562.0], [1989.25, 11915.0], [1989.5, 39916.0], [1990.0, 21826.0], [1990.25, 48.0], [1990.75, 48.0], [1991.0, 48.0], [1991.75, 12.0], [1992.0, 40040.0]]}}}
{"jsonrpc": "2.0", "method": "subscription", "params": {"channel": "book.ETH-13MAR26.none.20.100ms", "data": {"timestamp": 1772570269362, "change_id": 111785024313, "instrument_name": "ETH-13MAR26", "bids": [[1985.0, 593.0], [1984.75, 1924.0], [1984.5, 5374.0], [1984.25, 1299.0], [1984.0, 1000.0], [1983.75, 299.0], [1983.5, 1000.0], [1983.25, 299.0], [1983.0, 1000.0], [1982.75, 3141.0], [1982.5, 14568.0], [1981.25, 4869.0], [1981.0, 12.0], [1980.5, 47874.0], [1980.25, 30048.0], [1978.75, 20346.0], [1978.5, 6341.0], [1977.75, 40000.0], [1975.25, 29260.0], [1973.0, 40000.0]], "asks": [[1985.5, 1578.0], [1985.75, 5999.0], [1986.0, 2142.0], [1986.25, 6851.0], [1987.25, 299.0], [1987.5, 1299.0], [1987.75, 1299.0], [1988.0, 1299.0], [1988.25, 5126.0], [1988.5, 15075.0], [1988.75, 4881.0], [1989.0, 3.0], [1989.25, 12.0], [1990.0, 6500.0], [1990.25, 21777.0], [1990.75, 30507.0], [1991.75, 20295.0], [1992.75, 5073.0], [1993.0, 40000.0], [1993.5, 51.0]]}}}
{"jsonrpc": "2.0", "method": "subscription", "params": {"channel": "book.ETH-6MAR26.none.20.100ms", "data": {"timestamp": 1772570269405, "change_id": 111785024369, "instrument_name": "ETH-6MAR26", "bids": [[1984.0, 40.0], [1983.75, 1776.0], [1983.5, 6142.0], [1983.25, 7946.0], [1983.0, 40000.0], [1981.75, 5910.0], [1981.5, 21911.0], [1981.25, 7072.0], [1981.0, 5634.0], [1980.75, 18608.0], [1980.25, 12.0], [1980.0, 18130.0], [1979.75, 60604.0], [1978.75, 40720.0], [1978.25, 80.0], [1978.0, 80.0], [1976.5, 51.0], [1976.25, 66636.0], [1976.0, 40.0], [1973.5, 40000.0]], "asks": [[1984.25, 2225.0], [1984.5, 5967.0], [1984.75, 2231.0], [1985.0, 1814.0], [1985.25, 1450.0], [1985.5, 1600.0], [1985.75, 7593.0], [1986.0, 41600.0], [1986.25, 4277.0], [1986.5, 22528.0], [1986.75, 7298.0], [1988.5, 5839.0], [1988.75, 19562.0], [1989.25, 11915.0], [1989.5, 39916.0], [1990.0, 21826.0], [1990.25, 48.0], [1990.75, 48.0], [1991.0, 48.0], [1991.75, 12.0]]}}}
{"jsonrpc": "2.0", "method": "subscription", "params": {"channel": "book.ETH-13MAR26.none.20.100ms", "data": {"timestamp": 1772570269619, "change_id": 111785024962, "instrument_name": "ETH-13MAR26", "bids": [[1985.0, 593.0], [1984.75, 5967.0], [1984.5, 1032.0], [1984.25, 299.0], [1984.0, 1000.0], [1983.75, 299.0], [1983.5, 1000.0], [1983.25, 299.0], [1983.0, 1000.0], [1982.75, 3141.0], [1982.5, 14568.0], [1981.5, 242.0], [1981.25, 4869.0], [1981.0, 12.0], [1980.75, 3.0], [1980.5, 47874.0], [1980.25, 30048.0], [1978.75, 51.0], [1978.5, 6341.0], [1978.0, 20295.0]], "asks": [[1985.5, 1578.0], [1985.75, 5999.0], [1986.0, 1000.0], [1987.25, 299.0], [1987.5, 1299.0], [1987.75, 1299.0], [1988.0, 1299.0], [1988.25, 5126.0], [1988.5, 15075.0], [1988.75, 4881.0], [1989.0, 3.0], [1989.25, 12.0], [1990.0, 6500.0], [1990.25, 21777.0], [1990.75, 30507.0], [1991.0, 25368.0], [1993.0, 40000.0], [1993.5, 51.0], [1993.75, 29736.0], [1994.0, 29477.0]]}}}
{"jsonrpc": "2.0", "method": "subscription", "params": {"channel": "book.ETH-6MAR26.none.20.100ms", "data": {"timestamp": 1772570269577, "change_id": 111785024892, "instrument_name": "ETH-6MAR26", "bids": [[1984.0, 1640.0], [1983.75, 1776.0], [1983.5, 6142.0], [1983.25, 7946.0], [1983.0, 40000.0], [1981.75, 5910.0], [1981.5, 21911.0], [1981.25, 7072.0], [1981.0, 5634.0], [1980.75, 18608.0], [1980.25, 12.0], [1980.0, 18130.0], [1979.75, 60604.0], [1978.75, 40720.0], [1978.25, 80.0], [1978.0, 80.0], [1976.5, 51.0], [1976.25, 66636.0], [1976.0, 40.0], [1973.5, 40000.0]], "asks": [[1984.25, 2225.0], [1984.5, 5967.0], [1984.75, 2231.0], [1985.0, 1814.0], [1985.25, 1450.0], [1985.5, 1600.0], [1985.75, 11161.0], [1986.0, 41600.0], [1986.25, 4277.0], [1986.5, 22528.0], [1986.75, 7298.0], [1988.5, 5839.0], [1988.75, 19562.0], [1989.25, 11915.0], [1989.5, 39916.0], [1990.0, 21826.0], [1990.25, 48.0], [1990.75, 48.0], [1991.0, 48.0], [1991.75, 12.0]]}}}
{"jsonrpc": "2.0", "method": "subscription", "params": {"channel": "book.ETH-6MAR26.none.20.100ms", "data": {"timestamp": 1772570269896, "change_id": 111785025300, "instrument_name": "ETH-6MAR26", "bids": [[1984.0, 40.0], [1983.75, 1776.0], [1983.5, 6142.0], [1983.25, 7946.0], [1983.0, 40000.0], [1981.75, 5910.0], [1981.5, 21911.0], [1981.25, 7072.0], [1981.0, 5634.0], [1980.75, 18608.0], [1980.25, 12.0], [1980.0, 18130.0], [1979.75, 60604.0], [1978.75, 40720.0], [1978.25, 80.0], [1978.0, 80.0], [1976.5, 51.0], [1976.25, 66636.0], [1976.0, 40.0], [1973.5, 40000.0]], "asks": [[1984.25, 2225.0], [1984.5, 5967.0], [1984.75, 2231.0], [1985.0, 1814.0], [1985.25, 1450.0], [1985.5, 1600.0], [1985.75, 11161.0], [1986.0, 41600.0], [1986.25, 4277.0], [1986.5, 22528.0], [1986.75, 7298.0], [1988.5, 5839.0], [1988.75, 19562.0], [1989.25, 11915.0], [1989.5, 39916.0], [1990.0, 21826.0], [1990.25, 48.0], [1990.75, 48.0], [1991.0, 48.0], [1991.75, 12.0]]}}}
{"jsonrpc": "2.0", "method": "subscription", "params": {"channel": "book.ETH-13MAR26.none.20.100ms", "data": {"timestamp": 1772570269889, "change_id": 111785025298, "instrument_name": "ETH-13MAR26", "bids": [[1985.0, 593.0], [1984.75, 5967.0], [1984.5, 1032.0], [1984.25, 299.0], [1984.0, 1000.0], [1983.75, 799.0], [1983.5, 1000.0], [1983.25, 299.0], [1983.0, 1000.0], [1982.75, 3141.0], [1982.5, 14568.0], [1981.5, 242.0], [1981.25, 4869.0], [1981.0, 12.0], [1980.75, 3.0], [1980.5, 47874.0], [1980.25, 30048.0], [1978.75, 51.0], [1978.5, 6341.0], [1978.0, 20295.0]], "asks": [[1985.5, 1578.0], [1985.75, 5999.0], [1986.0, 1000.0], [1987.25, 299.0], [1987.5, 1299.0], [1987.75, 1299.0], [1988.0, 1299.0], [1988.25, 5126.0], [1988.5, 15075.0], [1988.75, 4881.0], [1989.0, 3.0], [1989.25, 12.0], [1990.0, 6500.0], [1990.25, 21777.0], [1990.75, 30507.0], [1991.0, 25368.0], [1993.0, 40000.0], [1993.5, 51.0], [1993.75, 29736.0], [1994.0, 29477.0]]}}}
{"jsonrpc": "2.0", "method": "subscription", "params": {"channel": "book.ETH-13MAR26.none.20.100ms", "data": {"timestamp": 1772570270621, "change_id": 111785026828, "instrument_name": "ETH-13MAR26", "bids": [[1984.75, 924.0], [1984.5, 5075.0], [1984.25, 559.0], [1984.0, 2000.0], [1983.75, 799.0], [1983.5, 1000.0], [1983.25, 299.0], [1983.0, 1000.0], [1982.25, 1453.0], [1982.0, 4869.0], [1981.75, 3976.0], [1981.5, 14568.0], [1981.0, 12.0], [1980.75, 3.0], [1980.5, 47874.0], [1980.25, 30048.0], [1978.75, 51.0], [1978.5, 6341.0], [1978.0, 20295.0], [1977.75, 40000.0]], "asks": [[1985.25, 1536.0], [1985.5, 5999.0], [1987.0, 299.0], [1987.25, 1299.0], [1987.5, 1299.0], [1987.75, 1299.0], [1988.0, 1299.0], [1988.25, 5126.0], [1988.5, 15075.0], [1988.75, 4881.0], [1989.0, 3.0], [1989.25, 12.0], [1990.0, 6500.0], [1990.25, 21777.0], [1990.75, 30507.0], [1991.0, 54845.0], [1993.0, 40000.0], [1993.5, 51.0], [1993.75, 29736.0], [1994.75, 40000.0]]}}}
{"jsonrpc": "2.0", "method": "subscription", "params": {"channel": "book.ETH-6MAR26.none.20.100ms", "data": {"timestamp": 1772570270640, "change_id": 111785026870, "instrument_name": "ETH-6MAR26", "bids": [[1984.0, 40.0], [1983.75, 450.0], [1983.5, 2769.0], [1983.25, 5731.0], [1983.0, 625.0], [1982.75, 8920.0], [1982.5, 40000.0], [1981.5, 7751.0], [1981.25, 19800.0], [1981.0, 5634.0], [1980.75, 18608.0], [1980.5, 2165.0], [1980.25, 7254.0], [1980.0, 18130.0], [1979.75, 60604.0], [1978.75, 40720.0], [1978.25, 80.0], [1978.0, 80.0], [1976.5, 51.0], [1976.25, 66636.0]], "asks": [[1984.25, 6142.0], [1984.5, 2050.0], [1984.75, 2231.0], [1985.0, 1814.0], [1985.25, 9597.0], [1985.5, 41600.0], [1985.75, 264.0], [1986.0, 1600.0], [1986.25, 4277.0], [1986.5, 22528.0], [1986.75, 7298.0], [1988.5, 5839.0], [1988.75, 19562.0], [1989.25, 11915.0], [1989.5, 39916.0], [1990.0, 21826.0], [1990.25, 48.0], [1990.75, 48.0], [1991.0, 48.0], [1991.75, 12.0]]}}}
{"jsonrpc": "2.0", "method": "subscription", "params": {"channel": "book.ETH-6MAR26.none.20.100ms", "data": {"timestamp": 1772570271019, "change_id": 111785027411, "instrument_name": "ETH-6MAR26", "bids": [[1984.0, 40.0], [1983.75, 450.0], [1983.5, 3284.0], [1983.25, 6356.0], [1982.75, 8920.0], [1982.5, 40000.0], [1981.5, 7751.0], [1981.25, 19800.0], [1981.0, 5634.0], [1980.75, 18608.0], [1980.5, 2165.0], [1980.25, 7254.0], [1980.0, 18130.0], [1979.75, 60604.0], [1978.75, 40720.0], [1978.25, 80.0], [1978.0, 80.0], [1976.5, 51.0], [1976.25, 66636.0], [1976.0, 40.0]], "asks": [[1984.25, 2225.0], [1984.5, 5967.0], [1984.75, 2231.0], [1985.0, 1814.0], [1985.25, 9597.0], [1985.5, 41600.0], [1985.75, 264.0], [1986.0, 1600.0], [1986.25, 4277.0], [1986.5, 22528.0], [1986.75, 7298.0], [1988.5, 5839.0], [1988.75, 19562.0], [1989.25, 11915.0], [1989.5, 39916.0], [1990.0, 21826.0], [1990.25, 48.0], [1990.75, 48.0], [1991.0, 48.0], [1991.75, 12.0]]}}}
{"jsonrpc": "2.0", "method": "subscription", "params": {"channel": "book.ETH-13MAR26.none.20.100ms", "data": {"timestamp": 1772570271310, "change_id": 111785028776, "instrument_name": "ETH-13MAR26", "bids": [[1984.5, 1230.0], [1984.25, 5227.0], [1984.0, 2032.0], [1983.75, 799.0], [1983.5, 1000.0], [1983.25, 299.0], [1983.0, 1000.0], [1982.0, 1453.0], [1981.75, 8845.0], [1981.5, 14568.0], [1981.0, 12.0], [1980.75, 3.0], [1980.5, 47874.0], [1978.75, 51.0], [1978.5, 36389.0], [1978.0, 20295.0], [1977.75, 40000.0], [1975.25, 29260.0], [1973.0, 40000.0], [1971.0, 29534.0]], "asks": [[1985.0, 1617.0], [1985.25, 5236.0], [1985.5, 1000.0], [1987.0, 299.0], [1987.25, 1299.0], [1987.5, 1299.0], [1987.75, 1299.0], [1988.0, 1299.0], [1988.25, 5126.0], [1988.5, 16532.0], [1988.75, 4881.0], [1989.0, 3.0], [1989.25, 12.0], [1990.0, 6500.0], [1990.25, 21777.0], [1990.75, 30507.0], [1991.0, 54845.0], [1993.0, 40000.0], [1993.5, 51.0], [1993.75, 29736.0]]}}}
{"jsonrpc": "2.0", "method": "subscription", "params": {"channel": "book.ETH-6MAR26.none.20.100ms", "data": {"timestamp": 1772570271298, "change_id": 111785028756, "instrument_name": "ETH-6MAR26", "bids": [[1984.0, 40.0], [1983.5, 478.0], [1983.25, 2769.0], [1983.0, 4542.0], [1982.75, 8920.0], [1982.5, 40000.0], [1981.25, 5934.0], [1981.0, 25434.0], [1980.75, 18608.0], [1980.25, 12.0], [1980.0, 18130.0], [1979.75, 60604.0], [1979.0, 7309.0], [1978.75, 40720.0], [1978.25, 80.0], [1978.0, 80.0], [1976.5, 51.0], [1976.25, 66636.0], [1976.0, 40.0], [1973.5, 40000.0]], "asks": [[1984.25, 6142.0], [1984.5, 2319.0], [1984.75, 3231.0], [1985.0, 1600.0], [1985.25, 8597.0], [1985.5, 43695.0], [1985.75, 7284.0], [1986.0, 1600.0], [1986.25, 4277.0], [1986.5, 22528.0], [1988.5, 5839.0], [1988.75, 19562.0], [1989.5, 39916.0], [1990.0, 21826.0], [1990.25, 48.0], [1990.75, 48.0], [1991.0, 48.0], [1991.75, 12.0], [1992.0, 40040.0], [1993.0, 151.0]]}}}
{"jsonrpc": "2.0", "method": "subscription", "params": {"channel": "book.ETH-13MAR26.none.20.100ms", "data": {"timestamp": 1772570271426, "change_id": 111785029034, "instrument_name": "ETH-13MAR26", "bids": [[1984.5, 1230.0], [1984.25, 5227.0], [1984.0, 2032.0], [1983.75, 799.0], [1983.5, 1000.0], [1982.5, 299.0], [1982.25, 1000.0], [1982.0, 700.0], [1981.75, 7954.0], [1981.5, 14568.0], [1981.0, 12.0], [1980.75, 3.0], [1980.5, 47874.0], [1978.75, 51.0], [1978.5, 36389.0], [1978.0, 20295.0], [1977.75, 40000.0], [1975.25, 29260.0], [1973.0, 40000.0], [1971.0, 29534.0]], "asks": [[1985.0, 1617.0], [1985.25, 5236.0], [1987.0, 299.0], [1987.25, 1299.0], [1987.5, 1299.0], [1987.75, 1299.0], [1988.0, 1299.0], [1988.25, 5126.0], [1988.5, 15075.0], [1988.75, 4881.0], [1989.0, 3.0], [1989.25, 12.0], [1990.0, 6500.0], [1990.25, 21777.0], [1990.75, 30507.0], [1991.0, 54845.0], [1993.0, 40000.0], [1993.5, 51.0], [1993.75, 29736.0], [1994.75, 40000.0]]}}}
{"jsonrpc": "2.0", "method": "subscription", "params": {"channel": "book.ETH-6MAR26.none.20.100ms", "data": {"timestamp": 1772570271628, "change_id": 111785029310, "instrument_name": "ETH-6MAR26", "bids": [[1984.0, 40.0], [1983.5, 478.0], [1983.25, 3284.0], [1983.0, 6142.0], [1982.75, 8920.0], [1982.5, 40000.0], [1981.25, 5934.0], [1981.0, 25434.0], [1980.75, 18608.0], [1980.5, 7134.0], [1980.25, 12.0], [1980.0, 18130.0], [1979.75, 60604.0], [1978.75, 40720.0], [1978.25, 80.0], [1978.0, 80.0], [1976.5, 51.0], [1976.25, 66636.0], [1976.0, 40.0], [1973.5, 40000.0]], "asks": [[1984.25, 6142.0], [1984.5, 1814.0], [1984.75, 1631.0], [1985.0, 1600.0], [1985.25, 8597.0], [1985.5, 43695.0], [1985.75, 7284.0], [1986.25, 4277.0], [1986.5, 22528.0], [1988.5, 5839.0], [1988.75, 19562.0], [1989.5, 39916.0], [1990.0, 21826.0], [1990.25, 48.0], [1990.75, 48.0], [1991.0, 48.0], [1991.75, 12.0], [1992.0, 40040.0], [1993.0, 151.0], [1993.25, 40774.0]]}}}
{"jsonrpc": "2.0", "method": "subscription", "params": {"channel": "book.ETH-6MAR26.none.20.100ms", "data": {"timestamp": 1772570271893, "change_id": 111785029648, "instrument_name": "ETH-6MAR26", "bids": [[1983.25, 3284.0], [1983.0, 6142.0], [1982.75, 8920.0], [1982.5, 40000.0], [1981.0, 10835.0], [1980.75, 40537.0], [1980.5, 7134.0], [1980.25, 12.0], [1980.0, 18130.0], [1979.75, 60604.0], [1978.75, 40720.0], [1978.25, 80.0], [1978.0, 80.0], [1976.5, 51.0], [1976.25, 66636.0], [1976.0, 40.0], [1973.5, 40000.0], [1973.25, 81183.0], [1973.0, 58746.0], [1972.0, 40.0]], "asks": [[1983.75, 2225.0], [1984.0, 3043.0], [1984.25, 5995.0], [1984.5, 1814.0], [1984.75, 1631.0], [1985.0, 1600.0], [1985.25, 8597.0], [1985.5, 43695.0], [1985.75, 7284.0], [1986.25, 4277.0], [1986.5, 22528.0], [1988.5, 5839.0], [1988.75, 19562.0], [1989.5, 39916.0], [1990.0, 62600.0], [1990.25, 48.0], [1990.75, 48.0], [1991.0, 48.0], [1991.75, 12.0], [1992.0, 40040.0]]}}}
{"jsonrpc": "2.0", "method": "subscription", "params": {"channel": "book.ETH-13MAR26.none.20.100ms", "data": {"timestamp": 1772570271775, "change_id": 111785029548, "instrument_name": "ETH-13MAR26", "bids": [[1984.5, 230.0], [1984.25, 5227.0], [1984.0, 2032.0], [1983.75, 799.0], [1983.5, 1000.0], [1982.5, 299.0], [1982.25, 1000.0], [1982.0, 1364.0], [1981.75, 7954.0], [1981.5, 14568.0], [1981.0, 12.0], [1980.75, 3.0], [1980.5, 47874.0], [1978.75, 51.0], [1978.5, 36389.0], [1978.0, 20295.0], [1977.75, 40000.0], [1975.25, 29260.0], [1973.0, 40000.0], [1971.0, 29534.0]], "asks": [[1985.0, 1617.0], [1985.25, 5236.0], [1987.0, 299.0], [1987.25, 1299.0], [1987.5, 1299.0], [1987.75, 1299.0], [1988.0, 1299.0], [1988.25, 5126.0], [1988.5, 15075.0], [1988.75, 4881.0], [1989.0, 3.0], [1989.25, 12.0], [1990.0, 6500.0], [1990.25, 21777.0], [1990.75, 30507.0], [1991.0, 54845.0], [1993.0, 40000.0], [1993.5, 51.0], [1993.75, 29736.0], [1994.75, 40000.0]]}}}
{"jsonrpc": "2.0", "method": "subscription", "params": {"channel": "book.ETH-13MAR26.none.20.100ms", "data": {"timestamp": 1772570272384, "change_id": 111785030613, "instrument_name": "ETH-13MAR26", "bids": [[1984.5, 4668.0], [1984.25, 559.0], [1984.0, 2032.0], [1983.75, 799.0], [1983.5, 1000.0], [1982.5, 299.0], [1982.25, 1000.0], [1981.75, 3085.0], [1981.5, 15498.0], [1981.25, 4869.0], [1981.0, 12.0], [1980.75, 3.0], [1980.5, 47874.0], [1978.75, 51.0], [1978.5, 36389.0], [1978.0, 20295.0], [1977.75, 40000.0], [1975.25, 29260.0], [1973.0, 40000.0], [1971.0, 29534.0]], "asks": [[1985.0, 1000.0], [1985.25, 1564.0], [1985.5, 4043.0], [1987.0, 299.0], [1987.25, 1299.0], [1987.5, 1299.0], [1987.75, 1299.0], [1988.0, 1299.0], [1988.25, 5126.0], [1988.5, 16532.0], [1988.75, 4881.0], [1989.0, 3.0], [1989.25, 12.0], [1990.0, 6500.0], [1990.25, 21777.0], [1990.75, 30507.0], [1991.0, 54845.0], [1993.0, 40000.0], [1993.5, 51.0], [1993.75, 29736.0]]}}}
{"jsonrpc": "2.0", "method": "subscription", "params": {"channel": "book.ETH-6MAR26.none.20.100ms", "data": {"timestamp": 1772570272377, "change_id": 111785030606, "instrument_name": "ETH-6MAR26", "bids": [[1983.5, 3247.0], [1983.25, 6246.0], [1983.0, 2225.0], [1982.75, 8920.0], [1982.5, 40000.0], [1981.0, 10835.0], [1980.75, 40537.0], [1980.5, 7134.0], [1980.25, 12.0], [1980.0, 18130.0], [1979.75, 60604.0], [1978.75, 40720.0], [1978.25, 80.0], [1978.0, 80.0], [1976.5, 51.0], [1976.25, 66636.0], [1976.0, 40.0], [1973.5, 40000.0], [1973.25, 81183.0], [1973.0, 58746.0]], "asks": [[1984.0, 2225.0], [1984.25, 2934.0], [1984.5, 5731.0], [1984.75, 1631.0], [1985.0, 1600.0], [1985.25, 8597.0], [1985.5, 43695.0], [1985.75, 7284.0], [1986.25, 4277.0], [1986.5, 22528.0], [1988.5, 5839.0], [1988.75, 19562.0], [1989.5, 39916.0], [1990.0, 62600.0], [1990.25, 48.0], [1990.75, 48.0], [1991.0, 48.0], [1991.75, 12.0], [1992.0, 40040.0], [1993.0, 151.0]]}}}
{"jsonrpc": "2.0", "method": "subscription", "params": {"channel": "book.ETH-13MAR26.none.20.100ms", "data": {"timestamp": 1772570272701, "change_id": 111785032313, "instrument_name": "ETH-13MAR26", "bids": [[1984.0, 1000.0], [1983.75, 1198.0], [1983.5, 4075.0], [1983.0, 299.0], [1982.75, 1000.0], [1981.0, 12.0], [1980.75, 4876.0], [1980.5, 18302.0], [1978.75, 51.0], [1978.5, 36389.0], [1978.0, 20295.0], [1975.25, 29260.0], [1973.0, 40000.0], [1971.0, 29534.0], [1970.0, 207.0], [1969.75, 40000.0], [1969.0, 81183.0], [1964.75, 20179.0], [1960.0, 19542.0], [1945.5, 19699.0]], "asks": [[1984.5, 1847.0], [1984.75, 5383.0], [1985.0, 1000.0], [1985.5, 625.0], [1987.0, 299.0], [1987.25, 1299.0], [1987.5, 1299.0], [1987.75, 1299.0], [1988.0, 1299.0], [1988.25, 5126.0], [1988.5, 1457.0], [1988.75, 4881.0], [1989.0, 3.0], [1989.25, 12.0], [1990.0, 6500.0], [1990.25, 21777.0], [1990.75, 30507.0], [1991.0, 54845.0], [1993.0, 40000.0], [1993.5, 51.0]]}}}
{"jsonrpc": "2.0", "method": "subscription", "params": {"channel": "book.ETH-6MAR26.none.20.100ms", "data": {"timestamp": 1772570272678, "change_id": 111785032131, "instrument_name": "ETH-6MAR26", "bids": [[1982.75, 2769.0], [1982.5, 3917.0], [1982.25, 6506.0], [1982.0, 40000.0], [1981.5, 478.0], [1981.25, 1600.0], [1981.0, 5634.0], [1980.75, 18608.0], [1980.25, 12.0], [1980.0, 40.0], [1978.75, 2171.0], [1978.5, 7274.0], [1978.25, 80.0], [1978.0, 80.0], [1976.75, 40720.0], [1976.5, 51.0], [1976.25, 26636.0], [1976.0, 40.0], [1973.5, 40000.0], [1973.25, 81183.0]], "asks": [[1983.25, 1600.0], [1983.5, 5995.0], [1983.75, 2171.0], [1984.0, 2703.0], [1984.25, 2078.0], [1984.5, 1600.0], [1984.75, 1631.0], [1985.0, 41600.0], [1985.25, 450.0], [1985.5, 3695.0], [1985.75, 7284.0], [1986.5, 22528.0], [1988.5, 5839.0], [1988.75, 19562.0], [1989.5, 39916.0], [1990.0, 62600.0], [1990.25, 48.0], [1990.75, 48.0], [1991.0, 48.0], [1991.75, 12.0]]}}}
{"jsonrpc": "2.0", "method": "subscription", "params": {"channel": "book.ETH-6MAR26.none.20.100ms", "data": {"timestamp": 1772570273039, "change_id": 111785033144, "instrument_name": "ETH-6MAR26", "bids": [[1982.75, 2769.0], [1982.5, 3917.0], [1982.25, 7131.0], [1982.0, 40000.0], [1981.5, 478.0], [1981.25, 1600.0], [1981.0, 5634.0], [1980.75, 18608.0], [1980.25, 2204.0], [1980.0, 7382.0], [1978.5, 20024.0], [1978.25, 80.0], [1978.0, 80.0], [1976.75, 40720.0], [1976.25, 26636.0], [1976.0, 40.0], [1975.75, 40580.0], [1973.5, 40000.0], [1973.25, 81183.0], [1973.0, 58746.0]], "asks": [[1983.25, 2225.0], [1983.5, 7320.0], [1983.75, 9014.0], [1984.0, 2078.0], [1984.25, 2078.0], [1984.5, 1814.0], [1984.75, 11716.0], [1985.0, 41600.0], [1985.25, 450.0], [1985.5, 3695.0], [1985.75, 7284.0], [1986.5, 22528.0], [1988.5, 5839.0], [1988.75, 19562.0], [1989.5, 39916.0], [1990.0, 62600.0], [1990.25, 48.0], [1990.75, 48.0], [1991.0, 48.0], [1991.75, 12.0]]}}}
{"jsonrpc": "2.0", "method": "subscription", "params": {"channel": "book.ETH-13MAR26.none.20.100ms", "data": {"timestamp": 1772570273010, "change_id": 111785033378, "instrument_name": "ETH-13MAR26", "bids": [[1983.75, 5168.0], [1983.5, 32.0], [1983.0, 299.0], [1982.75, 1000.0], [1980.75, 4873.0], [1980.5, 18302.0], [1979.0, 4869.0], [1978.5, 36389.0], [1978.0, 20295.0], [1977.5, 29572.0], [1976.0, 40000.0], [1975.25, 29260.0], [1973.0, 40000.0], [1971.0, 29534.0], [1969.75, 40000.0], [1969.0, 81183.0], [1964.75, 20179.0], [1960.0, 19542.0], [1945.5, 19699.0], [1934.25, 10116.0]], "asks": [[1984.5, 1847.0], [1984.75, 6276.0], [1985.0, 7847.0], [1987.0, 299.0], [1987.25, 1299.0], [1987.5, 1299.0], [1987.75, 1299.0], [1988.0, 1299.0], [1988.25, 1000.0], [1988.5, 1457.0], [1988.75, 4881.0], [1989.0, 3.0], [1989.25, 12.0], [1990.0, 6500.0], [1990.25, 36852.0], [1990.75, 30507.0], [1991.0, 54845.0], [1993.0, 40000.0], [1993.5, 51.0], [1993.75, 29736.0]]}}}
{"jsonrpc": "2.0", "method": "subscription", "params": {"channel": "book.ETH-13MAR26.none.20.100ms", "data": {"timestamp": 1772570273266, "change_id": 111785034209, "instrument_name": "ETH-13MAR26", "bids": [[1983.75, 4668.0], [1983.5, 331.0], [1983.25, 1000.0], [1983.0, 299.0], [1982.75, 1000.0], [1980.75, 4873.0], [1980.5, 18302.0], [1979.25, 4869.0], [1978.75, 14568.0], [1978.5, 1268.0], [1978.0, 20295.0], [1977.5, 29572.0], [1977.25, 5073.0], [1976.25, 30048.0], [1976.0, 40000.0], [1975.25, 29260.0], [1973.0, 40000.0], [1971.0, 29534.0], [1969.75, 40000.0], [1969.0, 81183.0]], "asks": [[1984.5, 1847.0], [1984.75, 6276.0], [1985.0, 7847.0], [1987.0, 299.0], [1987.25, 1299.0], [1987.5, 1299.0], [1987.75, 1299.0], [1988.0, 1299.0], [1988.25, 1000.0], [1988.5, 1457.0], [1988.75, 4881.0], [1989.0, 3.0], [1989.25, 12.0], [1990.0, 6500.0], [1990.25, 57147.0], [1990.75, 30507.0], [1991.0, 34550.0], [1993.0, 40000.0], [1993.5, 51.0], [1993.75, 29736.0]]}}}
{"jsonrpc": "2.0", "method": "subscription", "params": {"channel": "book.ETH-6MAR26.none.20.100ms", "data": {"timestamp": 1772570273303, "change_id": 111785034272, "instrument_name": "ETH-6MAR26", "bids": [[1982.75, 2769.0], [1982.5, 4131.0], [1982.25, 7131.0], [1982.0, 40000.0], [1981.5, 478.0], [1981.25, 1600.0], [1981.0, 5634.0], [1980.75, 18608.0], [1980.25, 2204.0], [1980.0, 7382.0], [1978.75, 19800.0], [1978.5, 20024.0], [1978.25, 80.0], [1978.0, 80.0], [1976.75, 40720.0], [1976.25, 26636.0], [1976.0, 40.0], [1975.75, 40580.0], [1973.5, 40000.0], [1973.25, 81183.0]], "asks": [[1983.25, 2225.0], [1983.5, 7320.0], [1983.75, 9014.0], [1984.0, 2315.0], [1984.25, 3078.0], [1984.5, 1600.0], [1984.75, 10716.0], [1985.0, 41600.0], [1985.25, 450.0], [1985.5, 3695.0], [1985.75, 7284.0], [1986.5, 22528.0], [1988.5, 5839.0], [1988.75, 19562.0], [1989.5, 39916.0], [1990.0, 62600.0], [1990.25, 48.0], [1990.75, 48.0], [1991.0, 48.0], [1991.75, 12.0]]}}}
{"jsonrpc": "2.0", "method": "subscription", "params": {"channel": "book.ETH-13MAR26.none.20.100ms", "data": {"timestamp": 1772570273505, "change_id": 111785034746, "instrument_name": "ETH-13MAR26", "bids": [[1984.0, 1205.0], [1983.75, 5668.0], [1983.5, 331.0], [1983.25, 1000.0], [1982.5, 500.0], [1980.75, 4873.0], [1980.5, 18302.0], [1979.25, 4869.0], [1978.75, 14568.0], [1977.5, 29572.0], [1977.25, 5073.0], [1976.5, 21563.0], [1976.25, 30048.0], [1976.0, 40000.0], [1975.25, 29260.0], [1973.0, 40000.0], [1971.0, 29534.0], [1969.75, 40000.0], [1969.0, 81183.0], [1964.75, 20179.0]], "asks": [[1984.5, 1495.0], [1984.75, 2443.0], [1985.0, 10890.0], [1987.0, 299.0], [1987.25, 1299.0], [1987.5, 1299.0], [1987.75, 1000.0], [1988.0, 299.0], [1988.25, 1000.0], [1988.5, 1457.0], [1988.75, 4881.0], [1989.0, 3.0], [1989.25, 12.0], [1990.0, 6500.0], [1990.25, 57147.0], [1990.75, 30507.0], [1991.0, 34550.0], [1993.0, 40000.0], [1993.5, 51.0], [1993.75, 29736.0]]}}}
{"jsonrpc": "2.0", "method": "subscription", "params": {"channel": "book.ETH-6MAR26.none.20.100ms", "data": {"timestamp": 1772570273683, "change_id": 111785035054, "instrument_name": "ETH-6MAR26", "bids": [[1982.75, 5731.0], [1982.5, 1262.0], [1982.25, 10063.0], [1982.0, 40000.0], [1981.0, 5634.0], [1980.75, 18608.0], [1980.25, 2204.0], [1980.0, 7382.0], [1979.0, 5910.0], [1978.75, 25777.0], [1978.5, 20024.0], [1978.25, 80.0], [1978.0, 80.0], [1976.75, 40720.0], [1976.25, 26636.0], [1976.0, 40.0], [1975.75, 40580.0], [1973.5, 40000.0], [1973.0, 58746.0], [1972.0, 40.0]], "asks": [[1983.25, 2225.0], [1983.5, 3403.0], [1983.75, 12931.0], [1984.0, 1814.0], [1984.25, 1478.0], [1984.5, 1600.0], [1984.75, 10716.0], [1985.0, 41600.0], [1985.5, 2095.0], [1985.75, 7284.0], [1986.5, 22528.0], [1988.5, 5839.0], [1988.75, 19562.0], [1989.5, 39916.0], [1990.0, 62600.0], [1990.25, 48.0], [1990.75, 48.0], [1991.0, 48.0], [1991.75, 12.0], [1992.0, 40040.0]]}}}
{"jsonrpc": "2.0", "method": "subscription", "params": {"channel": "book.ETH-13MAR26.none.20.100ms", "data": {"timestamp": 1772570274038, "change_id": 111785035794, "instrument_name": "ETH-13MAR26", "bids": [[1984.25, 1238.0], [1984.0, 5873.0], [1983.75, 1032.0], [1983.5, 299.0], [1983.25, 1000.0], [1982.5, 500.0], [1980.75, 4873.0], [1980.5, 18302.0], [1979.25, 4869.0], [1978.75, 14568.0], [1977.5, 29572.0], [1977.25, 5073.0], [1976.5, 21563.0], [1976.25, 30048.0], [1976.0, 40000.0], [1975.25, 29260.0], [1973.0, 40000.0], [1971.0, 29534.0], [1969.75, 40000.0], [1969.0, 81183.0]], "asks": [[1984.75, 625.0], [1985.0, 1207.0], [1985.25, 4075.0], [1987.0, 299.0], [1987.25, 1299.0], [1987.5, 1299.0], [1987.75, 1000.0], [1988.0, 299.0], [1988.25, 1000.0], [1988.5, 1457.0], [1988.75, 4881.0], [1989.0, 3.0], [1989.25, 12.0], [1990.0, 6500.0], [1990.25, 57147.0], [1990.75, 30507.0], [1991.0, 34550.0], [1993.0, 40000.0], [1993.5, 51.0], [1993.75, 29736.0]]}}}
{"jsonrpc": "2.0", "method": "subscription", "params": {"channel": "book.ETH-6MAR26.none.20.100ms", "data": {"timestamp": 1772570274028, "change_id": 111785035757, "instrument_name": "ETH-6MAR26", "bids": [[1983.0, 5967.0], [1982.75, 1814.0], [1982.5, 1262.0], [1982.25, 10063.0], [1982.0, 40000.0], [1981.0, 5634.0], [1980.75, 18608.0], [1980.25, 2204.0], [1980.0, 7382.0], [1979.0, 5910.0], [1978.75, 25777.0], [1978.5, 20024.0], [1978.25, 80.0], [1978.0, 80.0], [1976.75, 40720.0], [1976.25, 26636.0], [1976.0, 40.0], [1975.75, 40580.0], [1975.25, 40000.0], [1973.5, 40000.0]], "asks": [[1983.5, 1600.0], [1983.75, 2796.0], [1984.0, 5731.0], [1984.25, 1478.0], [1984.5, 1600.0], [1984.75, 10716.0], [1985.0, 41600.0], [1985.5, 2095.0], [1985.75, 7284.0], [1986.5, 22528.0], [1988.5, 5839.0], [1988.75, 19562.0], [1989.5, 39916.0], [1990.0, 62600.0], [1990.25, 48.0], [1990.75, 48.0], [1991.0, 48.0], [1991.75, 12.0], [1992.0, 40040.0], [1993.0, 151.0]]}}}
{"jsonrpc": "2.0", "method": "subscription", "params": {"channel": "book.ETH-13MAR26.none.20.100ms", "data": {"timestamp": 1772570274301, "change_id": 111785036583, "instrument_name": "ETH-13MAR26", "bids": [[1984.25, 238.0], [1984.0, 5873.0], [1983.75, 1032.0], [1983.5, 299.0], [1983.25, 1000.0], [1982.5, 500.0], [1980.75, 4873.0], [1980.5, 18302.0], [1979.25, 4869.0], [1978.75, 14568.0], [1977.5, 29572.0], [1976.5, 1268.0], [1976.25, 30048.0], [1976.0, 65368.0], [1975.25, 29260.0], [1973.0, 40000.0], [1971.0, 29534.0], [1969.75, 40000.0], [1969.0, 81183.0], [1964.75, 20179.0]], "asks": [[1984.75, 625.0], [1985.0, 1239.0], [1985.25, 4043.0], [1987.0, 299.0], [1987.25, 1299.0], [1987.5, 1299.0], [1987.75, 1000.0], [1988.0, 299.0], [1988.25, 1000.0], [1988.5, 1457.0], [1988.75, 4881.0], [1989.0, 3.0], [1989.25, 12.0], [1990.0, 6500.0], [1990.25, 57147.0], [1990.75, 30507.0], [1991.0, 34550.0], [1993.0, 40000.0], [1993.5, 51.0], [1993.75, 29736.0]]}}}
{"jsonrpc": "2.0", "method": "subscription", "params": {"channel": "book.ETH-6MAR26.none.20.100ms", "data": {"timestamp": 1772570274047, "change_id": 111785036605, "instrument_name": "ETH-6MAR26", "bids": [[1983.0, 5967.0], [1982.75, 3801.0], [1982.5, 8101.0], [1982.25, 10063.0], [1982.0, 40000.0], [1981.0, 5634.0], [1980.75, 18608.0], [1980.25, 2204.0], [1980.0, 7382.0], [1979.0, 5910.0], [1978.75, 25777.0], [1978.5, 20024.0], [1978.25, 80.0], [1978.0, 80.0], [1976.75, 40720.0], [1976.25, 26636.0], [1976.0, 40.0], [1975.75, 40580.0], [1975.25, 40000.0], [1973.5, 40000.0]], "asks": [[1983.5, 1600.0], [1983.75, 2796.0], [1984.0, 5731.0], [1984.25, 1478.0], [1984.5, 1600.0], [1984.75, 10716.0], [1985.0, 41600.0], [1985.5, 2095.0], [1985.75, 7284.0], [1986.25, 6086.0], [1986.5, 22528.0], [1988.0, 40.0], [1988.5, 5839.0], [1988.75, 19562.0], [1989.5, 39916.0], [1990.0, 62600.0], [1990.25, 48.0], [1990.75, 48.0], [1991.0, 48.0], [1991.75, 12.0]]}}}
{"jsonrpc": "2.0", "method": "subscription", "params": {"channel": "book.ETH-13MAR26.none.20.100ms", "data": {"timestamp": 1772570274390, "change_id": 111785036676, "instrument_name": "ETH-13MAR26", "bids": [[1984.25, 238.0], [1984.0, 5873.0], [1983.75, 1032.0], [1983.5, 299.0], [1983.25, 1000.0], [1983.0, 299.0], [1982.75, 1000.0], [1982.5, 500.0], [1980.75, 4873.0], [1980.5, 18302.0], [1979.25, 4869.0], [1978.75, 14568.0], [1977.5, 29572.0], [1976.5, 1268.0], [1976.25, 30048.0], [1976.0, 65368.0], [1975.25, 29260.0], [1973.0, 40000.0], [1971.0, 29534.0], [1969.75, 40000.0]], "asks": [[1984.75, 1625.0], [1985.0, 1239.0], [1985.25, 4043.0], [1986.75, 299.0], [1987.0, 1299.0], [1987.25, 1000.0], [1987.5, 299.0], [1987.75, 1000.0], [1988.0, 299.0], [1988.25, 1000.0], [1988.5, 1457.0], [1988.75, 4881.0], [1989.0, 3.0], [1989.25, 12.0], [1990.0, 6500.0], [1990.25, 57147.0], [1990.75, 30507.0], [1991.0, 34550.0], [1993.0, 40000.0], [1993.5, 51.0]]}}}
{"jsonrpc": "2.0", "method": "subscription", "params": {"channel": "book.ETH-6MAR26.none.20.100ms", "data": {"timestamp": 1772570274546, "change_id": 111785036919, "instrument_name": "ETH-6MAR26", "bids": [[1983.0, 5967.0], [1982.75, 2237.0], [1982.5, 2862.0], [1982.25, 10063.0], [1982.0, 40000.0], [1981.0, 5634.0], [1980.75, 18608.0], [1980.25, 2204.0], [1980.0, 7382.0], [1979.0, 5910.0], [1978.75, 25777.0], [1978.5, 20024.0], [1978.25, 80.0], [1978.0, 80.0], [1976.75, 40720.0], [1976.25, 26636.0], [1976.0, 40.0], [1975.75, 40580.0], [1975.25, 40000.0], [1973.5, 40000.0]], "asks": [[1983.5, 1600.0], [1983.75, 2796.0], [1984.0, 5731.0], [1984.25, 1478.0], [1984.5, 1600.0], [1984.75, 10716.0], [1985.0, 40000.0], [1985.5, 2095.0], [1985.75, 7284.0], [1986.25, 6086.0], [1986.5, 22528.0], [1988.0, 40.0], [1988.5, 5839.0], [1988.75, 19562.0], [1989.5, 39916.0], [1990.0, 62600.0], [1990.25, 48.0], [1990.75, 48.0], [1991.0, 48.0], [1991.75, 12.0]]}}}
{"jsonrpc": "2.0", "method": "subscription", "params": {"channel": "book.ETH-13MAR26.none.20.100ms", "data": {"timestamp": 1772570275343, "change_id": 111785038503, "instrument_name": "ETH-13MAR26", "bids": [[1984.25, 521.0], [1984.0, 5873.0], [1983.75, 1032.0], [1983.5, 299.0], [1983.25, 1000.0], [1983.0, 299.0], [1982.75, 1000.0], [1982.5, 500.0], [1980.75, 4873.0], [1980.5, 18302.0], [1979.25, 4869.0], [1978.75, 14568.0], [1977.5, 29572.0], [1976.5, 1268.0], [1976.25, 30048.0], [1976.0, 65368.0], [1975.25, 29260.0], [1973.0, 40000.0], [1971.0, 29534.0], [1969.75, 40000.0]], "asks": [[1984.75, 1000.0], [1985.0, 1239.0], [1985.25, 4668.0], [1986.75, 299.0], [1987.0, 1299.0], [1987.25, 1000.0], [1987.5, 299.0], [1987.75, 1000.0], [1988.0, 299.0], [1988.25, 1000.0], [1988.5, 1457.0], [1988.75, 4881.0], [1989.0, 3.0], [1989.25, 12.0], [1990.0, 6500.0], [1990.25, 57147.0], [1990.75, 30507.0], [1991.0, 34550.0], [1993.0, 40000.0], [1993.5, 51.0]]}}}
{"jsonrpc": "2.0", "method": "subscription", "params": {"channel": "book.ETH-6MAR26.none.20.100ms", "data": {"timestamp": 1772570275349, "change_id": 111785038510, "instrument_name": "ETH-6MAR26", "bids": [[1983.0, 5967.0], [1982.75, 2862.0], [1982.5, 2237.0], [1982.25, 10063.0], [1982.0, 40000.0], [1981.0, 5634.0], [1980.75, 18608.0], [1980.25, 2204.0], [1980.0, 7382.0], [1979.0, 5910.0], [1978.75, 25777.0], [1978.5, 20024.0], [1978.25, 80.0], [1978.0, 80.0], [1976.75, 40720.0], [1976.25, 26636.0], [1976.0, 40.0], [1975.75, 40580.0], [1975.25, 40000.0], [1973.5, 40000.0]], "asks": [[1983.5, 1600.0], [1983.75, 2225.0], [1984.0, 5731.0], [1984.25, 1478.0], [1984.5, 1600.0], [1984.75, 10716.0], [1985.0, 40000.0], [1985.5, 2095.0], [1985.75, 7284.0], [1986.25, 6086.0], [1986.5, 22528.0], [1988.0, 40.0], [1988.5, 5839.0], [1988.75, 19562.0], [1989.5, 39916.0], [1990.0, 62600.0], [1990.25, 48.0], [1990.75, 48.0], [1991.0, 48.0], [1991.75, 12.0]]}}}
{"jsonrpc": "2.0", "method": "subscription", "params": {"channel": "book.ETH-13MAR26.none.20.100ms", "data": {"timestamp": 1772570275629, "change_id": 111785040056, "instrument_name": "ETH-13MAR26", "bids": [[1984.5, 5388.0], [1984.25, 1863.0], [1984.0, 1612.0], [1983.75, 2000.0], [1983.5, 299.0], [1983.25, 1000.0], [1983.0, 299.0], [1982.75, 1000.0], [1982.5, 500.0], [1980.75, 4873.0], [1980.5, 18302.0], [1979.0, 4869.0], [1978.75, 14568.0], [1977.5, 29572.0], [1976.5, 1268.0], [1976.25, 30048.0], [1976.0, 65368.0], [1975.25, 29260.0], [1973.0, 40000.0], [1971.0, 29534.0]], "asks": [[1985.0, 1000.0], [1985.25, 1702.0], [1985.5, 4043.0], [1987.0, 299.0], [1987.25, 1000.0], [1987.5, 299.0], [1987.75, 1000.0], [1988.0, 299.0], [1988.25, 1000.0], [1988.5, 1457.0], [1988.75, 4881.0], [1989.0, 3.0], [1989.25, 12.0], [1990.0, 6500.0], [1990.25, 57147.0], [1990.75, 30507.0], [1991.0, 34550.0], [1993.0, 40000.0], [1993.5, 51.0], [1993.75, 29736.0]]}}}
{"jsonrpc": "2.0", "method": "subscription", "params": {"channel": "book.ETH-6MAR26.none.20.100ms", "data": {"timestamp": 1772570275629, "change_id": 111785040057, "instrument_name": "ETH-6MAR26", "bids": [[1983.25, 5967.0], [1983.0, 2675.0], [1982.75, 2237.0], [1982.5, 2237.0], [1982.25, 10063.0], [1982.0, 40000.0], [1981.0, 5634.0], [1980.75, 18608.0], [1980.25, 2204.0], [1980.0, 7382.0], [1979.0, 5910.0], [1978.75, 25777.0], [1978.5, 20024.0], [1978.25, 80.0], [1978.0, 80.0], [1976.75, 40720.0], [1976.25, 26636.0], [1976.0, 40.0], [1975.75, 40580.0], [1975.25, 40000.0]], "asks": [[1983.75, 625.0], [1984.0, 1600.0], [1984.25, 4395.0], [1984.5, 1600.0], [1984.75, 10716.0], [1985.0, 41000.0], [1987.5, 6086.0], [1987.75, 22600.0], [1988.0, 7410.0], [1988.5, 5839.0], [1988.75, 19562.0], [1989.5, 39916.0], [1990.0, 62600.0], [1990.25, 48.0], [1990.75, 48.0], [1991.0, 48.0], [1991.75, 12.0], [1992.0, 40040.0], [1993.0, 151.0], [1994.0, 100.0]]}}}
{"jsonrpc": "2.0", "method": "subscription", "params": {"channel": "book.ETH-6MAR26.none.20.100ms", "data": {"timestamp": 1772570275728, "change_id": 111785040327, "instrument_name": "ETH-6MAR26", "bids": [[1983.25, 5967.0], [1983.0, 4687.0], [1982.75, 9077.0], [1982.5, 2237.0], [1982.25, 10063.0], [1982.0, 40000.0], [1981.0, 5634.0], [1980.75, 18608.0], [1980.25, 2204.0], [1980.0, 7382.0], [1979.0, 5910.0], [1978.75, 25777.0], [1978.5, 20024.0], [1978.25, 80.0], [1978.0, 80.0], [1976.75, 40720.0], [1976.25, 26636.0], [1976.0, 40.0], [1975.75, 40580.0], [1975.25, 40000.0]], "asks": [[1983.75, 625.0], [1984.0, 1600.0], [1984.25, 4395.0], [1984.5, 1600.0], [1984.75, 10716.0], [1985.0, 41000.0], [1985.75, 7061.0], [1987.5, 6086.0], [1987.75, 22600.0], [1988.0, 40.0], [1988.5, 5839.0], [1988.75, 19562.0], [1989.5, 39916.0], [1990.0, 62600.0], [1990.25, 48.0], [1990.75, 48.0], [1991.0, 48.0], [1991.75, 12.0], [1992.0, 40040.0], [1993.0, 151.0]]}}}
{"jsonrpc": "2.0", "method": "subscription", "params": {"channel": "book.ETH-13MAR26.none.20.100ms", "data": {"timestamp": 1772570276072, "change_id": 111785040909, "instrument_name": "ETH-13MAR26", "bids": [[1984.5, 4388.0], [1984.25, 1863.0], [1984.0, 1612.0], [1983.75, 2000.0], [1983.5, 299.0], [1983.25, 1000.0], [1983.0, 299.0], [1982.75, 1000.0], [1982.5, 500.0], [1980.75, 4873.0], [1980.5, 18302.0], [1979.0, 4869.0], [1978.75, 14568.0], [1977.5, 29572.0], [1976.5, 1268.0], [1976.25, 30048.0], [1976.0, 65368.0], [1975.25, 29260.0], [1973.0, 40000.0], [1971.0, 29534.0]], "asks": [[1985.0, 1000.0], [1985.25, 1702.0], [1985.5, 4043.0], [1987.0, 299.0], [1987.25, 1000.0], [1987.5, 299.0], [1987.75, 1000.0], [1988.0, 299.0], [1988.25, 1000.0], [1988.5, 1457.0], [1988.75, 4881.0], [1989.0, 3.0], [1989.25, 12.0], [1990.0, 6500.0], [1990.25, 57147.0], [1990.75, 30507.0], [1991.0, 34550.0], [1993.0, 40000.0], [1993.5, 51.0], [1993.75, 29736.0]]}}}
{"jsonrpc": "2.0", "method": "subscription", "params": {"channel": "book.ETH-6MAR26.none.20.100ms", "data": {"timestamp": 1772570276063, "change_id": 111785040879, "instrument_name": "ETH-6MAR26", "bids": [[1983.25, 5967.0], [1983.0, 4687.0], [1982.75, 9077.0], [1982.5, 2237.0], [1982.25, 10063.0], [1982.0, 40000.0], [1981.0, 5634.0], [1980.75, 18608.0], [1980.25, 2204.0], [1980.0, 7382.0], [1979.0, 5910.0], [1978.75, 25777.0], [1978.5, 20024.0], [1978.25, 80.0], [1978.0, 80.0], [1976.75, 40720.0], [1976.25, 26636.0], [1976.0, 40.0], [1975.75, 40580.0], [1975.25, 40000.0]], "asks": [[1983.75, 625.0], [1984.0, 2232.0], [1984.25, 4395.0], [1984.5, 1600.0], [1984.75, 10716.0], [1985.0, 41000.0], [1985.75, 7061.0], [1987.5, 6086.0], [1987.75, 22600.0], [1988.0, 40.0], [1988.5, 5839.0], [1988.75, 19562.0], [1989.5, 39916.0], [1990.0, 62600.0], [1990.25, 48.0], [1990.75, 48.0], [1991.0, 48.0], [1991.75, 12.0], [1992.0, 40040.0], [1993.0, 151.0]]}}}
{"jsonrpc": "2.0", "method": "subscription", "params": {"channel": "book.ETH-6MAR26.none.20.100ms", "data": {"timestamp": 1772570276498, "change_id": 111785041567, "instrument_name": "ETH-6MAR26", "bids": [[1983.25, 5967.0], [1983.0, 4687.0], [1982.75, 9077.0], [1982.5, 2237.0], [1982.25, 10063.0], [1982.0, 40000.0], [1981.0, 5634.0], [1980.75, 18608.0], [1980.25, 2204.0], [1980.0, 7382.0], [1979.0, 5910.0], [1978.75, 25777.0], [1978.5, 20024.0], [1978.25, 80.0], [1978.0, 80.0], [1976.75, 40720.0], [1976.25, 26636.0], [1976.0, 40.0], [1975.75, 40580.0], [1975.25, 40000.0]], "asks": [[1983.75, 2225.0], [1984.0, 2232.0], [1984.25, 4395.0], [1984.5, 1600.0], [1984.75, 10716.0], [1985.0, 41000.0], [1985.75, 7061.0], [1987.5, 6086.0], [1987.75, 22600.0], [1988.0, 40.0], [1988.5, 5839.0], [1988.75, 19562.0], [1989.5, 39916.0], [1990.0, 62600.0], [1990.25, 48.0], [1990.75, 48.0], [1991.0, 48.0], [1991.75, 12.0], [1992.0, 40040.0], [1993.0, 151.0]]}}}
{"jsonrpc": "2.0", "method": "subscription", "params": {"channel": "book.ETH-13MAR26.none.20.100ms", "data": {"timestamp": 1772570276903, "change_id": 111785041968, "instrument_name": "ETH-13MAR26", "bids": [[1984.5, 4388.0], [1984.25, 1863.0], [1984.0, 1612.0], [1983.75, 2000.0], [1983.5, 299.0], [1983.25, 1000.0], [1983.0, 299.0], [1982.75, 1000.0], [1982.5, 500.0], [1980.75, 4873.0], [1980.5, 18302.0], [1979.0, 4869.0], [1978.75, 14568.0], [1977.5, 29572.0], [1976.5, 1268.0], [1976.25, 50343.0], [1976.0, 45073.0], [1975.25, 29260.0], [1973.0, 40000.0], [1971.0, 29534.0]], "asks": [[1985.0, 1000.0], [1985.25, 1702.0], [1985.5, 4043.0], [1987.0, 299.0], [1987.25, 1000.0], [1987.5, 299.0], [1987.75, 1000.0], [1988.0, 299.0], [1988.25, 1000.0], [1988.5, 1457.0], [1988.75, 4881.0], [1989.0, 3.0], [1989.25, 12.0], [1990.0, 6500.0], [1990.25, 57147.0], [1990.75, 30507.0], [1991.0, 34550.0], [1993.0, 40000.0], [1993.5, 51.0], [1993.75, 29736.0]]}}}
{"jsonrpc": "2.0", "method": "subscription", "params": {"channel": "book.ETH-6MAR26.none.20.100ms", "data": {"timestamp": 1772570276869, "change_id": 111785041954, "instrument_name": "ETH-6MAR26", "bids": [[1983.25, 9934.0], [1983.0, 4687.0], [1982.75, 9077.0], [1982.5, 2237.0], [1982.25, 10063.0], [1982.0, 40000.0], [1981.0, 5634.0], [1980.75, 18608.0], [1980.25, 2204.0], [1980.0, 7382.0], [1979.0, 5910.0], [1978.75, 25777.0], [1978.5, 20024.0], [1978.25, 80.0], [1978.0, 80.0], [1976.75, 40720.0], [1976.25, 26636.0], [1976.0, 40.0], [1975.75, 40580.0], [1975.25, 40000.0]], "asks": [[1983.75, 2225.0], [1984.0, 2322.0], [1984.25, 4395.0], [1984.5, 1600.0], [1984.75, 10716.0], [1985.0, 41000.0], [1985.75, 7061.0], [1987.5, 6086.0], [1987.75, 22600.0], [1988.0, 40.0], [1988.5, 5839.0], [1988.75, 19562.0], [1989.5, 39916.0], [1990.0, 62600.0], [1990.25, 48.0], [1990.75, 48.0], [1991.0, 48.0], [1991.75, 12.0], [1992.0, 40040.0], [1993.0, 151.0]]}}}
{"jsonrpc": "2.0", "method": "subscription", "params": {"channel": "book.ETH-13MAR26.none.20.100ms", "data": {"timestamp": 1772570277251, "change_id": 111785042669, "instrument_name": "ETH-13MAR26", "bids": [[1984.5, 4388.0], [1984.25, 1863.0], [1984.0, 1612.0], [1983.75, 2000.0], [1983.5, 299.0], [1983.25, 1000.0], [1983.0, 299.0], [1982.75, 1000.0], [1982.5, 500.0], [1980.75, 4873.0], [1980.5, 18302.0], [1979.0, 4869.0], [1978.75, 14568.0], [1977.5, 29572.0], [1976.5, 1268.0], [1976.25, 55416.0], [1976.0, 40000.0], [1975.25, 29260.0], [1973.0, 40000.0], [1971.0, 29534.0]], "asks": [[1985.0, 1000.0], [1985.25, 1702.0], [1985.5, 4043.0], [1987.0, 299.0], [1987.25, 1000.0], [1987.5, 299.0], [1987.75, 1000.0], [1988.0, 299.0], [1988.25, 1000.0], [1988.5, 1457.0], [1988.75, 4881.0], [1989.0, 3.0], [1989.25, 12.0], [1990.0, 6500.0], [1990.25, 57147.0], [1990.75, 30507.0], [1991.0, 34550.0], [1993.0, 40000.0], [1993.5, 51.0], [1993.75, 29736.0]]}}}
{"jsonrpc": "2.0", "method": "subscription", "params": {"channel": "book.ETH-13MAR26.none.20.100ms", "data": {"timestamp": 1772570277569, "change_id": 111785042946, "instrument_name": "ETH-13MAR26", "bids": [[1984.5, 4388.0], [1984.25, 1863.0], [1984.0, 1612.0], [1983.75, 2000.0], [1983.5, 299.0], [1983.25, 1000.0], [1983.0, 299.0], [1982.75, 1000.0], [1982.5, 500.0], [1980.75, 4873.0], [1980.5, 18302.0], [1979.0, 4869.0], [1978.75, 14568.0], [1977.5, 29572.0], [1976.5, 1268.0], [1976.25, 55416.0], [1976.0, 40000.0], [1975.25, 29260.0], [1973.0, 40000.0], [1971.0, 29534.0]], "asks": [[1985.0, 1000.0], [1985.25, 1702.0], [1985.5, 4043.0], [1987.0, 299.0], [1987.25, 1000.0], [1987.5, 299.0], [1987.75, 1000.0], [1988.0, 299.0], [1988.25, 1000.0], [1988.5, 1457.0], [1988.75, 4881.0], [1989.0, 3.0], [1989.25, 12.0], [1990.0, 6500.0], [1990.25, 57147.0], [1990.75, 30507.0], [1991.0, 34550.0], [1993.0, 40000.0], [1993.5, 51.0], [1993.75, 29736.0]]}}}
{"jsonrpc": "2.0", "method": "subscription", "params": {"channel": "book.ETH-13MAR26.none.20.100ms", "data": {"timestamp": 1772570277958, "change_id": 111785043920, "instrument_name": "ETH-13MAR26", "bids": [[1984.25, 4906.0], [1984.0, 1612.0], [1983.75, 2000.0], [1983.5, 299.0], [1983.25, 1000.0], [1983.0, 299.0], [1982.75, 1000.0], [1982.5, 500.0], [1980.75, 4873.0], [1980.5, 18302.0], [1979.0, 4869.0], [1978.75, 14568.0], [1977.5, 29572.0], [1976.5, 1268.0], [1976.25, 55416.0], [1976.0, 40000.0], [1975.25, 29260.0], [1973.0, 40000.0], [1971.0, 29534.0], [1969.75, 40000.0]], "asks": [[1984.75, 1000.0], [1985.0, 1964.0], [1985.25, 4700.0], [1987.0, 299.0], [1987.25, 1000.0], [1987.5, 299.0], [1987.75, 1000.0], [1988.0, 299.0], [1988.25, 1000.0], [1988.5, 1457.0], [1988.75, 4881.0], [1989.0, 3.0], [1989.25, 12.0], [1990.0, 6500.0], [1990.25, 57147.0], [1990.75, 30507.0], [1991.0, 34550.0], [1993.0, 40000.0], [1993.5, 51.0], [1993.75, 29736.0]]}}}
{"jsonrpc": "2.0", "method": "subscription", "params": {"channel": "book.ETH-6MAR26.none.20.100ms", "data": {"timestamp": 1772570277936, "change_id": 111785043820, "instrument_name": "ETH-6MAR26", "bids": [[1983.25, 7153.0], [1983.0, 5967.0], [1982.75, 2862.0], [1982.5, 2237.0], [1982.25, 10063.0], [1982.0, 40000.0], [1981.0, 5634.0], [1980.75, 18608.0], [1980.25, 2204.0], [1980.0, 7382.0], [1979.0, 5910.0], [1978.75, 25777.0], [1978.5, 20024.0], [1978.25, 80.0], [1978.0, 80.0], [1977.0, 51.0], [1976.75, 40720.0], [1976.25, 26636.0], [1976.0, 40.0], [1975.75, 40580.0]], "asks": [[1983.75, 2225.0], [1984.0, 5517.0], [1984.25, 478.0], [1984.5, 1600.0], [1984.75, 10716.0], [1985.0, 41000.0], [1985.5, 2108.0], [1985.75, 7061.0], [1987.5, 6086.0], [1987.75, 22600.0], [1988.0, 40.0], [1988.5, 5839.0], [1988.75, 19562.0], [1989.5, 39916.0], [1990.0, 62600.0], [1990.25, 48.0], [1990.75, 48.0], [1991.0, 48.0], [1991.75, 12.0], [1992.0, 40040.0]]}}}
{"jsonrpc": "2.0", "method": "subscription", "params": {"channel": "book.ETH-13MAR26.none.20.100ms", "data": {"timestamp": 1772570278271, "change_id": 111785044775, "instrument_name": "ETH-13MAR26", "bids": [[1984.25, 4906.0], [1984.0, 1612.0], [1983.75, 2000.0], [1983.5, 299.0], [1983.25, 1000.0], [1983.0, 299.0], [1982.75, 1000.0], [1982.5, 500.0], [1980.75, 4873.0], [1980.5, 18302.0], [1979.0, 4869.0], [1978.75, 14568.0], [1977.5, 29572.0], [1976.5, 26636.0], [1976.25, 30048.0], [1976.0, 40000.0], [1975.25, 29260.0], [1973.0, 40000.0], [1971.0, 29534.0], [1969.75, 40000.0]], "asks": [[1984.75, 1000.0], [1985.0, 1964.0], [1985.25, 4700.0], [1987.0, 299.0], [1987.25, 1000.0], [1987.5, 299.0], [1987.75, 1000.0], [1988.0, 299.0], [1988.25, 1000.0], [1988.5, 1457.0], [1988.75, 4881.0], [1989.0, 3.0], [1989.25, 12.0], [1990.0, 6500.0], [1990.25, 57147.0], [1990.75, 30507.0], [1991.0, 34550.0], [1993.0, 40000.0], [1993.5, 51.0], [1993.75, 29736.0]]}}}
{"jsonrpc": "2.0", "method": "subscription", "params": {"channel": "book.ETH-13MAR26.none.20.100ms", "data": {"timestamp": 1772570278577, "change_id": 111785045123, "instrument_name": "ETH-13MAR26", "bids": [[1984.25, 5912.0], [1984.0, 1612.0], [1983.75, 2000.0], [1983.5, 299.0], [1983.25, 1000.0], [1983.0, 299.0], [1982.75, 1000.0], [1982.5, 500.0], [1980.75, 4873.0], [1980.5, 18302.0], [1979.0, 4869.0], [1978.75, 14568.0], [1977.75, 51.0], [1977.5, 29572.0], [1976.5, 26636.0], [1976.25, 30048.0], [1976.0, 40000.0], [1975.25, 29260.0], [1973.0, 40000.0], [1971.0, 29534.0]], "asks": [[1984.75, 1000.0], [1985.0, 1000.0], [1985.25, 1866.0], [1985.5, 4049.0], [1986.5, 299.0], [1986.75, 1000.0], [1987.0, 299.0], [1987.25, 1000.0], [1987.5, 299.0], [1987.75, 1000.0], [1988.0, 299.0], [1988.25, 1000.0], [1988.5, 1457.0], [1988.75, 4881.0], [1989.0, 3.0], [1989.25, 12.0], [1990.0, 6500.0], [1990.25, 57147.0], [1990.75, 30507.0], [1991.0, 34550.0]]}}}
{"jsonrpc": "2.0", "method": "subscription", "params": {"channel": "book.ETH-6MAR26.none.20.100ms", "data": {"timestamp": 1772570278528, "change_id": 111785045081, "instrument_name": "ETH-6MAR26", "bids": [[1983.25, 3188.0], [1983.0, 5973.0], [1982.75, 2862.0], [1982.5, 2237.0], [1982.25, 10063.0], [1982.0, 40000.0], [1981.0, 5634.0], [1980.75, 18608.0], [1980.25, 2204.0], [1980.0, 7382.0], [1979.0, 5910.0], [1978.75, 25777.0], [1978.5, 20024.0], [1978.25, 80.0], [1978.0, 80.0], [1977.0, 51.0], [1976.75, 40720.0], [1976.25, 26636.0], [1976.0, 40.0], [1975.75, 40580.0]], "asks": [[1983.75, 2225.0], [1984.0, 5523.0], [1984.25, 478.0], [1984.5, 1600.0], [1984.75, 10716.0], [1985.0, 41000.0], [1985.5, 2108.0], [1985.75, 7061.0], [1987.5, 6086.0], [1987.75, 22600.0], [1988.0, 40.0], [1988.5, 5839.0], [1988.75, 19562.0], [1989.5, 39916.0], [1990.0, 62600.0], [1990.25, 48.0], [1990.75, 48.0], [1991.0, 48.0], [1991.75, 12.0], [1992.0, 40040.0]]}}}
{"jsonrpc": "2.0", "method": "subscription", "params": {"channel": "book.ETH-13MAR26.none.20.100ms", "data": {"timestamp": 1772570279287, "change_id": 111785046253, "instrument_name": "ETH-13MAR26", "bids": [[1984.5, 2169.0], [1984.25, 5287.0], [1984.0, 1612.0], [1983.75, 2000.0], [1983.5, 299.0], [1983.25, 1000.0], [1983.0, 299.0], [1982.75, 1000.0], [1982.5, 500.0], [1980.75, 4873.0], [1980.5, 18302.0], [1979.0, 4869.0], [1978.75, 14568.0], [1977.75, 51.0], [1977.5, 29572.0], [1976.5, 26636.0], [1976.25, 30048.0], [1976.0, 40000.0], [1975.25, 29260.0], [1973.0, 40000.0]], "asks": [[1985.0, 1000.0], [1985.25, 1627.0], [1985.5, 4049.0], [1986.5, 299.0], [1986.75, 1000.0], [1987.0, 299.0], [1987.25, 1000.0], [1987.5, 299.0], [1987.75, 1000.0], [1988.0, 299.0], [1988.25, 1000.0], [1988.5, 1457.0], [1988.75, 4881.0], [1989.0, 3.0], [1989.25, 12.0], [1990.0, 6500.0], [1990.25, 57147.0], [1990.75, 30507.0], [1991.0, 34550.0], [1993.0, 40000.0]]}}}
