{"jsonrpc": "2.0", "method": "subscription", "params": {"channel": "book.ETH-15AUG25.none.20.100ms", "data": {"timestamp": 1755203255167, "change_id": 81474210320, "instrument_name": "ETH-15AUG25", "bids": [[4538.5, 160.0], [4538.25, 1000.0], [4538.0, 1509.0], [4537.75, 5437.0], [4537.25, 4200.0], [4537.0, 14000.0], [4536.75, 2565.0], [4536.5, 8701.0], [4535.75, 10246.0], [4535.25, 359.0], [4535.0, 1197.0], [4534.5, 354.0], [4534.25, 1179.0], [4534.0, 5403.0], [4533.75, 18010.0], [4533.5, 365.0], [4533.25, 1218.0], [4533.0, 370.0], [4532.75, 1233.0], [4532.0, 353.0]], "asks": [[4538.75, 7851.0], [4539.0, 12830.0], [4539.25, 14882.0], [4539.5, 25058.0], [4539.75, 13273.0], [4540.0, 54727.0], [4540.25, 5069.0], [4540.5, 11411.0], [4540.75, 2429.0], [4541.0, 2306.0], [4541.25, 1233.0], [4541.75, 2365.0], [4542.0, 1218.0], [4542.75, 370.0], [4543.0, 1233.0], [4543.25, 362.0], [4543.5, 4314.0], [4543.75, 18220.0], [4544.0, 26215.0], [4544.25, 360.0]]}}}
{"jsonrpc": "2.0", "method": "subscription", "params": {"channel": "book.ETH-22AUG25.none.20.100ms", "data": {"timestamp": 1755203255491, "change_id": 81474210882, "instrument_name": "ETH-22AUG25", "bids": [[4546.0, 452.0], [4545.75, 1646.0], [4545.5, 1406.0], [4545.25, 5545.0], [4545.0, 14542.0], [4544.75, 1352.0], [4543.75, 1346.0], [4543.5, 10231.0], [4543.25, 8846.0], [4543.0, 404.0], [4542.75, 1346.0], [4542.5, 404.0], [4542.25, 1346.0], [4542.0, 404.0], [4541.75, 1346.0], [4541.5, 399.0], [4541.25, 1329.0], [4541.0, 394.0], [4540.75, 1314.0], [4540.5, 394.0]], "asks": [[4546.5, 700.0], [4546.75, 8200.0], [4547.0, 910.0], [4547.25, 1288.0], [4547.5, 6169.0], [4547.75, 15122.0], [4548.0, 2256.0], [4548.25, 910.0], [4548.5, 1112.0], [4548.75, 1301.0], [4549.25, 510.0], [4549.5, 1314.0], [4549.75, 394.0], [4550.0, 1314.0], [4550.25, 401.0], [4550.5, 1338.0], [4550.75, 401.0], [4551.0, 1338.0], [4551.25, 951.0], [4551.5, 3338.0]]}}}
{"jsonrpc": "2.0", "method": "subscription", "params": {"channel": "book.ETH-15AUG25.none.20.100ms", "data": {"timestamp": 1755203255390, "change_id": 81474210733, "instrument_name": "ETH-15AUG25", "bids": [[4538.5, 505.0], [4538.25, 1000.0], [4538.0, 1509.0], [4537.75, 5437.0], [4537.25, 4200.0], [4537.0, 21500.0], [4536.75, 360.0], [4536.5, 1201.0], [4535.75, 10246.0], [4535.25, 359.0], [4535.0, 1197.0], [4534.5, 354.0], [4534.25, 1179.0], [4534.0, 5403.0], [4533.75, 18010.0], [4533.5, 365.0], [4533.25, 1218.0], [4533.0, 370.0], [4532.75, 1233.0], [4532.0, 353.0]], "asks": [[4538.75, 11751.0], [4539.0, 12830.0], [4539.25, 14882.0], [4539.5, 23058.0], [4539.75, 13273.0], [4540.0, 54827.0], [4540.25, 4969.0], [4540.5, 11411.0], [4540.75, 2429.0], [4541.0, 2306.0], [4541.25, 1233.0], [4541.75, 2365.0], [4542.0, 1218.0], [4542.75, 370.0], [4543.0, 1233.0], [4543.25, 362.0], [4543.5, 4314.0], [4543.75, 18220.0], [4544.0, 26215.0], [4544.25, 360.0]]}}}
{"jsonrpc": "2.0", "method": "subscription", "params": {"channel": "book.ETH-22AUG25.none.20.100ms", "data": {"timestamp": 1755203255753, "change_id": 81474211318, "instrument_name": "ETH-22AUG25", "bids": [[4546.25, 1346.0], [4545.75, 300.0], [4545.5, 1566.0], [4545.25, 5545.0], [4545.0, 14382.0], [4544.75, 1352.0], [4543.75, 4294.0], [4543.5, 10231.0], [4543.25, 8846.0], [4543.0, 404.0], [4542.75, 1346.0], [4542.5, 404.0], [4542.25, 1346.0], [4542.0, 404.0], [4541.75, 1346.0], [4541.5, 399.0], [4541.25, 1329.0], [4541.0, 394.0], [4540.75, 1314.0], [4540.5, 394.0]], "asks": [[4546.75, 700.0], [4547.0, 700.0], [4547.25, 700.0], [4547.5, 8200.0], [4547.75, 16122.0], [4548.0, 2256.0], [4548.25, 1070.0], [4548.5, 1112.0], [4548.75, 1301.0], [4549.25, 510.0], [4549.5, 1314.0], [4549.75, 394.0], [4550.0, 1314.0], [4550.25, 401.0], [4550.5, 1338.0], [4550.75, 401.0], [4551.0, 1338.0], [4551.25, 951.0], [4551.5, 3338.0], [4551.75, 399.0]]}}}
{"jsonrpc": "2.0", "method": "subscription", "params": {"channel": "book.ETH-15AUG25.none.20.100ms", "data": {"timestamp": 1755203255823, "change_id": 81474211340, "instrument_name": "ETH-15AUG25", "bids": [[4538.5, 160.0], [4538.25, 6437.0], [4538.0, 4011.0], [4537.75, 14000.0], [4537.0, 7500.0], [4536.75, 360.0], [4536.5, 1201.0], [4535.75, 10246.0], [4535.25, 359.0], [4535.0, 1197.0], [4534.5, 354.0], [4534.25, 1179.0], [4534.0, 5403.0], [4533.75, 18010.0], [4533.5, 365.0], [4533.25, 1218.0], [4533.0, 370.0], [4532.75, 1233.0], [4532.0, 353.0], [4531.75, 1178.0]], "asks": [[4538.75, 11751.0], [4539.0, 12830.0], [4539.25, 11009.0], [4539.5, 9058.0], [4539.75, 9011.0], [4540.0, 2518.0], [4540.25, 16870.0], [4540.5, 3751.0], [4540.75, 2429.0], [4541.0, 2306.0], [4541.25, 8893.0], [4541.75, 2465.0], [4542.0, 1218.0], [4542.75, 370.0], [4543.0, 1233.0], [4543.25, 362.0], [4543.5, 4314.0], [4543.75, 18220.0], [4544.0, 26215.0], [4544.25, 360.0]]}}}
{"jsonrpc": "2.0", "method": "subscription", "params": {"channel": "book.ETH-15AUG25.none.20.100ms", "data": {"timestamp": 1755203256153, "change_id": 81474213598, "instrument_name": "ETH-15AUG25", "bids": [[4536.0, 600.0], [4535.75, 17000.0], [4534.5, 354.0], [4534.25, 1179.0], [4534.0, 5403.0], [4533.75, 18010.0], [4533.5, 7865.0], [4533.25, 1218.0], [4533.0, 370.0], [4532.75, 1233.0], [4531.75, 1178.0], [4531.0, 10023.0], [4530.5, 1207.0], [4530.0, 1188.0], [4529.25, 1257.0], [4529.0, 1218.0], [4528.75, 5031.0], [4527.5, 1201.0], [4527.0, 1201.0], [4526.0, 1201.0]], "asks": [[4538.0, 570.0], [4538.25, 3101.0], [4538.5, 1860.0], [4538.75, 12883.0], [4539.0, 10441.0], [4539.25, 10682.0], [4539.5, 10441.0], [4539.75, 9642.0], [4540.0, 3392.0], [4540.25, 2000.0], [4540.5, 3133.0], [4541.0, 2211.0], [4541.25, 8893.0], [4541.75, 2365.0], [4542.0, 1218.0], [4543.0, 1233.0], [4543.5, 1207.0], [4543.75, 7865.0], [4544.0, 26215.0], [4544.5, 1201.0]]}}}
{"jsonrpc": "2.0", "method": "subscription", "params": {"channel": "book.ETH-22AUG25.none.20.100ms", "data": {"timestamp": 1755203256139, "change_id": 81474213449, "instrument_name": "ETH-22AUG25", "bids": [[4545.5, 1000.0], [4543.75, 1346.0], [4543.25, 1346.0], [4543.0, 404.0], [4542.75, 1346.0], [4542.5, 404.0], [4542.25, 1346.0], [4541.75, 1346.0], [4541.25, 1329.0], [4540.75, 1314.0], [4540.25, 1314.0], [4539.75, 6377.0], [4539.5, 17175.0], [4539.25, 1352.0], [4539.0, 395.0], [4538.75, 11070.0], [4538.25, 1346.0], [4537.25, 1301.0], [4536.75, 1329.0], [4536.5, 1257.0]], "asks": [[4546.0, 2046.0], [4546.25, 2634.0], [4546.5, 1104.0], [4546.75, 1288.0], [4547.0, 2046.0], [4547.25, 700.0], [4547.5, 13078.0], [4547.75, 14676.0], [4548.0, 2046.0], [4548.25, 860.0], [4548.5, 1112.0], [4548.75, 1301.0], [4549.25, 510.0], [4549.5, 1314.0], [4549.75, 394.0], [4550.0, 1314.0], [4550.25, 401.0], [4550.5, 1338.0], [4550.75, 401.0], [4551.0, 1338.0]]}}}
{"jsonrpc": "2.0", "method": "subscription", "params": {"channel": "book.ETH-22AUG25.none.20.100ms", "data": {"timestamp": 1755203256398, "change_id": 81474217120, "instrument_name": "ETH-22AUG25", "bids": [[4544.25, 1700.0], [4544.0, 700.0], [4543.75, 1346.0], [4543.0, 700.0], [4542.75, 13976.0], [4541.75, 1346.0], [4541.25, 1329.0], [4541.0, 7500.0], [4540.75, 1314.0], [4540.25, 1314.0], [4539.75, 1346.0], [4539.5, 16769.0], [4539.25, 1352.0], [4539.0, 5.0], [4538.75, 11070.0], [4538.25, 1346.0], [4537.25, 1301.0], [4536.75, 1329.0], [4536.25, 1301.0], [4534.25, 1338.0]], "asks": [[4545.75, 22176.0], [4546.0, 1700.0], [4546.25, 860.0], [4546.5, 2046.0], [4546.75, 700.0], [4547.0, 1346.0], [4547.25, 700.0], [4547.5, 1346.0], [4547.75, 700.0], [4548.0, 1346.0], [4548.75, 1301.0], [4549.5, 3314.0], [4550.0, 11334.0], [4550.5, 1338.0], [4551.0, 1338.0], [4551.5, 1338.0], [4552.0, 1329.0], [4552.75, 1329.0], [4553.0, 6091.0], [4553.25, 1352.0]]}}}
{"jsonrpc": "2.0", "method": "subscription", "params": {"channel": "book.ETH-15AUG25.none.20.100ms", "data": {"timestamp": 1755203256481, "change_id": 81474217469, "instrument_name": "ETH-15AUG25", "bids": [[4535.75, 14000.0], [4535.0, 7500.0], [4534.25, 16179.0], [4533.75, 18010.0], [4533.0, 10542.0], [4532.75, 1233.0], [4531.75, 1178.0], [4531.25, 4208.0], [4531.0, 10023.0], [4530.5, 1207.0], [4530.0, 1188.0], [4529.0, 1218.0], [4527.5, 1201.0], [4527.0, 1201.0], [4526.0, 1201.0], [4525.75, 25510.0], [4525.5, 1179.0], [4525.0, 1179.0], [4524.75, 400.0], [4522.25, 24837.0]], "asks": [[4537.5, 2000.0], [4537.75, 6541.0], [4538.0, 8541.0], [4538.25, 23642.0], [4538.5, 8501.0], [4538.75, 10952.0], [4539.0, 54097.0], [4539.25, 3261.0], [4539.5, 9400.0], [4539.75, 3101.0], [4540.0, 1900.0], [4540.25, 2000.0], [4540.5, 1233.0], [4541.25, 11546.0], [4543.0, 1233.0], [4543.5, 1207.0], [4544.0, 26215.0], [4544.5, 1201.0], [4545.5, 4000.0], [4547.5, 1197.0]]}}}
{"jsonrpc": "2.0", "method": "subscription", "params": {"channel": "book.ETH-22AUG25.none.20.100ms", "data": {"timestamp": 1755203256820, "change_id": 81474218506, "instrument_name": "ETH-22AUG25", "bids": [[4545.0, 210.0], [4544.75, 1104.0], [4544.5, 1856.0], [4544.25, 1910.0], [4544.0, 1104.0], [4543.75, 5539.0], [4543.5, 14564.0], [4543.25, 2256.0], [4543.0, 1104.0], [4542.75, 1346.0], [4542.0, 3407.0], [4541.75, 13774.0], [4541.5, 7899.0], [4541.25, 1329.0], [4541.0, 394.0], [4540.75, 1314.0], [4540.5, 394.0], [4540.25, 1314.0], [4540.0, 404.0], [4539.75, 6377.0]], "asks": [[4545.75, 15186.0], [4546.0, 1958.0], [4546.25, 1474.0], [4546.5, 2256.0], [4546.75, 1104.0], [4547.0, 1556.0], [4547.25, 1104.0], [4547.5, 1556.0], [4547.75, 1104.0], [4548.0, 1346.0], [4548.5, 390.0], [4548.75, 1301.0], [4549.25, 994.0], [4549.5, 3314.0], [4549.75, 3400.0], [4550.0, 11334.0], [4550.25, 401.0], [4550.5, 1338.0], [4550.75, 401.0], [4551.0, 1338.0]]}}}
{"jsonrpc": "2.0", "method": "subscription", "params": {"channel": "book.ETH-15AUG25.none.20.100ms", "data": {"timestamp": 1755203256774, "change_id": 81474218370, "instrument_name": "ETH-15AUG25", "bids": [[4536.0, 4200.0], [4535.75, 16250.0], [4535.5, 7500.0], [4534.5, 4854.0], [4534.25, 19324.0], [4534.0, 15886.0], [4533.75, 18010.0], [4533.5, 360.0], [4533.25, 1201.0], [4533.0, 370.0], [4532.75, 1233.0], [4532.0, 353.0], [4531.75, 1178.0], [4531.5, 360.0], [4531.25, 1201.0], [4530.75, 362.0], [4530.5, 1207.0], [4530.25, 356.0], [4530.0, 1188.0], [4529.25, 365.0]], "asks": [[4537.25, 2902.0], [4537.5, 12370.0], [4537.75, 9103.0], [4538.0, 11568.0], [4538.25, 23642.0], [4538.5, 9431.0], [4538.75, 10652.0], [4539.0, 54097.0], [4539.25, 3261.0], [4539.5, 9760.0], [4539.75, 1201.0], [4540.0, 600.0], [4540.25, 2370.0], [4540.5, 1233.0], [4541.0, 3464.0], [4541.25, 11546.0], [4542.75, 370.0], [4543.0, 1233.0], [4543.25, 362.0], [4543.5, 1207.0]]}}}
{"jsonrpc": "2.0", "method": "subscription", "params": {"channel": "book.ETH-22AUG25.none.20.100ms", "data": {"timestamp": 1755203256961, "change_id": 81474219348, "instrument_name": "ETH-22AUG25", "bids": [[4545.0, 210.0], [4544.75, 1104.0], [4544.5, 1856.0], [4544.25, 1910.0], [4544.0, 1104.0], [4543.75, 5539.0], [4543.5, 14564.0], [4543.25, 2256.0], [4543.0, 1104.0], [4542.75, 1346.0], [4542.0, 3407.0], [4541.75, 13774.0], [4541.5, 7899.0], [4541.25, 1329.0], [4541.0, 394.0], [4540.75, 1314.0], [4540.5, 394.0], [4540.25, 1314.0], [4540.0, 404.0], [4539.75, 6377.0]], "asks": [[4545.75, 700.0], [4546.0, 9458.0], [4546.25, 3918.0], [4546.5, 16232.0], [4546.75, 1104.0], [4547.0, 1556.0], [4547.25, 1104.0], [4547.5, 1556.0], [4547.75, 1104.0], [4548.0, 1346.0], [4548.5, 390.0], [4548.75, 1301.0], [4549.25, 994.0], [4549.5, 3314.0], [4549.75, 3400.0], [4550.0, 11334.0], [4550.25, 401.0], [4550.5, 1338.0], [4550.75, 401.0], [4551.0, 1338.0]]}}}
{"jsonrpc": "2.0", "method": "subscription", "params": {"channel": "book.ETH-15AUG25.none.20.100ms", "data": {"timestamp": 1755203257098, "change_id": 81474219381, "instrument_name": "ETH-15AUG25", "bids": [[4536.5, 345.0], [4536.0, 4200.0], [4535.75, 16250.0], [4535.5, 7500.0], [4535.0, 7073.0], [4534.75, 23576.0], [4534.5, 354.0], [4534.25, 4324.0], [4534.0, 15886.0], [4533.75, 18010.0], [4533.5, 360.0], [4533.25, 1201.0], [4533.0, 370.0], [4532.75, 1233.0], [4532.0, 353.0], [4531.75, 1178.0], [4531.5, 360.0], [4531.25, 1201.0], [4530.75, 362.0], [4530.5, 1207.0]], "asks": [[4537.25, 8441.0], [4537.5, 11503.0], [4537.75, 9103.0], [4538.0, 11568.0], [4538.25, 23642.0], [4538.5, 2790.0], [4538.75, 10652.0], [4539.0, 54097.0], [4539.25, 3261.0], [4539.5, 9760.0], [4539.75, 1201.0], [4540.0, 700.0], [4540.25, 2370.0], [4540.5, 1233.0], [4541.0, 3464.0], [4541.25, 11546.0], [4542.75, 370.0], [4543.0, 1233.0], [4543.25, 362.0], [4543.5, 1207.0]]}}}
{"jsonrpc": "2.0", "method": "subscription", "params": {"channel": "book.ETH-15AUG25.none.20.100ms", "data": {"timestamp": 1755203257470, "change_id": 81474221917, "instrument_name": "ETH-15AUG25", "bids": [[4536.5, 345.0], [4536.0, 4200.0], [4535.75, 16250.0], [4535.5, 7500.0], [4535.0, 7073.0], [4534.75, 23576.0], [4534.5, 354.0], [4534.25, 4324.0], [4534.0, 15886.0], [4533.75, 18010.0], [4533.5, 360.0], [4533.25, 1201.0], [4533.0, 370.0], [4532.75, 1233.0], [4532.0, 353.0], [4531.75, 1178.0], [4531.5, 360.0], [4531.25, 1201.0], [4530.75, 362.0], [4530.5, 1207.0]], "asks": [[4537.25, 11984.0], [4537.5, 10503.0], [4537.75, 9103.0], [4538.0, 12568.0], [4538.25, 23642.0], [4538.5, 2890.0], [4538.75, 10652.0], [4539.0, 54097.0], [4539.25, 3261.0], [4539.5, 9760.0], [4539.75, 1201.0], [4540.0, 600.0], [4540.25, 2370.0], [4540.5, 1233.0], [4541.0, 3464.0], [4541.25, 11546.0], [4542.75, 370.0], [4543.0, 1233.0], [4543.25, 362.0], [4543.5, 1207.0]]}}}
{"jsonrpc": "2.0", "method": "subscription", "params": {"channel": "book.ETH-22AUG25.none.20.100ms", "data": {"timestamp": 1755203257402, "change_id": 81474221650, "instrument_name": "ETH-22AUG25", "bids": [[4545.0, 210.0], [4544.75, 1104.0], [4544.5, 2556.0], [4544.25, 1910.0], [4544.0, 1104.0], [4543.75, 5539.0], [4543.5, 14564.0], [4543.25, 2256.0], [4543.0, 1104.0], [4542.75, 1346.0], [4542.0, 3407.0], [4541.75, 13774.0], [4541.5, 7899.0], [4541.25, 1329.0], [4541.0, 394.0], [4540.75, 1314.0], [4540.5, 394.0], [4540.25, 1314.0], [4540.0, 404.0], [4539.75, 6377.0]], "asks": [[4545.75, 1532.0], [4546.0, 9458.0], [4546.25, 3918.0], [4546.5, 16232.0], [4546.75, 1104.0], [4547.0, 1556.0], [4547.25, 1104.0], [4547.5, 1556.0], [4547.75, 1104.0], [4548.0, 1346.0], [4548.5, 390.0], [4548.75, 1301.0], [4549.25, 994.0], [4549.5, 3314.0], [4549.75, 3400.0], [4550.0, 11334.0], [4550.25, 401.0], [4550.5, 1338.0], [4550.75, 401.0], [4551.0, 1338.0]]}}}
{"jsonrpc": "2.0", "method": "subscription", "params": {"channel": "book.ETH-15AUG25.none.20.100ms", "data": {"timestamp": 1755203257801, "change_id": 81474223201, "instrument_name": "ETH-15AUG25", "bids": [[4536.5, 1345.0], [4536.0, 4200.0], [4535.75, 16250.0], [4535.5, 7500.0], [4535.0, 7073.0], [4534.75, 23576.0], [4534.5, 354.0], [4534.25, 4324.0], [4534.0, 15886.0], [4533.75, 18010.0], [4533.5, 360.0], [4533.25, 1201.0], [4533.0, 370.0], [4532.75, 1233.0], [4532.0, 353.0], [4531.75, 1178.0], [4531.5, 360.0], [4531.25, 1201.0], [4530.75, 362.0], [4530.5, 1207.0]], "asks": [[4537.0, 9149.0], [4537.25, 12687.0], [4537.5, 12403.0], [4537.75, 10103.0], [4538.0, 11568.0], [4538.25, 17689.0], [4538.5, 2890.0], [4538.75, 10652.0], [4539.0, 54097.0], [4539.25, 3261.0], [4539.5, 9760.0], [4539.75, 1201.0], [4540.0, 600.0], [4540.25, 2370.0], [4540.5, 1233.0], [4541.0, 3464.0], [4541.25, 11546.0], [4542.75, 370.0], [4543.0, 1233.0], [4543.25, 362.0]]}}}
{"jsonrpc": "2.0", "method": "subscription", "params": {"channel": "book.ETH-22AUG25.none.20.100ms", "data": {"timestamp": 1755203257711, "change_id": 81474222973, "instrument_name": "ETH-22AUG25", "bids": [[4544.75, 1104.0], [4544.5, 2556.0], [4544.25, 1910.0], [4544.0, 1104.0], [4543.75, 5539.0], [4543.5, 14564.0], [4543.25, 2256.0], [4543.0, 1104.0], [4542.75, 1346.0], [4542.0, 3407.0], [4541.75, 13774.0], [4541.5, 7899.0], [4541.25, 1329.0], [4541.0, 394.0], [4540.75, 1314.0], [4540.5, 394.0], [4540.25, 1314.0], [4540.0, 404.0], [4539.75, 6377.0], [4539.5, 17175.0]], "asks": [[4545.25, 700.0], [4545.5, 8200.0], [4545.75, 1176.0], [4546.0, 1958.0], [4546.25, 5284.0], [4546.5, 16232.0], [4546.75, 1104.0], [4547.0, 1556.0], [4547.25, 1104.0], [4547.5, 1556.0], [4547.75, 1104.0], [4548.0, 1346.0], [4548.5, 390.0], [4548.75, 1301.0], [4549.25, 994.0], [4549.5, 3314.0], [4549.75, 3400.0], [4550.0, 11334.0], [4550.25, 401.0], [4550.5, 1338.0]]}}}
{"jsonrpc": "2.0", "method": "subscription", "params": {"channel": "book.ETH-15AUG25.none.20.100ms", "data": {"timestamp": 1755203258085, "change_id": 81474224454, "instrument_name": "ETH-15AUG25", "bids": [[4536.5, 1345.0], [4536.0, 4200.0], [4535.75, 16250.0], [4535.5, 7500.0], [4535.0, 7073.0], [4534.75, 23576.0], [4534.5, 354.0], [4534.25, 4324.0], [4534.0, 15886.0], [4533.75, 18010.0], [4533.5, 360.0], [4533.25, 1201.0], [4533.0, 370.0], [4532.75, 1233.0], [4532.0, 353.0], [4531.75, 1178.0], [4531.5, 360.0], [4531.25, 1201.0], [4530.75, 362.0], [4530.5, 1207.0]], "asks": [[4537.0, 10441.0], [4537.25, 10957.0], [4537.5, 10403.0], [4537.75, 10103.0], [4538.0, 11568.0], [4538.25, 17789.0], [4538.5, 2790.0], [4538.75, 10652.0], [4539.0, 54097.0], [4539.25, 3261.0], [4539.5, 9760.0], [4539.75, 1201.0], [4540.0, 600.0], [4540.25, 2370.0], [4540.5, 1233.0], [4541.0, 3464.0], [4541.25, 11546.0], [4542.75, 370.0], [4543.0, 1233.0], [4543.25, 362.0]]}}}
{"jsonrpc": "2.0", "method": "subscription", "params": {"channel": "book.ETH-22AUG25.none.20.100ms", "data": {"timestamp": 1755203258086, "change_id": 81474224463, "instrument_name": "ETH-22AUG25", "bids": [[4544.75, 1104.0], [4544.5, 2556.0], [4544.25, 1910.0], [4544.0, 1104.0], [4543.75, 5539.0], [4543.5, 14564.0], [4543.25, 2256.0], [4543.0, 1104.0], [4542.75, 1346.0], [4542.5, 404.0], [4542.25, 3596.0], [4542.0, 10907.0], [4541.75, 11524.0], [4541.5, 399.0], [4541.25, 1329.0], [4541.0, 394.0], [4540.75, 1314.0], [4540.5, 394.0], [4540.25, 1314.0], [4540.0, 404.0]], "asks": [[4545.25, 700.0], [4545.5, 8200.0], [4545.75, 1176.0], [4546.0, 1958.0], [4546.25, 5284.0], [4546.5, 16232.0], [4546.75, 1104.0], [4547.0, 1556.0], [4547.25, 1104.0], [4547.5, 1556.0], [4547.75, 1104.0], [4548.0, 1346.0], [4548.5, 390.0], [4548.75, 1301.0], [4549.25, 994.0], [4549.5, 3314.0], [4549.75, 3400.0], [4550.0, 11334.0], [4550.25, 401.0], [4550.5, 1338.0]]}}}
{"jsonrpc": "2.0", "method": "subscription", "params": {"channel": "book.ETH-15AUG25.none.20.100ms", "data": {"timestamp": 1755203258356, "change_id": 81474225692, "instrument_name": "ETH-15AUG25", "bids": [[4536.5, 1345.0], [4536.0, 4200.0], [4535.75, 16250.0], [4535.5, 7500.0], [4535.0, 7073.0], [4534.75, 23576.0], [4534.5, 354.0], [4534.25, 4324.0], [4534.0, 15886.0], [4533.75, 18010.0], [4533.5, 360.0], [4533.25, 1201.0], [4533.0, 370.0], [4532.75, 1233.0], [4532.0, 353.0], [4531.75, 1178.0], [4531.5, 360.0], [4531.25, 1201.0], [4530.75, 362.0], [4530.5, 1207.0]], "asks": [[4537.0, 12255.0], [4537.25, 10957.0], [4537.5, 10403.0], [4537.75, 10103.0], [4538.0, 11568.0], [4538.25, 17789.0], [4538.5, 2790.0], [4538.75, 10652.0], [4539.0, 54097.0], [4539.25, 3261.0], [4539.5, 7860.0], [4539.75, 1201.0], [4540.0, 600.0], [4540.25, 2370.0], [4540.5, 1233.0], [4541.0, 3464.0], [4541.25, 11546.0], [4542.75, 370.0], [4543.0, 1233.0], [4543.25, 362.0]]}}}
{"jsonrpc": "2.0", "method": "subscription", "params": {"channel": "book.ETH-22AUG25.none.20.100ms", "data": {"timestamp": 1755203258389, "change_id": 81474225904, "instrument_name": "ETH-22AUG25", "bids": [[4544.75, 1104.0], [4544.5, 2556.0], [4544.25, 1910.0], [4544.0, 1104.0], [4543.75, 6239.0], [4543.5, 15264.0], [4543.25, 2256.0], [4543.0, 1104.0], [4542.75, 1346.0], [4542.5, 404.0], [4542.25, 3596.0], [4542.0, 10907.0], [4541.75, 11524.0], [4541.5, 399.0], [4541.25, 1329.0], [4541.0, 394.0], [4540.75, 1314.0], [4540.5, 394.0], [4540.25, 1314.0], [4540.0, 404.0]], "asks": [[4545.25, 700.0], [4545.5, 8200.0], [4545.75, 1176.0], [4546.0, 1958.0], [4546.25, 5284.0], [4546.5, 16232.0], [4546.75, 1104.0], [4547.0, 1556.0], [4547.25, 1104.0], [4547.5, 1346.0], [4547.75, 404.0], [4548.0, 1346.0], [4548.5, 390.0], [4548.75, 1301.0], [4549.25, 994.0], [4549.5, 3314.0], [4549.75, 3400.0], [4550.0, 11334.0], [4550.25, 401.0], [4550.5, 1338.0]]}}}
{"jsonrpc": "2.0", "method": "subscription", "params": {"channel": "book.ETH-22AUG25.none.20.100ms", "data": {"timestamp": 1755203258742, "change_id": 81474227977, "instrument_name": "ETH-22AUG25", "bids": [[4544.75, 1104.0], [4544.5, 2556.0], [4544.25, 1910.0], [4544.0, 1104.0], [4543.75, 6239.0], [4543.5, 15264.0], [4543.25, 2256.0], [4543.0, 1104.0], [4542.75, 1346.0], [4542.5, 404.0], [4542.25, 3596.0], [4542.0, 10907.0], [4541.75, 11524.0], [4541.5, 399.0], [4541.25, 1329.0], [4541.0, 394.0], [4540.75, 1314.0], [4540.5, 394.0], [4540.25, 1314.0], [4540.0, 404.0]], "asks": [[4545.25, 700.0], [4545.5, 8200.0], [4545.75, 1176.0], [4546.0, 1958.0], [4546.25, 5284.0], [4546.5, 16232.0], [4546.75, 1104.0], [4547.0, 1556.0], [4547.25, 1104.0], [4547.5, 1346.0], [4547.75, 404.0], [4548.0, 1346.0], [4548.5, 390.0], [4548.75, 1301.0], [4549.25, 994.0], [4549.5, 3314.0], [4549.75, 3400.0], [4550.0, 11334.0], [4550.25, 401.0], [4550.5, 1338.0]]}}}
{"jsonrpc": "2.0", "method": "subscription", "params": {"channel": "book.ETH-15AUG25.none.20.100ms", "data": {"timestamp": 1755203258646, "change_id": 81474227227, "instrument_name": "ETH-15AUG25", "bids": [[4536.5, 1345.0], [4536.0, 4200.0], [4535.75, 16250.0], [4535.5, 7500.0], [4535.0, 7073.0], [4534.75, 23576.0], [4534.5, 354.0], [4534.25, 4324.0], [4534.0, 15886.0], [4533.75, 18010.0], [4533.5, 360.0], [4533.25, 1201.0], [4533.0, 370.0], [4532.75, 1233.0], [4532.0, 353.0], [4531.75, 1178.0], [4531.5, 360.0], [4531.25, 1201.0], [4530.75, 362.0], [4530.5, 1207.0]], "asks": [[4537.0, 12255.0], [4537.25, 10957.0], [4537.5, 10403.0], [4537.75, 10103.0], [4538.0, 11568.0], [4538.25, 17789.0], [4538.5, 2790.0], [4538.75, 10652.0], [4539.0, 54097.0], [4539.25, 3261.0], [4539.5, 7860.0], [4539.75, 1201.0], [4540.0, 600.0], [4540.25, 2370.0], [4540.5, 1233.0], [4541.0, 3464.0], [4541.25, 11546.0], [4542.75, 370.0], [4543.0, 1233.0], [4543.25, 362.0]]}}}
{"jsonrpc": "2.0", "method": "subscription", "params": {"channel": "book.ETH-15AUG25.none.20.100ms", "data": {"timestamp": 1755203258873, "change_id": 81474228495, "instrument_name": "ETH-15AUG25", "bids": [[4536.5, 1345.0], [4536.0, 4200.0], [4535.75, 16250.0], [4535.5, 7500.0], [4535.0, 7073.0], [4534.75, 23576.0], [4534.5, 354.0], [4534.25, 4324.0], [4534.0, 15886.0], [4533.75, 18010.0], [4533.5, 360.0], [4533.25, 1201.0], [4533.0, 370.0], [4532.75, 1233.0], [4532.0, 353.0], [4531.75, 1178.0], [4531.5, 360.0], [4531.25, 1201.0], [4530.75, 362.0], [4530.5, 1207.0]], "asks": [[4537.0, 12255.0], [4537.25, 10957.0], [4537.5, 10403.0], [4537.75, 10103.0], [4538.0, 11568.0], [4538.25, 17789.0], [4538.5, 2790.0], [4538.75, 10652.0], [4539.0, 54097.0], [4539.25, 3261.0], [4539.5, 7860.0], [4539.75, 1201.0], [4540.0, 600.0], [4540.25, 2370.0], [4540.5, 1233.0], [4541.0, 3464.0], [4541.25, 11546.0], [4542.75, 370.0], [4543.0, 1233.0], [4543.25, 362.0]]}}}
{"jsonrpc": "2.0", "method": "subscription", "params": {"channel": "book.ETH-22AUG25.none.20.100ms", "data": {"timestamp": 1755203258870, "change_id": 81474228489, "instrument_name": "ETH-22AUG25", "bids": [[4544.75, 1104.0], [4544.5, 2556.0], [4544.25, 1910.0], [4544.0, 1104.0], [4543.75, 6239.0], [4543.5, 15264.0], [4543.25, 2256.0], [4543.0, 1104.0], [4542.75, 1346.0], [4542.5, 404.0], [4542.25, 3596.0], [4542.0, 10907.0], [4541.75, 11524.0], [4541.5, 399.0], [4541.25, 1329.0], [4541.0, 394.0], [4540.75, 1314.0], [4540.5, 394.0], [4540.25, 1314.0], [4540.0, 404.0]], "asks": [[4545.25, 700.0], [4545.5, 8200.0], [4545.75, 1176.0], [4546.0, 1958.0], [4546.25, 5284.0], [4546.5, 16232.0], [4546.75, 1104.0], [4547.0, 1556.0], [4547.25, 1104.0], [4547.5, 1346.0], [4547.75, 404.0], [4548.0, 1346.0], [4548.5, 390.0], [4548.75, 1301.0], [4549.25, 994.0], [4549.5, 3314.0], [4549.75, 3400.0], [4550.0, 11334.0], [4550.25, 401.0], [4550.5, 1338.0]]}}}
{"jsonrpc": "2.0", "method": "subscription", "params": {"channel": "book.ETH-15AUG25.none.20.100ms", "data": {"timestamp": 1755203259467, "change_id": 81474229634, "instrument_name": "ETH-15AUG25", "bids": [[4536.5, 1345.0], [4536.0, 4200.0], [4535.75, 16250.0], [4535.5, 7500.0], [4535.0, 7073.0], [4534.75, 23576.0], [4534.5, 354.0], [4534.25, 4324.0], [4534.0, 15886.0], [4533.75, 18010.0], [4533.5, 360.0], [4533.25, 1201.0], [4533.0, 370.0], [4532.75, 1233.0], [4532.25, 160.0], [4532.0, 353.0], [4531.75, 1178.0], [4531.5, 360.0], [4531.25, 1201.0], [4530.75, 362.0]], "asks": [[4537.0, 12255.0], [4537.25, 10957.0], [4537.5, 10403.0], [4537.75, 10103.0], [4538.0, 11568.0], [4538.25, 17789.0], [4538.5, 2790.0], [4538.75, 10652.0], [4539.0, 54097.0], [4539.25, 3261.0], [4539.5, 7860.0], [4539.75, 1201.0], [4540.0, 600.0], [4540.25, 2370.0], [4540.5, 1233.0], [4541.0, 3464.0], [4541.25, 11546.0], [4542.75, 370.0], [4543.0, 1233.0], [4543.25, 362.0]]}}}
{"jsonrpc": "2.0", "method": "subscription", "params": {"channel": "book.ETH-22AUG25.none.20.100ms", "data": {"timestamp": 1755203259467, "change_id": 81474229633, "instrument_name": "ETH-22AUG25", "bids": [[4544.75, 1104.0], [4544.5, 2556.0], [4544.25, 1910.0], [4544.0, 1104.0], [4543.75, 6239.0], [4543.5, 15264.0], [4543.25, 2256.0], [4543.0, 1104.0], [4542.75, 1346.0], [4542.5, 404.0], [4542.25, 3596.0], [4542.0, 10907.0], [4541.75, 11524.0], [4541.5, 399.0], [4541.25, 1329.0], [4541.0, 394.0], [4540.75, 1314.0], [4540.5, 394.0], [4540.25, 1314.0], [4540.0, 404.0]], "asks": [[4545.25, 700.0], [4545.5, 8200.0], [4545.75, 1176.0], [4546.0, 1958.0], [4546.25, 5284.0], [4546.5, 16232.0], [4546.75, 1104.0], [4547.0, 1556.0], [4547.25, 1104.0], [4547.5, 1346.0], [4547.75, 404.0], [4548.0, 1346.0], [4548.5, 390.0], [4548.75, 1301.0], [4549.25, 994.0], [4549.5, 3314.0], [4549.75, 3400.0], [4550.0, 11334.0], [4550.25, 401.0], [4550.5, 1338.0]]}}}
{"jsonrpc": "2.0", "method": "subscription", "params": {"channel": "book.ETH-22AUG25.none.20.100ms", "data": {"timestamp": 1755203259669, "change_id": 81474229752, "instrument_name": "ETH-22AUG25", "bids": [[4544.75, 1104.0], [4544.5, 2556.0], [4544.25, 1910.0], [4544.0, 1104.0], [4543.75, 6239.0], [4543.5, 15264.0], [4543.25, 2256.0], [4543.0, 1104.0], [4542.75, 1346.0], [4542.5, 404.0], [4542.25, 3596.0], [4542.0, 10907.0], [4541.75, 11524.0], [4541.5, 399.0], [4541.25, 1329.0], [4541.0, 394.0], [4540.75, 1314.0], [4540.5, 394.0], [4540.25, 1314.0], [4540.0, 404.0]], "asks": [[4545.25, 700.0], [4545.5, 8200.0], [4545.75, 1176.0], [4546.0, 1958.0], [4546.25, 5284.0], [4546.5, 16232.0], [4546.75, 1104.0], [4547.0, 1556.0], [4547.25, 1104.0], [4547.5, 1346.0], [4547.75, 404.0], [4548.0, 1346.0], [4548.5, 390.0], [4548.75, 1301.0], [4549.25, 994.0], [4549.5, 3314.0], [4549.75, 3400.0], [4550.0, 11334.0], [4550.25, 401.0], [4550.5, 1338.0]]}}}
{"jsonrpc": "2.0", "method": "subscription", "params": {"channel": "book.ETH-15AUG25.none.20.100ms", "data": {"timestamp": 1755203260017, "change_id": 81474230207, "instrument_name": "ETH-15AUG25", "bids": [[4536.5, 1345.0], [4536.0, 4200.0], [4535.75, 16250.0], [4535.5, 7500.0], [4535.0, 7073.0], [4534.75, 23576.0], [4534.5, 354.0], [4534.25, 4324.0], [4534.0, 17886.0], [4533.75, 18010.0], [4533.5, 360.0], [4533.25, 1201.0], [4533.0, 530.0], [4532.75, 1233.0], [4532.0, 353.0], [4531.75, 1178.0], [4531.5, 360.0], [4531.25, 1201.0], [4530.75, 362.0], [4530.5, 1207.0]], "asks": [[4537.0, 12255.0], [4537.25, 10957.0], [4537.5, 10403.0], [4537.75, 10103.0], [4538.0, 11568.0], [4538.25, 17789.0], [4538.5, 2790.0], [4538.75, 10652.0], [4539.0, 54097.0], [4539.25, 3261.0], [4539.5, 7860.0], [4539.75, 1201.0], [4540.0, 600.0], [4540.25, 2370.0], [4540.5, 1233.0], [4541.0, 3464.0], [4541.25, 11546.0], [4542.75, 370.0], [4543.0, 1233.0], [4543.25, 362.0]]}}}
{"jsonrpc": "2.0", "method": "subscription", "params": {"channel": "book.ETH-22AUG25.none.20.100ms", "data": {"timestamp": 1755203260015, "change_id": 81474230201, "instrument_name": "ETH-22AUG25", "bids": [[4544.75, 1104.0], [4544.5, 2556.0], [4544.25, 1910.0], [4544.0, 1104.0], [4543.75, 6239.0], [4543.5, 15264.0], [4543.25, 2256.0], [4543.0, 1104.0], [4542.75, 1346.0], [4542.5, 404.0], [4542.25, 3596.0], [4542.0, 10907.0], [4541.75, 11524.0], [4541.5, 399.0], [4541.25, 1329.0], [4541.0, 394.0], [4540.75, 1314.0], [4540.5, 394.0], [4540.25, 1314.0], [4540.0, 564.0]], "asks": [[4545.25, 700.0], [4545.5, 8200.0], [4545.75, 700.0], [4546.0, 1958.0], [4546.25, 5284.0], [4546.5, 16232.0], [4546.75, 1104.0], [4547.0, 1556.0], [4547.25, 1104.0], [4547.5, 1346.0], [4547.75, 404.0], [4548.0, 1346.0], [4548.5, 390.0], [4548.75, 1301.0], [4549.25, 994.0], [4549.5, 3314.0], [4549.75, 3400.0], [4550.0, 11334.0], [4550.25, 401.0], [4550.5, 1338.0]]}}}
{"jsonrpc": "2.0", "method": "subscription", "params": {"channel": "book.ETH-15AUG25.none.20.100ms", "data": {"timestamp": 1755203260321, "change_id": 81474230917, "instrument_name": "ETH-15AUG25", "bids": [[4536.5, 1345.0], [4536.0, 4200.0], [4535.75, 16250.0], [4535.5, 7500.0], [4535.0, 7073.0], [4534.75, 23576.0], [4534.5, 514.0], [4534.25, 4324.0], [4534.0, 17886.0], [4533.75, 18010.0], [4533.5, 360.0], [4533.25, 1201.0], [4533.0, 370.0], [4532.75, 1233.0], [4532.0, 353.0], [4531.75, 1178.0], [4531.5, 360.0], [4531.25, 1201.0], [4530.75, 362.0], [4530.5, 1207.0]], "asks": [[4537.0, 12255.0], [4537.25, 10957.0], [4537.5, 10403.0], [4537.75, 10103.0], [4538.0, 11568.0], [4538.25, 17689.0], [4538.5, 2790.0], [4538.75, 10652.0], [4539.0, 54097.0], [4539.25, 3261.0], [4539.5, 7860.0], [4539.75, 1301.0], [4540.0, 600.0], [4540.25, 2370.0], [4540.5, 1233.0], [4541.0, 3464.0], [4541.25, 11546.0], [4542.75, 370.0], [4543.0, 1233.0], [4543.25, 362.0]]}}}
{"jsonrpc": "2.0", "method": "subscription", "params": {"channel": "book.ETH-22AUG25.none.20.100ms", "data": {"timestamp": 1755203260320, "change_id": 81474230916, "instrument_name": "ETH-22AUG25", "bids": [[4544.75, 210.0], [4544.5, 1550.0], [4544.25, 3256.0], [4544.0, 1104.0], [4543.75, 6239.0], [4543.5, 15264.0], [4543.25, 2256.0], [4543.0, 1104.0], [4542.75, 1346.0], [4542.5, 404.0], [4542.25, 3596.0], [4542.0, 10907.0], [4541.75, 11524.0], [4541.5, 559.0], [4541.25, 1329.0], [4541.0, 394.0], [4540.75, 1314.0], [4540.5, 394.0], [4540.25, 1314.0], [4540.0, 404.0]], "asks": [[4545.25, 700.0], [4545.5, 8200.0], [4545.75, 1210.0], [4546.0, 1958.0], [4546.25, 5284.0], [4546.5, 16232.0], [4546.75, 1104.0], [4547.0, 1556.0], [4547.25, 1104.0], [4547.5, 1346.0], [4547.75, 404.0], [4548.0, 1346.0], [4548.5, 390.0], [4548.75, 1301.0], [4549.25, 994.0], [4549.5, 3314.0], [4549.75, 3400.0], [4550.0, 11334.0], [4550.25, 401.0], [4550.5, 1338.0]]}}}
{"jsonrpc": "2.0", "method": "subscription", "params": {"channel": "book.ETH-22AUG25.none.20.100ms", "data": {"timestamp": 1755203260542, "change_id": 81474231158, "instrument_name": "ETH-22AUG25", "bids": [[4544.75, 210.0], [4544.5, 1550.0], [4544.25, 3256.0], [4544.0, 1104.0], [4543.75, 6239.0], [4543.5, 15264.0], [4543.25, 2256.0], [4543.0, 1104.0], [4542.75, 1346.0], [4542.5, 404.0], [4542.25, 3596.0], [4542.0, 11067.0], [4541.75, 11524.0], [4541.5, 399.0], [4541.25, 1329.0], [4541.0, 394.0], [4540.75, 1314.0], [4540.5, 394.0], [4540.25, 1314.0], [4540.0, 404.0]], "asks": [[4545.25, 700.0], [4545.5, 8200.0], [4545.75, 1210.0], [4546.0, 1958.0], [4546.25, 5284.0], [4546.5, 16232.0], [4546.75, 1104.0], [4547.0, 1556.0], [4547.25, 1104.0], [4547.5, 1346.0], [4547.75, 404.0], [4548.0, 1346.0], [4548.5, 390.0], [4548.75, 1301.0], [4549.25, 994.0], [4549.5, 3314.0], [4549.75, 3400.0], [4550.0, 11334.0], [4550.25, 401.0], [4550.5, 1338.0]]}}}
{"jsonrpc": "2.0", "method": "subscription", "params": {"channel": "book.ETH-15AUG25.none.20.100ms", "data": {"timestamp": 1755203260544, "change_id": 81474231160, "instrument_name": "ETH-15AUG25", "bids": [[4536.5, 1345.0], [4536.0, 4200.0], [4535.75, 16250.0], [4535.5, 7500.0], [4535.0, 7233.0], [4534.75, 23576.0], [4534.5, 354.0], [4534.25, 4324.0], [4534.0, 17886.0], [4533.75, 18010.0], [4533.5, 360.0], [4533.25, 1201.0], [4533.0, 370.0], [4532.75, 1233.0], [4532.0, 353.0], [4531.75, 1178.0], [4531.5, 360.0], [4531.25, 1201.0], [4530.75, 362.0], [4530.5, 1207.0]], "asks": [[4537.0, 12255.0], [4537.25, 10957.0], [4537.5, 10403.0], [4537.75, 10103.0], [4538.0, 11568.0], [4538.25, 17789.0], [4538.5, 2790.0], [4538.75, 10652.0], [4539.0, 54097.0], [4539.25, 3261.0], [4539.5, 7860.0], [4539.75, 1201.0], [4540.0, 600.0], [4540.25, 2370.0], [4540.5, 1233.0], [4541.0, 3464.0], [4541.25, 11546.0], [4542.75, 370.0], [4543.0, 1233.0], [4543.25, 362.0]]}}}
{"jsonrpc": "2.0", "method": "subscription", "params": {"channel": "book.ETH-15AUG25.none.20.100ms", "data": {"timestamp": 1755203260909, "change_id": 81474231766, "instrument_name": "ETH-15AUG25", "bids": [[4536.5, 1345.0], [4536.0, 4200.0], [4535.75, 16250.0], [4535.5, 7500.0], [4535.0, 7233.0], [4534.75, 23576.0], [4534.5, 354.0], [4534.25, 4324.0], [4534.0, 17886.0], [4533.75, 18010.0], [4533.5, 360.0], [4533.25, 1201.0], [4533.0, 370.0], [4532.75, 1233.0], [4532.0, 353.0], [4531.75, 1178.0], [4531.5, 360.0], [4531.25, 1201.0], [4530.75, 362.0], [4530.5, 1207.0]], "asks": [[4537.0, 12751.0], [4537.25, 10957.0], [4537.5, 10403.0], [4537.75, 10103.0], [4538.0, 11568.0], [4538.25, 17789.0], [4538.5, 2790.0], [4538.75, 10652.0], [4539.0, 54097.0], [4539.25, 3261.0], [4539.5, 7860.0], [4539.75, 1201.0], [4540.0, 600.0], [4540.25, 2370.0], [4540.5, 1233.0], [4541.0, 3464.0], [4541.25, 11546.0], [4542.75, 370.0], [4543.0, 1233.0], [4543.25, 362.0]]}}}
{"jsonrpc": "2.0", "method": "subscription", "params": {"channel": "book.ETH-22AUG25.none.20.100ms", "data": {"timestamp": 1755203260911, "change_id": 81474231781, "instrument_name": "ETH-22AUG25", "bids": [[4544.75, 210.0], [4544.5, 1550.0], [4544.25, 3256.0], [4544.0, 1104.0], [4543.75, 6239.0], [4543.5, 15264.0], [4543.25, 2256.0], [4543.0, 1104.0], [4542.75, 1346.0], [4542.5, 404.0], [4542.25, 3596.0], [4542.0, 11067.0], [4541.75, 11524.0], [4541.5, 399.0], [4541.25, 1329.0], [4541.0, 394.0], [4540.75, 1314.0], [4540.5, 394.0], [4540.25, 1314.0], [4540.0, 404.0]], "asks": [[4545.25, 700.0], [4545.5, 8200.0], [4545.75, 1210.0], [4546.0, 1958.0], [4546.25, 5284.0], [4546.5, 16232.0], [4546.75, 1104.0], [4547.0, 1556.0], [4547.25, 1104.0], [4547.5, 1346.0], [4547.75, 404.0], [4548.0, 1346.0], [4548.5, 390.0], [4548.75, 1301.0], [4549.25, 994.0], [4549.5, 3314.0], [4549.75, 3400.0], [4550.0, 11334.0], [4550.25, 401.0], [4550.5, 1338.0]]}}}
{"jsonrpc": "2.0", "method": "subscription", "params": {"channel": "book.ETH-15AUG25.none.20.100ms", "data": {"timestamp": 1755203261414, "change_id": 81474233158, "instrument_name": "ETH-15AUG25", "bids": [[4536.75, 160.0], [4536.5, 1345.0], [4536.0, 4200.0], [4535.75, 16250.0], [4535.5, 7500.0], [4535.0, 7073.0], [4534.75, 23576.0], [4534.5, 354.0], [4534.25, 4324.0], [4534.0, 17886.0], [4533.75, 18010.0], [4533.5, 360.0], [4533.25, 1201.0], [4533.0, 370.0], [4532.75, 1233.0], [4532.0, 353.0], [4531.75, 1178.0], [4531.5, 360.0], [4531.25, 1201.0], [4530.75, 362.0]], "asks": [[4537.0, 12255.0], [4537.25, 10957.0], [4537.5, 10403.0], [4537.75, 10103.0], [4538.0, 11568.0], [4538.25, 17789.0], [4538.5, 2790.0], [4538.75, 10652.0], [4539.0, 54097.0], [4539.25, 3261.0], [4539.5, 7860.0], [4539.75, 1201.0], [4540.0, 600.0], [4540.25, 2370.0], [4540.5, 1233.0], [4541.0, 3464.0], [4541.25, 19045.0], [4541.5, 24997.0], [4542.75, 370.0], [4543.0, 1233.0]]}}}
{"jsonrpc": "2.0", "method": "subscription", "params": {"channel": "book.ETH-22AUG25.none.20.100ms", "data": {"timestamp": 1755203261415, "change_id": 81474233159, "instrument_name": "ETH-22AUG25", "bids": [[4544.75, 910.0], [4544.5, 1550.0], [4544.25, 3256.0], [4544.0, 1264.0], [4543.75, 6239.0], [4543.5, 15264.0], [4543.25, 2256.0], [4543.0, 1104.0], [4542.75, 1346.0], [4542.5, 404.0], [4542.25, 3596.0], [4542.0, 10907.0], [4541.75, 11524.0], [4541.5, 399.0], [4541.25, 1329.0], [4541.0, 394.0], [4540.75, 1314.0], [4540.5, 394.0], [4540.25, 1314.0], [4540.0, 404.0]], "asks": [[4545.25, 700.0], [4545.5, 8200.0], [4545.75, 1210.0], [4546.0, 1958.0], [4546.25, 5284.0], [4546.5, 16232.0], [4546.75, 1104.0], [4547.0, 1556.0], [4547.25, 1104.0], [4547.5, 1346.0], [4547.75, 404.0], [4548.0, 1346.0], [4548.5, 390.0], [4548.75, 1301.0], [4549.25, 994.0], [4549.5, 3314.0], [4549.75, 3400.0], [4550.0, 11334.0], [4550.25, 401.0], [4550.5, 1338.0]]}}}
{"jsonrpc": "2.0", "method": "subscription", "params": {"channel": "book.ETH-15AUG25.none.20.100ms", "data": {"timestamp": 1755203261743, "change_id": 81474234285, "instrument_name": "ETH-15AUG25", "bids": [[4536.75, 160.0], [4536.5, 5200.0], [4536.25, 16250.0], [4536.0, 7500.0], [4535.0, 7073.0], [4534.75, 23576.0], [4534.5, 354.0], [4534.25, 4324.0], [4534.0, 17886.0], [4533.75, 18010.0], [4533.5, 360.0], [4533.25, 1201.0], [4533.0, 370.0], [4532.75, 1233.0], [4532.0, 353.0], [4531.75, 1178.0], [4531.5, 360.0], [4531.25, 1201.0], [4530.75, 362.0], [4530.5, 1207.0]], "asks": [[4537.0, 10355.0], [4537.25, 6541.0], [4537.5, 8441.0], [4537.75, 9103.0], [4538.0, 9471.0], [4538.25, 3689.0], [4538.5, 2890.0], [4538.75, 3101.0], [4539.0, 16830.0], [4539.25, 3101.0], [4539.5, 360.0], [4539.75, 1201.0], [4540.0, 160.0], [4540.25, 7870.0], [4540.5, 1233.0], [4541.25, 8732.0], [4541.5, 26997.0], [4541.75, 1198.0], [4542.25, 10200.0], [4542.75, 370.0]]}}}
{"jsonrpc": "2.0", "method": "subscription", "params": {"channel": "book.ETH-22AUG25.none.20.100ms", "data": {"timestamp": 1755203261517, "change_id": 81474234357, "instrument_name": "ETH-22AUG25", "bids": [[4545.25, 910.0], [4545.0, 1317.0], [4544.75, 2265.0], [4544.5, 5860.0], [4544.25, 17232.0], [4544.0, 1104.0], [4543.75, 2256.0], [4543.5, 1288.0], [4543.25, 2256.0], [4543.0, 1104.0], [4542.75, 1346.0], [4542.5, 7904.0], [4542.25, 1346.0], [4542.0, 3407.0], [4541.75, 11524.0], [4541.5, 399.0], [4541.25, 1329.0], [4541.0, 394.0], [4540.75, 1314.0], [4540.5, 394.0]], "asks": [[4545.75, 700.0], [4546.0, 700.0], [4546.25, 1091.0], [4546.5, 10756.0], [4546.75, 4340.0], [4547.0, 15692.0], [4547.25, 1104.0], [4547.5, 1346.0], [4547.75, 404.0], [4548.0, 1346.0], [4548.5, 390.0], [4548.75, 1301.0], [4549.25, 994.0], [4549.5, 3314.0], [4549.75, 394.0], [4550.0, 1314.0], [4550.25, 401.0], [4550.5, 1338.0], [4550.75, 10578.0], [4551.0, 1338.0]]}}}
{"jsonrpc": "2.0", "method": "subscription", "params": {"channel": "book.ETH-15AUG25.none.20.100ms", "data": {"timestamp": 1755203262107, "change_id": 81474235429, "instrument_name": "ETH-15AUG25", "bids": [[4536.75, 160.0], [4536.5, 12700.0], [4536.25, 14000.0], [4535.0, 7073.0], [4534.75, 24774.0], [4534.5, 354.0], [4534.25, 4324.0], [4534.0, 17886.0], [4533.75, 18010.0], [4533.5, 360.0], [4533.25, 1201.0], [4533.0, 370.0], [4532.75, 1233.0], [4532.0, 353.0], [4531.75, 1178.0], [4531.5, 360.0], [4531.25, 1201.0], [4530.75, 362.0], [4530.5, 1207.0], [4530.25, 356.0]], "asks": [[4537.0, 8355.0], [4537.25, 6541.0], [4537.5, 6541.0], [4537.75, 8541.0], [4538.0, 9111.0], [4538.25, 2488.0], [4538.5, 2890.0], [4538.75, 8871.0], [4539.0, 16830.0], [4539.25, 3101.0], [4539.5, 520.0], [4539.75, 8701.0], [4540.25, 370.0], [4540.5, 1233.0], [4541.25, 8732.0], [4541.5, 26997.0], [4541.75, 1198.0], [4542.25, 10200.0], [4542.75, 370.0], [4543.0, 1233.0]]}}}
{"jsonrpc": "2.0", "method": "subscription", "params": {"channel": "book.ETH-22AUG25.none.20.100ms", "data": {"timestamp": 1755203262041, "change_id": 81474235446, "instrument_name": "ETH-22AUG25", "bids": [[4545.5, 910.0], [4545.25, 910.0], [4545.0, 1317.0], [4544.75, 2265.0], [4544.5, 5860.0], [4544.25, 17232.0], [4544.0, 1104.0], [4543.75, 2256.0], [4543.5, 1288.0], [4543.25, 2256.0], [4543.0, 404.0], [4542.75, 1346.0], [4542.5, 7904.0], [4542.25, 1346.0], [4542.0, 3407.0], [4541.75, 11524.0], [4541.5, 399.0], [4541.25, 1329.0], [4541.0, 394.0], [4540.75, 1314.0]], "asks": [[4546.0, 8200.0], [4546.25, 700.0], [4546.5, 2070.0], [4546.75, 4340.0], [4547.0, 15532.0], [4547.25, 1104.0], [4547.5, 1346.0], [4547.75, 404.0], [4548.0, 1346.0], [4548.5, 390.0], [4548.75, 1301.0], [4549.25, 994.0], [4549.5, 3314.0], [4549.75, 394.0], [4550.0, 1314.0], [4550.25, 401.0], [4550.5, 1338.0], [4550.75, 10578.0], [4551.0, 1338.0], [4551.25, 401.0]]}}}
{"jsonrpc": "2.0", "method": "subscription", "params": {"channel": "book.ETH-22AUG25.none.20.100ms", "data": {"timestamp": 1755203262344, "change_id": 81474236013, "instrument_name": "ETH-22AUG25", "bids": [[4545.5, 910.0], [4545.25, 910.0], [4545.0, 1317.0], [4544.75, 2265.0], [4544.5, 5860.0], [4544.25, 17232.0], [4544.0, 1104.0], [4543.75, 2256.0], [4543.5, 1288.0], [4543.25, 2256.0], [4543.0, 404.0], [4542.75, 1346.0], [4542.5, 7904.0], [4542.25, 1346.0], [4542.0, 3407.0], [4541.75, 11524.0], [4541.5, 399.0], [4541.25, 1329.0], [4541.0, 394.0], [4540.75, 1314.0]], "asks": [[4546.0, 7500.0], [4546.25, 700.0], [4546.5, 2070.0], [4546.75, 4340.0], [4547.0, 15532.0], [4547.25, 1104.0], [4547.5, 1346.0], [4547.75, 404.0], [4548.0, 1346.0], [4548.5, 390.0], [4548.75, 1301.0], [4549.25, 994.0], [4549.5, 3314.0], [4549.75, 394.0], [4550.0, 1314.0], [4550.25, 401.0], [4550.5, 1338.0], [4550.75, 10578.0], [4551.0, 1338.0], [4551.25, 401.0]]}}}
{"jsonrpc": "2.0", "method": "subscription", "params": {"channel": "book.ETH-15AUG25.none.20.100ms", "data": {"timestamp": 1755203262363, "change_id": 81474236033, "instrument_name": "ETH-15AUG25", "bids": [[4536.75, 160.0], [4536.5, 12700.0], [4536.25, 14000.0], [4535.0, 7073.0], [4534.75, 24774.0], [4534.5, 354.0], [4534.25, 4324.0], [4534.0, 17886.0], [4533.75, 18010.0], [4533.5, 360.0], [4533.25, 1201.0], [4533.0, 370.0], [4532.75, 1233.0], [4532.0, 353.0], [4531.75, 1178.0], [4531.5, 360.0], [4531.25, 1201.0], [4530.75, 362.0], [4530.5, 1207.0], [4530.25, 356.0]], "asks": [[4537.0, 8355.0], [4537.25, 6541.0], [4537.5, 6541.0], [4537.75, 8541.0], [4538.0, 9111.0], [4538.25, 2588.0], [4538.5, 2790.0], [4538.75, 7871.0], [4539.0, 16830.0], [4539.25, 3101.0], [4539.5, 520.0], [4539.75, 8701.0], [4540.25, 370.0], [4540.5, 1233.0], [4541.25, 8732.0], [4541.5, 26997.0], [4541.75, 1198.0], [4542.25, 10200.0], [4542.75, 370.0], [4543.0, 1233.0]]}}}
{"jsonrpc": "2.0", "method": "subscription", "params": {"channel": "book.ETH-22AUG25.none.20.100ms", "data": {"timestamp": 1755203262491, "change_id": 81474236266, "instrument_name": "ETH-22AUG25", "bids": [[4545.5, 910.0], [4545.25, 910.0], [4545.0, 1317.0], [4544.75, 2265.0], [4544.5, 5860.0], [4544.25, 17232.0], [4544.0, 1104.0], [4543.75, 2256.0], [4543.5, 1288.0], [4543.25, 2256.0], [4543.0, 404.0], [4542.75, 1346.0], [4542.5, 7904.0], [4542.25, 1346.0], [4542.0, 3407.0], [4541.75, 11524.0], [4541.5, 399.0], [4541.25, 1329.0], [4541.0, 394.0], [4540.75, 1314.0]], "asks": [[4546.0, 7500.0], [4546.25, 700.0], [4546.5, 2070.0], [4546.75, 4340.0], [4547.0, 15532.0], [4547.25, 1104.0], [4547.5, 1346.0], [4547.75, 404.0], [4548.0, 1346.0], [4548.5, 390.0], [4548.75, 1301.0], [4549.25, 994.0], [4549.5, 3314.0], [4549.75, 394.0], [4550.0, 1314.0], [4550.25, 401.0], [4550.5, 1338.0], [4550.75, 10578.0], [4551.0, 1338.0], [4551.25, 401.0]]}}}
{"jsonrpc": "2.0", "method": "subscription", "params": {"channel": "book.ETH-15AUG25.none.20.100ms", "data": {"timestamp": 1755203262750, "change_id": 81474236505, "instrument_name": "ETH-15AUG25", "bids": [[4536.75, 160.0], [4536.5, 12700.0], [4536.25, 14000.0], [4535.0, 7073.0], [4534.75, 24774.0], [4534.5, 354.0], [4534.25, 4324.0], [4534.0, 17886.0], [4533.75, 18010.0], [4533.5, 360.0], [4533.25, 1201.0], [4533.0, 370.0], [4532.75, 1233.0], [4532.0, 353.0], [4531.75, 1178.0], [4531.5, 360.0], [4531.25, 1201.0], [4530.75, 362.0], [4530.5, 1207.0], [4530.25, 356.0]], "asks": [[4537.0, 8355.0], [4537.25, 6541.0], [4537.5, 6541.0], [4537.75, 8541.0], [4538.0, 9111.0], [4538.25, 2588.0], [4538.5, 2790.0], [4538.75, 7871.0], [4539.0, 16830.0], [4539.25, 3101.0], [4539.5, 2725.0], [4539.75, 8701.0], [4540.25, 370.0], [4540.5, 1233.0], [4541.0, 370.0], [4541.25, 8732.0], [4541.5, 26997.0], [4541.75, 1198.0], [4542.25, 10200.0], [4542.75, 370.0]]}}}
{"jsonrpc": "2.0", "method": "subscription", "params": {"channel": "book.ETH-22AUG25.none.20.100ms", "data": {"timestamp": 1755203262973, "change_id": 81474236908, "instrument_name": "ETH-22AUG25", "bids": [[4545.75, 210.0], [4545.5, 910.0], [4545.25, 910.0], [4545.0, 1317.0], [4544.75, 2265.0], [4544.5, 5860.0], [4544.25, 17232.0], [4544.0, 1104.0], [4543.75, 2256.0], [4543.5, 1288.0], [4543.25, 2256.0], [4543.0, 404.0], [4542.75, 3596.0], [4542.5, 7904.0], [4542.25, 1346.0], [4542.0, 3407.0], [4541.75, 11524.0], [4541.5, 399.0], [4541.25, 1329.0], [4541.0, 394.0]], "asks": [[4546.25, 700.0], [4546.5, 1343.0], [4546.75, 5340.0], [4547.0, 15532.0], [4547.25, 8604.0], [4547.5, 1346.0], [4547.75, 404.0], [4548.0, 1346.0], [4548.5, 390.0], [4548.75, 1301.0], [4549.25, 994.0], [4549.5, 3314.0], [4549.75, 394.0], [4550.0, 1314.0], [4550.25, 401.0], [4550.5, 4391.0], [4550.75, 10578.0], [4551.0, 1338.0], [4551.25, 401.0], [4551.5, 1338.0]]}}}
{"jsonrpc": "2.0", "method": "subscription", "params": {"channel": "book.ETH-15AUG25.none.20.100ms", "data": {"timestamp": 1755203262962, "change_id": 81474236896, "instrument_name": "ETH-15AUG25", "bids": [[4536.75, 160.0], [4536.5, 12700.0], [4536.25, 14000.0], [4535.0, 7073.0], [4534.75, 24774.0], [4534.5, 354.0], [4534.25, 4324.0], [4534.0, 17886.0], [4533.75, 18010.0], [4533.5, 360.0], [4533.25, 1201.0], [4533.0, 370.0], [4532.75, 1233.0], [4532.0, 353.0], [4531.75, 1178.0], [4531.5, 360.0], [4531.25, 1201.0], [4530.75, 362.0], [4530.5, 1207.0], [4530.25, 356.0]], "asks": [[4537.0, 8355.0], [4537.25, 6541.0], [4537.5, 6541.0], [4537.75, 8541.0], [4538.0, 9111.0], [4538.25, 2588.0], [4538.5, 3790.0], [4538.75, 7871.0], [4539.0, 16830.0], [4539.25, 3101.0], [4539.5, 520.0], [4539.75, 1201.0], [4540.25, 370.0], [4540.5, 1233.0], [4541.0, 7870.0], [4541.25, 8732.0], [4541.5, 26997.0], [4541.75, 1198.0], [4542.25, 10200.0], [4542.75, 370.0]]}}}
{"jsonrpc": "2.0", "method": "subscription", "params": {"channel": "book.ETH-22AUG25.none.20.100ms", "data": {"timestamp": 1755203263334, "change_id": 81474237907, "instrument_name": "ETH-22AUG25", "bids": [[4545.75, 210.0], [4545.5, 910.0], [4545.25, 910.0], [4545.0, 1317.0], [4544.75, 2265.0], [4544.5, 5860.0], [4544.25, 17232.0], [4544.0, 1104.0], [4543.75, 2256.0], [4543.5, 910.0], [4543.25, 1556.0], [4543.0, 404.0], [4542.75, 3596.0], [4542.5, 7904.0], [4542.25, 1346.0], [4542.0, 3407.0], [4541.75, 11524.0], [4541.5, 399.0], [4541.25, 1329.0], [4541.0, 394.0]], "asks": [[4546.25, 8200.0], [4546.5, 1370.0], [4546.75, 5340.0], [4547.0, 15532.0], [4547.25, 1104.0], [4547.5, 1346.0], [4547.75, 404.0], [4548.0, 1346.0], [4548.5, 390.0], [4548.75, 1301.0], [4549.25, 994.0], [4549.5, 3314.0], [4549.75, 394.0], [4550.0, 1314.0], [4550.25, 401.0], [4550.5, 4391.0], [4550.75, 10578.0], [4551.0, 1338.0], [4551.25, 401.0], [4551.5, 1338.0]]}}}
{"jsonrpc": "2.0", "method": "subscription", "params": {"channel": "book.ETH-15AUG25.none.20.100ms", "data": {"timestamp": 1755203263275, "change_id": 81474237700, "instrument_name": "ETH-15AUG25", "bids": [[4536.75, 160.0], [4536.5, 12700.0], [4536.25, 14000.0], [4535.0, 359.0], [4534.75, 1198.0], [4534.5, 354.0], [4534.25, 4324.0], [4534.0, 17886.0], [4533.75, 18010.0], [4533.5, 360.0], [4533.25, 1201.0], [4533.0, 370.0], [4532.75, 1233.0], [4532.0, 353.0], [4531.75, 1178.0], [4531.5, 360.0], [4531.25, 1201.0], [4530.75, 362.0], [4530.5, 1207.0], [4530.25, 356.0]], "asks": [[4537.0, 8355.0], [4537.25, 6541.0], [4537.5, 6541.0], [4537.75, 8541.0], [4538.0, 9111.0], [4538.25, 2588.0], [4538.5, 3790.0], [4538.75, 7871.0], [4539.0, 16830.0], [4539.25, 3101.0], [4539.5, 520.0], [4539.75, 1201.0], [4540.0, 7500.0], [4540.25, 370.0], [4540.5, 1233.0], [4541.0, 370.0], [4541.25, 8732.0], [4541.5, 26997.0], [4541.75, 1198.0], [4542.25, 10200.0]]}}}
{"jsonrpc": "2.0", "method": "subscription", "params": {"channel": "book.ETH-15AUG25.none.20.100ms", "data": {"timestamp": 1755203263757, "change_id": 81474238363, "instrument_name": "ETH-15AUG25", "bids": [[4536.75, 160.0], [4536.5, 12700.0], [4536.25, 14000.0], [4535.0, 359.0], [4534.75, 1198.0], [4534.5, 354.0], [4534.25, 4324.0], [4534.0, 17886.0], [4533.75, 18010.0], [4533.5, 360.0], [4533.25, 1201.0], [4533.0, 370.0], [4532.75, 1233.0], [4532.0, 353.0], [4531.75, 1178.0], [4531.5, 360.0], [4531.25, 1201.0], [4530.75, 362.0], [4530.5, 1207.0], [4530.25, 356.0]], "asks": [[4537.0, 8355.0], [4537.25, 6541.0], [4537.5, 6541.0], [4537.75, 8541.0], [4538.0, 9111.0], [4538.25, 2588.0], [4538.5, 3790.0], [4538.75, 7871.0], [4539.0, 16830.0], [4539.25, 3101.0], [4539.5, 520.0], [4539.75, 3451.0], [4540.0, 7500.0], [4540.25, 370.0], [4540.5, 1233.0], [4541.0, 370.0], [4541.25, 8732.0], [4541.5, 26997.0], [4541.75, 1198.0], [4542.0, 3060.0]]}}}
{"jsonrpc": "2.0", "method": "subscription", "params": {"channel": "book.ETH-22AUG25.none.20.100ms", "data": {"timestamp": 1755203263651, "change_id": 81474238250, "instrument_name": "ETH-22AUG25", "bids": [[4545.75, 210.0], [4545.5, 910.0], [4545.25, 910.0], [4545.0, 1317.0], [4544.75, 2265.0], [4544.5, 5860.0], [4544.25, 17232.0], [4544.0, 1104.0], [4543.75, 2256.0], [4543.5, 910.0], [4543.25, 1556.0], [4543.0, 404.0], [4542.75, 3596.0], [4542.5, 7904.0], [4542.25, 1346.0], [4542.0, 3407.0], [4541.75, 11524.0], [4541.5, 399.0], [4541.25, 1329.0], [4541.0, 394.0]], "asks": [[4546.25, 8200.0], [4546.5, 1370.0], [4546.75, 5340.0], [4547.0, 15532.0], [4547.25, 1104.0], [4547.5, 1346.0], [4547.75, 404.0], [4548.0, 1346.0], [4548.5, 390.0], [4548.75, 1301.0], [4549.25, 994.0], [4549.5, 3314.0], [4549.75, 394.0], [4550.0, 1314.0], [4550.25, 401.0], [4550.5, 4391.0], [4550.75, 10578.0], [4551.0, 1338.0], [4551.25, 401.0], [4551.5, 1338.0]]}}}
{"jsonrpc": "2.0", "method": "subscription", "params": {"channel": "book.ETH-15AUG25.none.20.100ms", "data": {"timestamp": 1755203263857, "change_id": 81474238494, "instrument_name": "ETH-15AUG25", "bids": [[4536.75, 160.0], [4536.5, 12700.0], [4536.25, 14000.0], [4535.0, 359.0], [4534.75, 1198.0], [4534.5, 354.0], [4534.25, 4324.0], [4534.0, 17886.0], [4533.75, 18010.0], [4533.5, 360.0], [4533.25, 1201.0], [4533.0, 370.0], [4532.75, 1233.0], [4532.0, 353.0], [4531.75, 1178.0], [4531.5, 360.0], [4531.25, 1201.0], [4530.75, 362.0], [4530.5, 1207.0], [4530.25, 356.0]], "asks": [[4537.0, 8355.0], [4537.25, 6541.0], [4537.5, 6541.0], [4537.75, 8541.0], [4538.0, 9370.0], [4538.25, 3588.0], [4538.5, 2790.0], [4538.75, 7871.0], [4539.0, 16830.0], [4539.25, 3101.0], [4539.5, 520.0], [4539.75, 3451.0], [4540.0, 7500.0], [4540.25, 370.0], [4540.5, 1233.0], [4541.0, 370.0], [4541.25, 8732.0], [4541.5, 26997.0], [4541.75, 1198.0], [4542.0, 3060.0]]}}}
{"jsonrpc": "2.0", "method": "subscription", "params": {"channel": "book.ETH-22AUG25.none.20.100ms", "data": {"timestamp": 1755203263859, "change_id": 81474238499, "instrument_name": "ETH-22AUG25", "bids": [[4545.5, 210.0], [4545.25, 910.0], [4545.0, 1317.0], [4544.75, 2265.0], [4544.5, 5860.0], [4544.25, 17232.0], [4544.0, 1104.0], [4543.75, 2256.0], [4543.5, 910.0], [4543.25, 1556.0], [4543.0, 404.0], [4542.75, 3596.0], [4542.5, 7904.0], [4542.25, 1346.0], [4542.0, 3407.0], [4541.75, 11524.0], [4541.5, 399.0], [4541.25, 1329.0], [4541.0, 394.0], [4540.75, 1314.0]], "asks": [[4546.25, 8200.0], [4546.5, 2070.0], [4546.75, 4340.0], [4547.0, 15532.0], [4547.25, 1104.0], [4547.5, 1346.0], [4547.75, 404.0], [4548.0, 1346.0], [4548.5, 390.0], [4548.75, 1301.0], [4549.25, 994.0], [4549.5, 3314.0], [4549.75, 394.0], [4550.0, 1314.0], [4550.25, 401.0], [4550.5, 4391.0], [4550.75, 10578.0], [4551.0, 1338.0], [4551.25, 401.0], [4551.5, 1338.0]]}}}
{"jsonrpc": "2.0", "method": "subscription", "params": {"channel": "book.ETH-15AUG25.none.20.100ms", "data": {"timestamp": 1755203264604, "change_id": 81474239653, "instrument_name": "ETH-15AUG25", "bids": [[4536.75, 160.0], [4536.5, 12700.0], [4536.25, 14000.0], [4535.0, 359.0], [4534.75, 1198.0], [4534.5, 354.0], [4534.25, 4324.0], [4534.0, 17886.0], [4533.75, 18010.0], [4533.5, 360.0], [4533.25, 1201.0], [4533.0, 370.0], [4532.75, 1233.0], [4532.0, 353.0], [4531.75, 1178.0], [4531.5, 360.0], [4531.25, 1201.0], [4530.75, 362.0], [4530.5, 1207.0], [4530.25, 356.0]], "asks": [[4537.0, 8355.0], [4537.25, 6541.0], [4537.5, 6541.0], [4537.75, 8541.0], [4538.0, 9370.0], [4538.25, 3588.0], [4538.5, 2790.0], [4538.75, 7871.0], [4539.0, 16830.0], [4539.25, 3101.0], [4539.5, 520.0], [4539.75, 3451.0], [4540.0, 7500.0], [4540.25, 370.0], [4540.5, 1233.0], [4541.0, 370.0], [4541.25, 8732.0], [4541.5, 26997.0], [4541.75, 1198.0], [4542.0, 3060.0]]}}}
{"jsonrpc": "2.0", "method": "subscription", "params": {"channel": "book.ETH-15AUG25.none.20.100ms", "data": {"timestamp": 1755203264769, "change_id": 81474239840, "instrument_name": "ETH-15AUG25", "bids": [[4536.75, 160.0], [4536.5, 5200.0], [4536.25, 14000.0], [4536.0, 2250.0], [4535.75, 7500.0], [4535.0, 359.0], [4534.75, 1198.0], [4534.5, 354.0], [4534.25, 4324.0], [4534.0, 17886.0], [4533.75, 18010.0], [4533.5, 360.0], [4533.25, 1201.0], [4533.0, 370.0], [4532.75, 1233.0], [4532.0, 353.0], [4531.75, 1178.0], [4531.5, 360.0], [4531.25, 1201.0], [4530.75, 362.0]], "asks": [[4537.0, 8355.0], [4537.25, 6541.0], [4537.5, 6541.0], [4537.75, 8541.0], [4538.0, 9370.0], [4538.25, 3488.0], [4538.5, 2790.0], [4538.75, 7871.0], [4539.0, 16830.0], [4539.25, 3101.0], [4539.5, 520.0], [4539.75, 3551.0], [4540.0, 7500.0], [4540.25, 370.0], [4540.5, 1233.0], [4541.0, 370.0], [4541.25, 8732.0], [4541.5, 27356.0], [4541.75, 1198.0], [4542.0, 3060.0]]}}}
{"jsonrpc": "2.0", "method": "subscription", "params": {"channel": "book.ETH-22AUG25.none.20.100ms", "data": {"timestamp": 1755203264991, "change_id": 81474240164, "instrument_name": "ETH-22AUG25", "bids": [[4545.5, 210.0], [4545.25, 910.0], [4545.0, 1317.0], [4544.75, 2265.0], [4544.5, 5860.0], [4544.25, 17232.0], [4544.0, 1104.0], [4543.75, 2256.0], [4543.5, 910.0], [4543.25, 1556.0], [4543.0, 404.0], [4542.75, 1346.0], [4542.5, 404.0], [4542.25, 1346.0], [4542.0, 5281.0], [4541.75, 19024.0], [4541.5, 399.0], [4541.25, 1329.0], [4541.0, 394.0], [4540.75, 1314.0]], "asks": [[4546.25, 8758.0], [4546.5, 2070.0], [4546.75, 4340.0], [4547.0, 15532.0], [4547.25, 1104.0], [4547.5, 1346.0], [4547.75, 404.0], [4548.0, 1346.0], [4548.5, 390.0], [4548.75, 1301.0], [4549.25, 994.0], [4549.5, 3314.0], [4549.75, 394.0], [4550.0, 1314.0], [4550.25, 401.0], [4550.5, 4391.0], [4550.75, 10578.0], [4551.0, 1338.0], [4551.25, 401.0], [4551.5, 1338.0]]}}}
{"jsonrpc": "2.0", "method": "subscription", "params": {"channel": "book.ETH-15AUG25.none.20.100ms", "data": {"timestamp": 1755203265240, "change_id": 81474240573, "instrument_name": "ETH-15AUG25", "bids": [[4536.75, 160.0], [4536.5, 6925.0], [4536.25, 21500.0], [4535.0, 359.0], [4534.75, 1198.0], [4534.5, 354.0], [4534.25, 4324.0], [4534.0, 17886.0], [4533.75, 18010.0], [4533.5, 360.0], [4533.25, 1201.0], [4533.0, 370.0], [4532.75, 1233.0], [4532.0, 353.0], [4531.75, 1178.0], [4531.5, 360.0], [4531.25, 1201.0], [4530.75, 362.0], [4530.5, 1207.0], [4530.25, 356.0]], "asks": [[4537.0, 8355.0], [4537.25, 6541.0], [4537.5, 6541.0], [4537.75, 10011.0], [4538.0, 9370.0], [4538.25, 3488.0], [4538.5, 2890.0], [4538.75, 7871.0], [4539.0, 16830.0], [4539.25, 3101.0], [4539.5, 520.0], [4539.75, 3451.0], [4540.0, 7500.0], [4540.25, 370.0], [4540.5, 1233.0], [4541.0, 370.0], [4541.25, 8732.0], [4541.5, 27356.0], [4541.75, 1198.0], [4542.0, 3060.0]]}}}
{"jsonrpc": "2.0", "method": "subscription", "params": {"channel": "book.ETH-22AUG25.none.20.100ms", "data": {"timestamp": 1755203265119, "change_id": 81474240319, "instrument_name": "ETH-22AUG25", "bids": [[4545.5, 210.0], [4545.25, 910.0], [4545.0, 1317.0], [4544.75, 2265.0], [4544.5, 5860.0], [4544.25, 17232.0], [4544.0, 1104.0], [4543.75, 2256.0], [4543.5, 910.0], [4543.25, 1556.0], [4543.0, 404.0], [4542.75, 1346.0], [4542.5, 2603.0], [4542.25, 8846.0], [4542.0, 3407.0], [4541.75, 11524.0], [4541.5, 399.0], [4541.25, 1329.0], [4541.0, 394.0], [4540.75, 1314.0]], "asks": [[4546.25, 8758.0], [4546.5, 2070.0], [4546.75, 4340.0], [4547.0, 15532.0], [4547.25, 1104.0], [4547.5, 1346.0], [4547.75, 404.0], [4548.0, 1346.0], [4548.5, 390.0], [4548.75, 1301.0], [4549.25, 994.0], [4549.5, 3314.0], [4549.75, 394.0], [4550.0, 1314.0], [4550.25, 401.0], [4550.5, 4391.0], [4550.75, 10578.0], [4551.0, 1338.0], [4551.25, 401.0], [4551.5, 1338.0]]}}}
{"jsonrpc": "2.0", "method": "subscription", "params": {"channel": "book.ETH-15AUG25.none.20.100ms", "data": {"timestamp": 1755203265739, "change_id": 81474241160, "instrument_name": "ETH-15AUG25", "bids": [[4536.75, 160.0], [4536.5, 6925.0], [4536.25, 21500.0], [4535.0, 359.0], [4534.75, 1198.0], [4534.5, 354.0], [4534.25, 4324.0], [4534.0, 17886.0], [4533.75, 18010.0], [4533.5, 360.0], [4533.25, 1201.0], [4533.0, 370.0], [4532.75, 1233.0], [4532.0, 353.0], [4531.75, 1178.0], [4531.5, 360.0], [4531.25, 1201.0], [4530.75, 362.0], [4530.5, 1207.0], [4530.25, 356.0]], "asks": [[4537.0, 8355.0], [4537.25, 6541.0], [4537.5, 6541.0], [4537.75, 10011.0], [4538.0, 9370.0], [4538.25, 3488.0], [4538.5, 2890.0], [4538.75, 7871.0], [4539.0, 16830.0], [4539.25, 3101.0], [4539.5, 520.0], [4539.75, 3451.0], [4540.0, 7500.0], [4540.25, 370.0], [4540.5, 1233.0], [4541.0, 370.0], [4541.25, 8732.0], [4541.5, 27356.0], [4541.75, 1198.0], [4542.0, 3060.0]]}}}
{"jsonrpc": "2.0", "method": "subscription", "params": {"channel": "book.ETH-15AUG25.none.20.100ms", "data": {"timestamp": 1755203266268, "change_id": 81474241844, "instrument_name": "ETH-15AUG25", "bids": [[4536.75, 160.0], [4536.5, 6925.0], [4536.25, 21500.0], [4535.0, 359.0], [4534.75, 1198.0], [4534.5, 354.0], [4534.25, 4324.0], [4534.0, 17886.0], [4533.75, 18010.0], [4533.5, 360.0], [4533.25, 1201.0], [4533.0, 370.0], [4532.75, 1233.0], [4532.0, 353.0], [4531.75, 1178.0], [4531.5, 360.0], [4531.25, 1201.0], [4530.75, 362.0], [4530.5, 1207.0], [4530.25, 356.0]], "asks": [[4537.0, 10255.0], [4537.25, 8441.0], [4537.5, 8705.0], [4537.75, 10920.0], [4538.0, 9370.0], [4538.25, 3488.0], [4538.5, 2890.0], [4538.75, 7871.0], [4539.0, 16830.0], [4539.25, 3101.0], [4539.5, 520.0], [4539.75, 3451.0], [4540.0, 7500.0], [4540.25, 370.0], [4540.5, 1233.0], [4541.0, 370.0], [4541.25, 8732.0], [4541.5, 27356.0], [4541.75, 1198.0], [4542.0, 3060.0]]}}}
{"jsonrpc": "2.0", "method": "subscription", "params": {"channel": "book.ETH-22AUG25.none.20.100ms", "data": {"timestamp": 1755203266565, "change_id": 81474242290, "instrument_name": "ETH-22AUG25", "bids": [[4545.5, 210.0], [4545.25, 910.0], [4545.0, 1317.0], [4544.75, 2265.0], [4544.5, 5860.0], [4544.25, 17232.0], [4544.0, 1104.0], [4543.75, 2256.0], [4543.5, 910.0], [4543.25, 1556.0], [4543.0, 404.0], [4542.75, 1346.0], [4542.5, 2603.0], [4542.25, 8846.0], [4542.0, 3407.0], [4541.75, 11524.0], [4541.5, 399.0], [4541.25, 1329.0], [4541.0, 394.0], [4540.75, 1314.0]], "asks": [[4546.25, 8758.0], [4546.5, 2070.0], [4546.75, 4340.0], [4547.0, 15532.0], [4547.25, 1104.0], [4547.5, 1346.0], [4547.75, 404.0], [4548.0, 1346.0], [4548.5, 390.0], [4548.75, 1301.0], [4549.25, 994.0], [4549.5, 3314.0], [4549.75, 394.0], [4550.0, 1314.0], [4550.25, 401.0], [4550.5, 5837.0], [4550.75, 16669.0], [4551.0, 1338.0], [4551.25, 401.0], [4551.5, 1338.0]]}}}
{"jsonrpc": "2.0", "method": "subscription", "params": {"channel": "book.ETH-15AUG25.none.20.100ms", "data": {"timestamp": 1755203266571, "change_id": 81474242291, "instrument_name": "ETH-15AUG25", "bids": [[4536.75, 160.0], [4536.5, 6925.0], [4536.25, 21500.0], [4535.0, 359.0], [4534.75, 1198.0], [4534.5, 354.0], [4534.25, 4324.0], [4534.0, 17886.0], [4533.75, 18010.0], [4533.5, 360.0], [4533.25, 1201.0], [4533.0, 370.0], [4532.75, 1233.0], [4532.0, 353.0], [4531.75, 1178.0], [4531.5, 360.0], [4531.25, 1201.0], [4530.75, 362.0], [4530.5, 1207.0], [4530.25, 356.0]], "asks": [[4537.0, 10255.0], [4537.25, 8441.0], [4537.5, 8441.0], [4537.75, 10920.0], [4538.0, 9370.0], [4538.25, 3488.0], [4538.5, 2890.0], [4538.75, 7871.0], [4539.0, 16830.0], [4539.25, 3101.0], [4539.5, 520.0], [4539.75, 3451.0], [4540.0, 7500.0], [4540.25, 370.0], [4540.5, 1233.0], [4541.0, 370.0], [4541.25, 8732.0], [4541.5, 27356.0], [4541.75, 1198.0], [4542.0, 3060.0]]}}}
{"jsonrpc": "2.0", "method": "subscription", "params": {"channel": "book.ETH-15AUG25.none.20.100ms", "data": {"timestamp": 1755203267257, "change_id": 81474243318, "instrument_name": "ETH-15AUG25", "bids": [[4536.75, 160.0], [4536.5, 6925.0], [4536.25, 21500.0], [4535.0, 359.0], [4534.75, 1198.0], [4534.5, 354.0], [4534.25, 4324.0], [4534.0, 17886.0], [4533.75, 18010.0], [4533.5, 360.0], [4533.25, 1201.0], [4533.0, 370.0], [4532.75, 1233.0], [4532.0, 353.0], [4531.75, 1178.0], [4531.5, 360.0], [4531.25, 1201.0], [4530.75, 362.0], [4530.5, 1207.0], [4530.25, 356.0]], "asks": [[4537.0, 10255.0], [4537.25, 8441.0], [4537.5, 8441.0], [4537.75, 12820.0], [4538.0, 11270.0], [4538.25, 3488.0], [4538.5, 2890.0], [4538.75, 7871.0], [4539.0, 16830.0], [4539.25, 3101.0], [4539.5, 520.0], [4539.75, 3451.0], [4540.0, 7500.0], [4540.25, 370.0], [4540.5, 1233.0], [4541.0, 370.0], [4541.25, 8732.0], [4541.5, 27356.0], [4541.75, 1198.0], [4542.0, 3060.0]]}}}
{"jsonrpc": "2.0", "method": "subscription", "params": {"channel": "book.ETH-15AUG25.none.20.100ms", "data": {"timestamp": 1755203267472, "change_id": 81474243938, "instrument_name": "ETH-15AUG25", "bids": [[4536.75, 1894.0], [4536.5, 6925.0], [4536.25, 21500.0], [4535.0, 359.0], [4534.75, 1198.0], [4534.5, 354.0], [4534.25, 4324.0], [4534.0, 17886.0], [4533.75, 18010.0], [4533.5, 360.0], [4533.25, 1201.0], [4533.0, 370.0], [4532.75, 1233.0], [4532.0, 353.0], [4531.75, 1178.0], [4531.5, 360.0], [4531.25, 1201.0], [4530.75, 362.0], [4530.5, 1207.0], [4530.25, 356.0]], "asks": [[4537.0, 10255.0], [4537.25, 8441.0], [4537.5, 8441.0], [4537.75, 12820.0], [4538.0, 11270.0], [4538.25, 3488.0], [4538.5, 2890.0], [4538.75, 7871.0], [4539.0, 16830.0], [4539.25, 3101.0], [4539.5, 520.0], [4539.75, 3451.0], [4540.0, 7500.0], [4540.25, 370.0], [4540.5, 1233.0], [4541.0, 370.0], [4541.25, 8732.0], [4541.5, 27356.0], [4541.75, 1198.0], [4542.0, 3060.0]]}}}
{"jsonrpc": "2.0", "method": "subscription", "params": {"channel": "book.ETH-15AUG25.none.20.100ms", "data": {"timestamp": 1755203268233, "change_id": 81474244749, "instrument_name": "ETH-15AUG25", "bids": [[4536.75, 1894.0], [4536.5, 6925.0], [4536.25, 21500.0], [4535.0, 359.0], [4534.75, 1198.0], [4534.5, 354.0], [4534.25, 4324.0], [4534.0, 17886.0], [4533.75, 18010.0], [4533.5, 360.0], [4533.25, 1201.0], [4533.0, 370.0], [4532.75, 1233.0], [4532.0, 353.0], [4531.75, 1178.0], [4531.5, 360.0], [4531.25, 1201.0], [4530.75, 362.0], [4530.5, 1207.0], [4530.25, 356.0]], "asks": [[4537.0, 10255.0], [4537.25, 8441.0], [4537.5, 8441.0], [4537.75, 12820.0], [4538.0, 11270.0], [4538.25, 3588.0], [4538.5, 2790.0], [4538.75, 7871.0], [4539.0, 16830.0], [4539.25, 3101.0], [4539.5, 520.0], [4539.75, 3451.0], [4540.0, 7500.0], [4540.25, 370.0], [4540.5, 1233.0], [4541.0, 370.0], [4541.25, 8732.0], [4541.5, 27356.0], [4541.75, 1198.0], [4542.0, 3060.0]]}}}
{"jsonrpc": "2.0", "method": "subscription", "params": {"channel": "book.ETH-22AUG25.none.20.100ms", "data": {"timestamp": 1755203268937, "change_id": 81474246899, "instrument_name": "ETH-22AUG25", "bids": [[4544.5, 210.0], [4544.25, 910.0], [4544.0, 910.0], [4543.75, 910.0], [4543.5, 1041.0], [4543.25, 1694.0], [4543.0, 1564.0], [4542.75, 5723.0], [4542.5, 15080.0], [4542.25, 1346.0], [4542.0, 404.0], [4541.75, 1346.0], [4541.5, 399.0], [4541.25, 1329.0], [4541.0, 394.0], [4540.75, 1314.0], [4540.5, 2595.0], [4540.25, 11842.0], [4540.0, 10498.0], [4539.75, 6255.0]], "asks": [[4545.0, 2055.0], [4545.25, 10094.0], [4545.5, 16241.0], [4545.75, 1317.0], [4546.0, 3073.0], [4546.25, 1302.0], [4546.5, 2265.0], [4546.75, 1041.0], [4547.0, 1556.0], [4547.25, 1104.0], [4547.5, 1346.0], [4547.75, 404.0], [4548.0, 1346.0], [4548.5, 390.0], [4548.75, 1301.0], [4549.25, 994.0], [4549.5, 3314.0], [4549.75, 394.0], [4550.0, 1314.0], [4550.25, 401.0]]}}}
{"jsonrpc": "2.0", "method": "subscription", "params": {"channel": "book.ETH-15AUG25.none.20.100ms", "data": {"timestamp": 1755203269040, "change_id": 81474246868, "instrument_name": "ETH-15AUG25", "bids": [[4536.5, 1000.0], [4536.0, 160.0], [4535.0, 14000.0], [4534.25, 7500.0], [4534.0, 5403.0], [4533.75, 18010.0], [4533.25, 1201.0], [4532.75, 1233.0], [4532.25, 10303.0], [4532.0, 353.0], [4531.75, 1178.0], [4531.5, 360.0], [4531.25, 1201.0], [4530.75, 362.0], [4530.5, 1207.0], [4530.25, 356.0], [4530.0, 1188.0], [4529.25, 359.0], [4529.0, 1198.0], [4528.5, 26708.0]], "asks": [[4537.0, 15993.0], [4537.25, 23177.0], [4537.5, 11409.0], [4537.75, 11350.0], [4538.0, 12033.0], [4538.25, 1900.0], [4538.5, 1860.0], [4538.75, 3201.0], [4539.0, 2990.0], [4539.25, 10601.0], [4539.75, 1201.0], [4540.5, 1233.0], [4541.25, 8732.0], [4541.5, 24997.0], [4541.75, 1198.0], [4542.0, 3060.0], [4542.25, 11398.0], [4543.5, 4000.0], [4544.5, 1201.0], [4546.25, 24612.0]]}}}
{"jsonrpc": "2.0", "method": "subscription", "params": {"channel": "book.ETH-22AUG25.none.20.100ms", "data": {"timestamp": 1755203269382, "change_id": 81474248024, "instrument_name": "ETH-22AUG25", "bids": [[4544.25, 910.0], [4544.0, 910.0], [4543.75, 910.0], [4543.5, 1271.0], [4543.25, 2394.0], [4543.0, 2264.0], [4542.75, 5723.0], [4542.5, 15080.0], [4542.25, 1346.0], [4542.0, 404.0], [4541.75, 1346.0], [4541.5, 399.0], [4541.25, 1329.0], [4541.0, 2595.0], [4540.75, 8814.0], [4540.5, 394.0], [4540.25, 4342.0], [4540.0, 10498.0], [4539.75, 6255.0], [4539.5, 17175.0]], "asks": [[4544.75, 7500.0], [4545.0, 700.0], [4545.25, 3594.0], [4545.5, 16401.0], [4545.75, 1317.0], [4546.0, 2265.0], [4546.25, 1302.0], [4546.5, 2265.0], [4546.75, 1041.0], [4547.0, 1556.0], [4547.25, 1104.0], [4547.5, 1346.0], [4547.75, 404.0], [4548.0, 1346.0], [4548.5, 390.0], [4548.75, 1301.0], [4549.25, 994.0], [4549.5, 3314.0], [4549.75, 394.0], [4550.0, 1314.0]]}}}
{"jsonrpc": "2.0", "method": "subscription", "params": {"channel": "book.ETH-15AUG25.none.20.100ms", "data": {"timestamp": 1755203269281, "change_id": 81474247618, "instrument_name": "ETH-15AUG25", "bids": [[4536.5, 1000.0], [4536.0, 160.0], [4535.0, 14000.0], [4534.75, 7500.0], [4534.0, 5403.0], [4533.75, 18010.0], [4533.25, 1201.0], [4532.75, 1233.0], [4532.25, 10303.0], [4532.0, 353.0], [4531.75, 1178.0], [4531.5, 360.0], [4531.25, 1201.0], [4530.75, 362.0], [4530.5, 1207.0], [4530.25, 356.0], [4530.0, 1188.0], [4529.25, 359.0], [4529.0, 1198.0], [4528.5, 26708.0]], "asks": [[4536.75, 10536.0], [4537.0, 15993.0], [4537.25, 23177.0], [4537.5, 11409.0], [4537.75, 8800.0], [4538.0, 1592.0], [4538.25, 2000.0], [4538.5, 2020.0], [4538.75, 10601.0], [4539.0, 1900.0], [4539.25, 1201.0], [4539.75, 1201.0], [4540.5, 1233.0], [4541.25, 8732.0], [4541.5, 24997.0], [4541.75, 1198.0], [4542.0, 3060.0], [4542.25, 11398.0], [4543.5, 4000.0], [4544.5, 1201.0]]}}}
{"jsonrpc": "2.0", "method": "subscription", "params": {"channel": "book.ETH-22AUG25.none.20.100ms", "data": {"timestamp": 1755203269691, "change_id": 81474248498, "instrument_name": "ETH-22AUG25", "bids": [[4544.25, 910.0], [4544.0, 1290.0], [4543.75, 2265.0], [4543.5, 1271.0], [4543.25, 2394.0], [4543.0, 2264.0], [4542.75, 5723.0], [4542.5, 15080.0], [4542.25, 1346.0], [4542.0, 404.0], [4541.75, 1346.0], [4541.5, 2599.0], [4541.25, 8829.0], [4541.0, 394.0], [4540.75, 1314.0], [4540.5, 394.0], [4540.25, 4342.0], [4540.0, 10498.0], [4539.75, 6255.0], [4539.5, 17175.0]], "asks": [[4544.75, 7500.0], [4545.0, 700.0], [4545.25, 3594.0], [4545.5, 16401.0], [4545.75, 1317.0], [4546.0, 2265.0], [4546.25, 1302.0], [4546.5, 2265.0], [4546.75, 1041.0], [4547.0, 1556.0], [4547.25, 1104.0], [4547.5, 1346.0], [4547.75, 404.0], [4548.0, 1346.0], [4548.5, 390.0], [4548.75, 1301.0], [4549.25, 994.0], [4549.5, 3314.0], [4549.75, 394.0], [4550.0, 1314.0]]}}}
{"jsonrpc": "2.0", "method": "subscription", "params": {"channel": "book.ETH-15AUG25.none.20.100ms", "data": {"timestamp": 1755203269550, "change_id": 81474248289, "instrument_name": "ETH-15AUG25", "bids": [[4536.5, 1160.0], [4535.0, 14000.0], [4534.75, 7500.0], [4534.0, 5403.0], [4533.75, 18010.0], [4533.25, 1201.0], [4532.75, 1233.0], [4532.25, 10303.0], [4532.0, 353.0], [4531.75, 1178.0], [4531.5, 360.0], [4531.25, 1201.0], [4530.75, 362.0], [4530.5, 1207.0], [4530.25, 356.0], [4530.0, 1188.0], [4529.25, 359.0], [4529.0, 1198.0], [4528.5, 26708.0], [4527.75, 7451.0]], "asks": [[4536.75, 10536.0], [4537.0, 14179.0], [4537.25, 23177.0], [4537.5, 11409.0], [4537.75, 8800.0], [4538.0, 1692.0], [4538.25, 1900.0], [4538.5, 2020.0], [4538.75, 10601.0], [4539.0, 1900.0], [4539.25, 1201.0], [4539.75, 1201.0], [4540.5, 1233.0], [4541.25, 8732.0], [4541.5, 24997.0], [4541.75, 1198.0], [4542.0, 3060.0], [4542.25, 11398.0], [4543.5, 4000.0], [4544.5, 1201.0]]}}}
{"jsonrpc": "2.0", "method": "subscription", "params": {"channel": "book.ETH-15AUG25.none.20.100ms", "data": {"timestamp": 1755203270018, "change_id": 81474249518, "instrument_name": "ETH-15AUG25", "bids": [[4536.5, 1000.0], [4535.75, 160.0], [4534.0, 12903.0], [4533.75, 18010.0], [4533.25, 1201.0], [4532.75, 1233.0], [4532.0, 353.0], [4531.75, 1178.0], [4531.5, 360.0], [4531.25, 1201.0], [4530.75, 3370.0], [4530.5, 11385.0], [4530.25, 356.0], [4530.0, 1188.0], [4529.25, 359.0], [4529.0, 1198.0], [4528.5, 1198.0], [4527.5, 25510.0], [4527.0, 1201.0], [4526.25, 5031.0]], "asks": [[4536.75, 12619.0], [4537.0, 15857.0], [4537.25, 24881.0], [4537.5, 11409.0], [4537.75, 8800.0], [4538.0, 1592.0], [4538.25, 9500.0], [4538.5, 2020.0], [4538.75, 3101.0], [4539.0, 1900.0], [4539.25, 1201.0], [4539.75, 1201.0], [4540.0, 2000.0], [4540.5, 1233.0], [4541.25, 8732.0], [4541.5, 24997.0], [4541.75, 1198.0], [4542.0, 3060.0], [4542.25, 11398.0], [4543.5, 4000.0]]}}}
{"jsonrpc": "2.0", "method": "subscription", "params": {"channel": "book.ETH-22AUG25.none.20.100ms", "data": {"timestamp": 1755203269917, "change_id": 81474249410, "instrument_name": "ETH-22AUG25", "bids": [[4544.0, 210.0], [4543.75, 910.0], [4543.5, 1271.0], [4543.25, 2394.0], [4543.0, 2264.0], [4542.75, 1556.0], [4542.5, 1104.0], [4542.25, 1346.0], [4542.0, 404.0], [4541.75, 1346.0], [4541.5, 399.0], [4541.25, 1329.0], [4541.0, 394.0], [4540.75, 3564.0], [4540.5, 7894.0], [4540.25, 1314.0], [4540.0, 404.0], [4539.75, 6255.0], [4539.5, 17175.0], [4539.25, 1352.0]], "asks": [[4544.75, 8010.0], [4545.0, 1910.0], [4545.25, 5171.0], [4545.5, 16401.0], [4545.75, 1317.0], [4546.0, 2265.0], [4546.25, 1302.0], [4546.5, 2265.0], [4546.75, 1041.0], [4547.0, 1556.0], [4547.25, 1104.0], [4547.5, 1346.0], [4547.75, 404.0], [4548.0, 1346.0], [4548.5, 390.0], [4548.75, 1301.0], [4549.25, 994.0], [4549.5, 3314.0], [4549.75, 394.0], [4550.0, 1314.0]]}}}
{"jsonrpc": "2.0", "method": "subscription", "params": {"channel": "book.ETH-22AUG25.none.20.100ms", "data": {"timestamp": 1755203270257, "change_id": 81474250364, "instrument_name": "ETH-22AUG25", "bids": [[4544.0, 210.0], [4543.75, 910.0], [4543.5, 1271.0], [4543.25, 2394.0], [4543.0, 2264.0], [4542.75, 6423.0], [4542.5, 15080.0], [4542.25, 1346.0], [4542.0, 404.0], [4541.75, 1346.0], [4541.5, 399.0], [4541.25, 1329.0], [4541.0, 3388.0], [4540.75, 13706.0], [4540.5, 7894.0], [4540.25, 1314.0], [4540.0, 404.0], [4539.75, 6255.0], [4539.5, 17175.0], [4539.25, 1352.0]], "asks": [[4544.5, 700.0], [4544.75, 9053.0], [4545.0, 3425.0], [4545.25, 5171.0], [4545.5, 16241.0], [4545.75, 1317.0], [4546.0, 2265.0], [4546.25, 1302.0], [4546.5, 2265.0], [4546.75, 1041.0], [4547.0, 1346.0], [4547.25, 404.0], [4547.5, 1346.0], [4547.75, 404.0], [4548.0, 1346.0], [4548.5, 390.0], [4548.75, 1301.0], [4549.25, 994.0], [4549.5, 3314.0], [4549.75, 394.0]]}}}
{"jsonrpc": "2.0", "method": "subscription", "params": {"channel": "book.ETH-15AUG25.none.20.100ms", "data": {"timestamp": 1755203270353, "change_id": 81474250372, "instrument_name": "ETH-15AUG25", "bids": [[4536.5, 1000.0], [4535.75, 160.0], [4534.75, 14000.0], [4534.5, 7500.0], [4534.0, 5403.0], [4533.75, 18010.0], [4533.0, 10365.0], [4532.75, 1233.0], [4532.0, 353.0], [4531.75, 1178.0], [4531.5, 360.0], [4531.25, 1201.0], [4530.75, 362.0], [4530.5, 1207.0], [4530.25, 356.0], [4530.0, 1188.0], [4529.25, 359.0], [4529.0, 1198.0], [4528.5, 1198.0], [4527.5, 25510.0]], "asks": [[4536.75, 12619.0], [4537.0, 15857.0], [4537.25, 24881.0], [4537.5, 11409.0], [4537.75, 13620.0], [4538.0, 53938.0], [4538.25, 9500.0], [4538.5, 1860.0], [4538.75, 1201.0], [4539.75, 1201.0], [4540.0, 2000.0], [4540.5, 1233.0], [4541.25, 8732.0], [4541.5, 24997.0], [4541.75, 1198.0], [4542.0, 3060.0], [4542.25, 11398.0], [4543.5, 4000.0], [4544.5, 1201.0], [4547.5, 1197.0]]}}}
{"jsonrpc": "2.0", "method": "subscription", "params": {"channel": "book.ETH-22AUG25.none.20.100ms", "data": {"timestamp": 1755203270656, "change_id": 81474250836, "instrument_name": "ETH-22AUG25", "bids": [[4543.75, 910.0], [4543.5, 1271.0], [4543.25, 2394.0], [4543.0, 2264.0], [4542.75, 6423.0], [4542.5, 15080.0], [4542.25, 1346.0], [4542.0, 404.0], [4541.75, 1346.0], [4541.5, 399.0], [4541.25, 1329.0], [4541.0, 3388.0], [4540.75, 13706.0], [4540.5, 7894.0], [4540.25, 1314.0], [4540.0, 404.0], [4539.75, 6255.0], [4539.5, 17175.0], [4539.25, 1352.0], [4539.0, 5.0]], "asks": [[4544.25, 8200.0], [4544.5, 700.0], [4544.75, 1553.0], [4545.0, 3425.0], [4545.25, 5171.0], [4545.5, 16241.0], [4545.75, 1317.0], [4546.0, 2265.0], [4546.25, 1302.0], [4546.5, 2265.0], [4546.75, 1041.0], [4547.0, 1346.0], [4547.25, 404.0], [4547.5, 1346.0], [4547.75, 404.0], [4548.0, 1346.0], [4548.5, 390.0], [4548.75, 1301.0], [4549.25, 994.0], [4549.5, 3314.0]]}}}
{"jsonrpc": "2.0", "method": "subscription", "params": {"channel": "book.ETH-15AUG25.none.20.100ms", "data": {"timestamp": 1755203270664, "change_id": 81474250840, "instrument_name": "ETH-15AUG25", "bids": [[4536.5, 1000.0], [4535.75, 160.0], [4535.0, 4200.0], [4534.75, 14000.0], [4534.25, 7500.0], [4534.0, 5403.0], [4533.75, 16796.0], [4533.0, 10365.0], [4532.75, 1233.0], [4532.0, 353.0], [4531.75, 1178.0], [4531.5, 360.0], [4531.25, 1201.0], [4530.75, 362.0], [4530.5, 1207.0], [4530.25, 356.0], [4530.0, 1188.0], [4529.25, 359.0], [4529.0, 1198.0], [4528.5, 1198.0]], "asks": [[4536.75, 12619.0], [4537.0, 15857.0], [4537.25, 24881.0], [4537.5, 11409.0], [4537.75, 13620.0], [4538.0, 54038.0], [4538.25, 9400.0], [4538.5, 1860.0], [4538.75, 1201.0], [4539.75, 1201.0], [4540.0, 2000.0], [4540.5, 1233.0], [4541.25, 8732.0], [4541.5, 24997.0], [4541.75, 1198.0], [4542.0, 3060.0], [4542.25, 11398.0], [4543.5, 4000.0], [4544.5, 1201.0], [4547.5, 1197.0]]}}}
{"jsonrpc": "2.0", "method": "subscription", "params": {"channel": "book.ETH-15AUG25.none.20.100ms", "data": {"timestamp": 1755203270878, "change_id": 81474251171, "instrument_name": "ETH-15AUG25", "bids": [[4536.5, 1000.0], [4535.75, 160.0], [4535.0, 4200.0], [4534.75, 21500.0], [4534.0, 5403.0], [4533.75, 16796.0], [4533.0, 10365.0], [4532.75, 1233.0], [4532.0, 353.0], [4531.75, 1178.0], [4531.5, 360.0], [4531.25, 1201.0], [4530.75, 362.0], [4530.5, 1207.0], [4530.25, 356.0], [4530.0, 1188.0], [4529.25, 359.0], [4529.0, 1198.0], [4528.5, 1198.0], [4527.25, 25510.0]], "asks": [[4536.75, 12619.0], [4537.0, 15857.0], [4537.25, 24881.0], [4537.5, 11409.0], [4537.75, 13620.0], [4538.0, 54038.0], [4538.25, 9400.0], [4538.5, 1860.0], [4538.75, 1201.0], [4539.75, 1201.0], [4540.0, 2000.0], [4540.5, 1233.0], [4541.25, 8732.0], [4541.5, 24997.0], [4541.75, 1198.0], [4542.0, 3060.0], [4542.25, 11398.0], [4543.5, 4000.0], [4544.5, 1201.0], [4547.5, 1197.0]]}}}
{"jsonrpc": "2.0", "method": "subscription", "params": {"channel": "book.ETH-22AUG25.none.20.100ms", "data": {"timestamp": 1755203270800, "change_id": 81474251030, "instrument_name": "ETH-22AUG25", "bids": [[4543.75, 910.0], [4543.5, 1271.0], [4543.25, 2394.0], [4543.0, 2264.0], [4542.75, 6423.0], [4542.5, 15080.0], [4542.25, 1346.0], [4542.0, 404.0], [4541.75, 1346.0], [4541.5, 399.0], [4541.25, 1329.0], [4541.0, 3388.0], [4540.75, 13706.0], [4540.5, 7894.0], [4540.25, 1314.0], [4540.0, 404.0], [4539.75, 6255.0], [4539.5, 17175.0], [4539.25, 1352.0], [4539.0, 5.0]], "asks": [[4544.25, 8200.0], [4544.5, 700.0], [4544.75, 1512.0], [4545.0, 3425.0], [4545.25, 5171.0], [4545.5, 16241.0], [4545.75, 1317.0], [4546.0, 2265.0], [4546.25, 1302.0], [4546.5, 2265.0], [4546.75, 1041.0], [4547.0, 1346.0], [4547.25, 404.0], [4547.5, 1346.0], [4547.75, 404.0], [4548.0, 1346.0], [4548.5, 390.0], [4548.75, 1301.0], [4549.25, 994.0], [4549.5, 3314.0]]}}}
{"jsonrpc": "2.0", "method": "subscription", "params": {"channel": "book.ETH-15AUG25.none.20.100ms", "data": {"timestamp": 1755203271148, "change_id": 81474252027, "instrument_name": "ETH-15AUG25", "bids": [[4536.5, 1000.0], [4535.75, 160.0], [4535.0, 5925.0], [4534.75, 21500.0], [4534.0, 5403.0], [4533.75, 16796.0], [4533.25, 3110.0], [4533.0, 10365.0], [4532.75, 1233.0], [4532.0, 353.0], [4531.75, 1178.0], [4531.5, 360.0], [4531.25, 1201.0], [4530.75, 362.0], [4530.5, 1207.0], [4530.25, 356.0], [4530.0, 1188.0], [4529.25, 359.0], [4529.0, 1198.0], [4528.75, 359.0]], "asks": [[4536.75, 12619.0], [4537.0, 15857.0], [4537.25, 26079.0], [4537.5, 11409.0], [4537.75, 13620.0], [4538.0, 54038.0], [4538.25, 9400.0], [4538.5, 2220.0], [4538.75, 1201.0], [4539.75, 1201.0], [4540.0, 2000.0], [4540.25, 370.0], [4540.5, 1233.0], [4541.25, 8732.0], [4541.5, 24997.0], [4541.75, 1198.0], [4542.0, 3060.0], [4542.25, 11398.0], [4543.5, 4000.0], [4544.5, 1201.0]]}}}
{"jsonrpc": "2.0", "method": "subscription", "params": {"channel": "book.ETH-22AUG25.none.20.100ms", "data": {"timestamp": 1755203271246, "change_id": 81474252303, "instrument_name": "ETH-22AUG25", "bids": [[4543.5, 930.0], [4543.25, 1048.0], [4543.0, 2264.0], [4542.75, 6423.0], [4542.5, 15080.0], [4542.25, 1346.0], [4542.0, 404.0], [4541.75, 1346.0], [4541.5, 399.0], [4541.25, 1329.0], [4541.0, 3388.0], [4540.75, 13706.0], [4540.5, 7894.0], [4540.25, 1314.0], [4540.0, 404.0], [4539.75, 6255.0], [4539.5, 17175.0], [4539.25, 1352.0], [4539.0, 5.0], [4537.5, 407.0]], "asks": [[4544.0, 700.0], [4544.25, 8200.0], [4544.5, 1184.0], [4544.75, 2512.0], [4545.0, 2425.0], [4545.25, 5171.0], [4545.5, 16241.0], [4545.75, 1317.0], [4546.0, 2265.0], [4546.25, 1302.0], [4546.5, 2055.0], [4546.75, 341.0], [4547.0, 1346.0], [4547.25, 404.0], [4547.5, 1346.0], [4547.75, 404.0], [4548.0, 1346.0], [4548.5, 390.0], [4548.75, 1301.0], [4549.25, 994.0]]}}}
{"jsonrpc": "2.0", "method": "subscription", "params": {"channel": "book.ETH-15AUG25.none.20.100ms", "data": {"timestamp": 1755203271698, "change_id": 81474254376, "instrument_name": "ETH-15AUG25", "bids": [[4535.0, 160.0], [4534.0, 8563.0], [4533.75, 30796.0], [4532.0, 353.0], [4531.75, 1178.0], [4531.5, 360.0], [4531.25, 1201.0], [4530.75, 362.0], [4530.5, 1207.0], [4530.25, 356.0], [4530.0, 1188.0], [4529.25, 359.0], [4529.0, 1198.0], [4528.75, 359.0], [4528.5, 1198.0], [4527.0, 1201.0], [4526.5, 1197.0], [4526.25, 30541.0], [4526.0, 2458.0], [4525.0, 1179.0]], "asks": [[4535.75, 359.0], [4536.0, 1197.0], [4536.5, 7872.0], [4536.75, 30748.0], [4537.0, 10973.0], [4537.25, 12079.0], [4537.5, 11409.0], [4537.75, 13620.0], [4538.0, 53938.0], [4538.25, 9400.0], [4538.5, 2060.0], [4538.75, 1201.0], [4539.75, 1201.0], [4540.0, 10449.0], [4540.25, 370.0], [4540.5, 1233.0], [4541.25, 8732.0], [4541.5, 24997.0], [4541.75, 1198.0], [4542.25, 1198.0]]}}}
{"jsonrpc": "2.0", "method": "subscription", "params": {"channel": "book.ETH-22AUG25.none.20.100ms", "data": {"timestamp": 1755203271620, "change_id": 81474254365, "instrument_name": "ETH-22AUG25", "bids": [[4543.25, 258.0], [4543.0, 910.0], [4542.75, 910.0], [4542.5, 1104.0], [4542.25, 1506.0], [4542.0, 4815.0], [4541.75, 16322.0], [4541.5, 399.0], [4541.25, 1329.0], [4541.0, 394.0], [4540.75, 1314.0], [4540.5, 394.0], [4540.25, 1314.0], [4540.0, 404.0], [4539.75, 6255.0], [4539.5, 17175.0], [4539.25, 1352.0], [4539.0, 5.0], [4537.5, 407.0], [4537.25, 1355.0]], "asks": [[4543.75, 2013.0], [4544.0, 2768.0], [4544.25, 8902.0], [4544.5, 5193.0], [4544.75, 15488.0], [4545.0, 2425.0], [4545.25, 1317.0], [4545.5, 2265.0], [4545.75, 1317.0], [4546.0, 2265.0], [4546.25, 1107.0], [4546.5, 1355.0], [4546.75, 341.0], [4547.0, 1346.0], [4547.25, 404.0], [4547.5, 1346.0], [4547.75, 404.0], [4548.0, 1946.0], [4548.25, 2000.0], [4548.5, 3460.0]]}}}
{"jsonrpc": "2.0", "method": "subscription", "params": {"channel": "book.ETH-15AUG25.none.20.100ms", "data": {"timestamp": 1755203272024, "change_id": 81474255897, "instrument_name": "ETH-15AUG25", "bids": [[4535.0, 160.0], [4534.0, 5403.0], [4533.75, 16796.0], [4533.5, 4200.0], [4533.25, 16250.0], [4533.0, 7500.0], [4532.0, 353.0], [4531.75, 1178.0], [4531.5, 360.0], [4531.25, 1201.0], [4530.75, 3430.0], [4530.5, 11585.0], [4530.25, 356.0], [4530.0, 1188.0], [4529.25, 359.0], [4529.0, 1198.0], [4528.75, 359.0], [4528.5, 1198.0], [4527.25, 360.0], [4527.0, 1201.0]], "asks": [[4535.25, 8536.0], [4535.5, 10497.0], [4535.75, 9811.0], [4536.0, 12332.0], [4536.25, 21833.0], [4536.5, 359.0], [4536.75, 1767.0], [4537.0, 2829.0], [4537.25, 3834.0], [4537.5, 4880.0], [4537.75, 22564.0], [4538.0, 53778.0], [4538.25, 510.0], [4538.5, 2060.0], [4538.75, 1201.0], [4539.5, 360.0], [4539.75, 4336.0], [4540.0, 10449.0], [4540.25, 370.0], [4540.5, 1233.0]]}}}
{"jsonrpc": "2.0", "method": "subscription", "params": {"channel": "book.ETH-22AUG25.none.20.100ms", "data": {"timestamp": 1755203271954, "change_id": 81474255872, "instrument_name": "ETH-22AUG25", "bids": [[4542.75, 210.0], [4542.5, 1094.0], [4542.25, 1313.0], [4542.0, 653.0], [4541.75, 2346.0], [4541.5, 4702.0], [4541.25, 15305.0], [4541.0, 394.0], [4540.75, 1314.0], [4540.5, 394.0], [4540.25, 1314.0], [4540.0, 404.0], [4539.75, 6255.0], [4539.5, 17175.0], [4539.25, 3604.0], [4539.0, 7899.0], [4538.75, 1313.0], [4538.5, 3151.0], [4538.25, 10504.0], [4537.5, 407.0]], "asks": [[4543.5, 1186.0], [4543.75, 11738.0], [4544.0, 16744.0], [4544.25, 1402.0], [4544.5, 2383.0], [4544.75, 1512.0], [4545.0, 2265.0], [4545.25, 1317.0], [4545.5, 2265.0], [4545.75, 1317.0], [4546.0, 2055.0], [4546.25, 407.0], [4546.5, 1355.0], [4546.75, 341.0], [4547.0, 1346.0], [4547.25, 404.0], [4547.5, 1346.0], [4547.75, 404.0], [4548.0, 1946.0], [4548.25, 2000.0]]}}}
{"jsonrpc": "2.0", "method": "subscription", "params": {"channel": "book.ETH-22AUG25.none.20.100ms", "data": {"timestamp": 1755203272305, "change_id": 81474257017, "instrument_name": "ETH-22AUG25", "bids": [[4542.75, 210.0], [4542.5, 1094.0], [4542.25, 1523.0], [4542.0, 1353.0], [4541.75, 3046.0], [4541.5, 4702.0], [4541.25, 15305.0], [4541.0, 394.0], [4540.75, 1314.0], [4540.5, 394.0], [4540.25, 1314.0], [4540.0, 404.0], [4539.75, 6255.0], [4539.5, 24675.0], [4539.25, 1352.0], [4539.0, 399.0], [4538.75, 1313.0], [4538.5, 3151.0], [4538.25, 10504.0], [4537.5, 407.0]], "asks": [[4543.5, 1186.0], [4543.75, 11738.0], [4544.0, 16904.0], [4544.25, 1402.0], [4544.5, 2223.0], [4544.75, 1512.0], [4545.0, 2265.0], [4545.25, 1317.0], [4545.5, 2265.0], [4545.75, 1080.0], [4546.0, 1355.0], [4546.25, 407.0], [4546.5, 1355.0], [4546.75, 341.0], [4547.0, 1346.0], [4547.25, 404.0], [4547.5, 1346.0], [4547.75, 404.0], [4548.0, 1946.0], [4548.25, 2000.0]]}}}
{"jsonrpc": "2.0", "method": "subscription", "params": {"channel": "book.ETH-15AUG25.none.20.100ms", "data": {"timestamp": 1755203272304, "change_id": 81474257016, "instrument_name": "ETH-15AUG25", "bids": [[4535.0, 160.0], [4534.0, 5403.0], [4533.75, 19046.0], [4533.5, 11700.0], [4533.25, 14000.0], [4532.0, 353.0], [4531.75, 1178.0], [4531.5, 360.0], [4531.25, 1201.0], [4530.75, 3430.0], [4530.5, 11585.0], [4530.25, 356.0], [4530.0, 1188.0], [4529.25, 359.0], [4529.0, 1198.0], [4528.75, 359.0], [4528.5, 1198.0], [4527.25, 360.0], [4527.0, 1201.0], [4526.75, 359.0]], "asks": [[4535.25, 10009.0], [4535.5, 10497.0], [4535.75, 9811.0], [4536.0, 12332.0], [4536.25, 21833.0], [4536.5, 359.0], [4536.75, 1767.0], [4537.0, 5123.0], [4537.25, 11334.0], [4537.5, 1900.0], [4537.75, 359.0], [4538.0, 1198.0], [4538.5, 360.0], [4538.75, 1201.0], [4539.5, 360.0], [4539.75, 4336.0], [4540.0, 10449.0], [4540.25, 370.0], [4540.5, 1233.0], [4541.0, 370.0]]}}}
{"jsonrpc": "2.0", "method": "subscription", "params": {"channel": "book.ETH-15AUG25.none.20.100ms", "data": {"timestamp": 1755203272680, "change_id": 81474257748, "instrument_name": "ETH-15AUG25", "bids": [[4535.0, 160.0], [4534.0, 5403.0], [4533.75, 19046.0], [4533.5, 11700.0], [4533.25, 14000.0], [4532.0, 353.0], [4531.75, 1178.0], [4531.5, 360.0], [4531.25, 1201.0], [4530.75, 3430.0], [4530.5, 11585.0], [4530.25, 356.0], [4530.0, 1188.0], [4529.25, 359.0], [4529.0, 1198.0], [4528.75, 359.0], [4528.5, 1198.0], [4527.25, 360.0], [4527.0, 1201.0], [4526.75, 359.0]], "asks": [[4535.25, 10009.0], [4535.5, 10497.0], [4535.75, 9811.0], [4536.0, 12332.0], [4536.25, 21833.0], [4536.5, 359.0], [4536.75, 1767.0], [4537.0, 5123.0], [4537.25, 11334.0], [4537.5, 1900.0], [4537.75, 359.0], [4538.0, 1198.0], [4538.5, 360.0], [4538.75, 1201.0], [4539.5, 360.0], [4539.75, 4336.0], [4540.0, 10449.0], [4540.25, 370.0], [4540.5, 1233.0], [4541.0, 370.0]]}}}
{"jsonrpc": "2.0", "method": "subscription", "params": {"channel": "book.ETH-22AUG25.none.20.100ms", "data": {"timestamp": 1755203272670, "change_id": 81474257733, "instrument_name": "ETH-22AUG25", "bids": [[4542.75, 210.0], [4542.5, 1094.0], [4542.25, 1523.0], [4542.0, 1353.0], [4541.75, 3046.0], [4541.5, 4702.0], [4541.25, 15305.0], [4541.0, 394.0], [4540.75, 1314.0], [4540.5, 394.0], [4540.25, 1314.0], [4540.0, 404.0], [4539.75, 6255.0], [4539.5, 24675.0], [4539.25, 1352.0], [4539.0, 399.0], [4538.75, 1313.0], [4538.5, 3151.0], [4538.25, 10504.0], [4537.5, 407.0]], "asks": [[4543.25, 8200.0], [4543.5, 1186.0], [4543.75, 4238.0], [4544.0, 16904.0], [4544.25, 1402.0], [4544.5, 2223.0], [4544.75, 1512.0], [4545.0, 2265.0], [4545.25, 1317.0], [4545.5, 2265.0], [4545.75, 1080.0], [4546.0, 1355.0], [4546.25, 407.0], [4546.5, 1355.0], [4546.75, 341.0], [4547.0, 1346.0], [4547.25, 404.0], [4547.5, 1346.0], [4547.75, 404.0], [4548.0, 1946.0]]}}}
{"jsonrpc": "2.0", "method": "subscription", "params": {"channel": "book.ETH-15AUG25.none.20.100ms", "data": {"timestamp": 1755203273001, "change_id": 81474258199, "instrument_name": "ETH-15AUG25", "bids": [[4535.0, 160.0], [4534.75, 1000.0], [4534.0, 5403.0], [4533.75, 19046.0], [4533.5, 11700.0], [4533.25, 14000.0], [4532.0, 353.0], [4531.75, 1178.0], [4531.5, 360.0], [4531.25, 1201.0], [4530.75, 3430.0], [4530.5, 11585.0], [4530.25, 356.0], [4530.0, 1188.0], [4529.25, 359.0], [4529.0, 1198.0], [4528.75, 359.0], [4528.5, 1198.0], [4527.25, 360.0], [4527.0, 1201.0]], "asks": [[4535.25, 10009.0], [4535.5, 10497.0], [4535.75, 9811.0], [4536.0, 12432.0], [4536.25, 21733.0], [4536.5, 359.0], [4536.75, 1767.0], [4537.0, 5123.0], [4537.25, 11334.0], [4537.5, 1900.0], [4537.75, 359.0], [4538.0, 1198.0], [4538.5, 360.0], [4538.75, 1201.0], [4539.5, 360.0], [4539.75, 4336.0], [4540.0, 10449.0], [4540.25, 370.0], [4540.5, 1233.0], [4541.0, 370.0]]}}}
{"jsonrpc": "2.0", "method": "subscription", "params": {"channel": "book.ETH-22AUG25.none.20.100ms", "data": {"timestamp": 1755203272816, "change_id": 81474258192, "instrument_name": "ETH-22AUG25", "bids": [[4542.75, 210.0], [4542.5, 1094.0], [4542.25, 1523.0], [4542.0, 1353.0], [4541.75, 3046.0], [4541.5, 4702.0], [4541.25, 15305.0], [4541.0, 394.0], [4540.75, 1314.0], [4540.5, 394.0], [4540.25, 1314.0], [4540.0, 404.0], [4539.75, 6255.0], [4539.5, 24675.0], [4539.25, 1352.0], [4539.0, 399.0], [4538.75, 1313.0], [4538.5, 3151.0], [4538.25, 10504.0], [4537.5, 407.0]], "asks": [[4543.25, 8200.0], [4543.5, 1508.0], [4543.75, 5238.0], [4544.0, 16904.0], [4544.25, 1402.0], [4544.5, 2223.0], [4544.75, 1512.0], [4545.0, 2265.0], [4545.25, 1317.0], [4545.5, 2265.0], [4545.75, 1080.0], [4546.0, 1355.0], [4546.25, 407.0], [4546.5, 1355.0], [4546.75, 341.0], [4547.0, 1346.0], [4547.25, 404.0], [4547.5, 1346.0], [4547.75, 404.0], [4548.0, 1946.0]]}}}
{"jsonrpc": "2.0", "method": "subscription", "params": {"channel": "book.ETH-15AUG25.none.20.100ms", "data": {"timestamp": 1755203273291, "change_id": 81474259190, "instrument_name": "ETH-15AUG25", "bids": [[4534.75, 1000.0], [4534.25, 160.0], [4534.0, 5403.0], [4533.75, 16796.0], [4533.5, 4200.0], [4533.25, 14000.0], [4533.0, 2250.0], [4532.75, 7500.0], [4532.0, 353.0], [4531.75, 1178.0], [4531.5, 360.0], [4531.25, 1201.0], [4530.75, 3430.0], [4530.5, 11585.0], [4530.25, 356.0], [4530.0, 1188.0], [4529.25, 359.0], [4529.0, 1198.0], [4528.75, 359.0], [4528.5, 1198.0]], "asks": [[4535.25, 12870.0], [4535.5, 15752.0], [4535.75, 22811.0], [4536.0, 8597.0], [4536.25, 7733.0], [4536.5, 359.0], [4536.75, 1767.0], [4537.0, 5123.0], [4537.25, 9434.0], [4537.5, 1900.0], [4537.75, 359.0], [4538.0, 1198.0], [4538.25, 600.0], [4538.5, 2360.0], [4538.75, 1201.0], [4539.5, 360.0], [4539.75, 4336.0], [4540.0, 10449.0], [4540.25, 370.0], [4540.5, 1233.0]]}}}
{"jsonrpc": "2.0", "method": "subscription", "params": {"channel": "book.ETH-22AUG25.none.20.100ms", "data": {"timestamp": 1755203273287, "change_id": 81474259117, "instrument_name": "ETH-22AUG25", "bids": [[4542.25, 210.0], [4542.0, 1353.0], [4541.75, 3046.0], [4541.5, 4702.0], [4541.25, 15305.0], [4541.0, 394.0], [4540.75, 1314.0], [4540.5, 394.0], [4540.25, 1314.0], [4540.0, 404.0], [4539.75, 6255.0], [4539.5, 24675.0], [4539.25, 1352.0], [4539.0, 399.0], [4538.75, 1313.0], [4538.5, 3151.0], [4538.25, 10504.0], [4537.5, 407.0], [4537.25, 1355.0], [4537.0, 399.0]], "asks": [[4543.0, 700.0], [4543.25, 8410.0], [4543.5, 1186.0], [4543.75, 5818.0], [4544.0, 16904.0], [4544.25, 1402.0], [4544.5, 2223.0], [4544.75, 1512.0], [4545.0, 2265.0], [4545.25, 1317.0], [4545.5, 2055.0], [4545.75, 380.0], [4546.0, 1355.0], [4546.25, 407.0], [4546.5, 1355.0], [4546.75, 341.0], [4547.0, 1346.0], [4547.25, 404.0], [4547.5, 1346.0], [4547.75, 404.0]]}}}
{"jsonrpc": "2.0", "method": "subscription", "params": {"channel": "book.ETH-22AUG25.none.20.100ms", "data": {"timestamp": 1755203273566, "change_id": 81474260726, "instrument_name": "ETH-22AUG25", "bids": [[4542.25, 210.0], [4542.0, 1353.0], [4541.75, 3046.0], [4541.5, 4702.0], [4541.25, 15305.0], [4541.0, 394.0], [4540.75, 1314.0], [4540.5, 394.0], [4540.25, 1314.0], [4540.0, 404.0], [4539.75, 1346.0], [4539.5, 406.0], [4539.25, 1352.0], [4539.0, 2600.0], [4538.75, 8813.0], [4538.5, 3151.0], [4538.25, 10504.0], [4537.5, 407.0], [4537.25, 1355.0], [4537.0, 399.0]], "asks": [[4543.0, 700.0], [4543.25, 8410.0], [4543.5, 1346.0], [4543.75, 5818.0], [4544.0, 16744.0], [4544.25, 1402.0], [4544.5, 2223.0], [4544.75, 1512.0], [4545.0, 2265.0], [4545.25, 1317.0], [4545.5, 2055.0], [4545.75, 380.0], [4546.0, 1355.0], [4546.25, 407.0], [4546.5, 1355.0], [4546.75, 341.0], [4547.0, 1346.0], [4547.25, 404.0], [4547.5, 1346.0], [4547.75, 404.0]]}}}
{"jsonrpc": "2.0", "method": "subscription", "params": {"channel": "book.ETH-15AUG25.none.20.100ms", "data": {"timestamp": 1755203273680, "change_id": 81474260877, "instrument_name": "ETH-15AUG25", "bids": [[4534.75, 1000.0], [4534.25, 160.0], [4533.5, 4200.0], [4533.25, 14000.0], [4533.0, 2250.0], [4532.75, 7500.0], [4532.0, 353.0], [4531.75, 1178.0], [4531.5, 360.0], [4531.25, 1201.0], [4530.75, 3430.0], [4530.5, 11585.0], [4530.25, 356.0], [4530.0, 1188.0], [4529.25, 359.0], [4529.0, 1198.0], [4528.75, 359.0], [4528.5, 1198.0], [4527.25, 360.0], [4527.0, 1201.0]], "asks": [[4535.0, 8536.0], [4535.25, 12870.0], [4535.5, 13852.0], [4535.75, 22811.0], [4536.0, 6536.0], [4536.25, 7529.0], [4536.5, 54892.0], [4536.75, 9267.0], [4537.0, 2259.0], [4537.25, 1198.0], [4537.75, 359.0], [4538.0, 1198.0], [4538.25, 600.0], [4538.5, 2360.0], [4538.75, 1201.0], [4539.5, 360.0], [4539.75, 4336.0], [4540.0, 10449.0], [4540.25, 370.0], [4540.5, 1233.0]]}}}
{"jsonrpc": "2.0", "method": "subscription", "params": {"channel": "book.ETH-15AUG25.none.20.100ms", "data": {"timestamp": 1755203273937, "change_id": 81474261921, "instrument_name": "ETH-15AUG25", "bids": [[4534.75, 1000.0], [4534.25, 160.0], [4533.5, 4200.0], [4533.25, 14000.0], [4533.0, 2250.0], [4532.75, 7500.0], [4532.0, 353.0], [4531.75, 1178.0], [4531.5, 360.0], [4531.25, 1201.0], [4530.75, 3430.0], [4530.5, 11585.0], [4530.25, 356.0], [4530.0, 1188.0], [4529.25, 359.0], [4529.0, 1198.0], [4528.75, 359.0], [4528.5, 1198.0], [4527.25, 360.0], [4527.0, 1201.0]], "asks": [[4535.0, 9900.0], [4535.25, 11397.0], [4535.5, 13852.0], [4535.75, 22811.0], [4536.0, 6895.0], [4536.25, 7529.0], [4536.5, 54892.0], [4536.75, 9267.0], [4537.0, 2259.0], [4537.25, 1198.0], [4537.75, 359.0], [4538.0, 1198.0], [4538.25, 600.0], [4538.5, 2360.0], [4538.75, 1201.0], [4539.5, 360.0], [4539.75, 4336.0], [4540.0, 10449.0], [4540.25, 370.0], [4540.5, 1233.0]]}}}
{"jsonrpc": "2.0", "method": "subscription", "params": {"channel": "book.ETH-22AUG25.none.20.100ms", "data": {"timestamp": 1755203273823, "change_id": 81474261012, "instrument_name": "ETH-22AUG25", "bids": [[4542.25, 210.0], [4542.0, 1353.0], [4541.75, 3046.0], [4541.5, 4702.0], [4541.25, 15305.0], [4541.0, 394.0], [4540.75, 1314.0], [4540.5, 394.0], [4540.25, 1314.0], [4540.0, 404.0], [4539.75, 1346.0], [4539.5, 2605.0], [4539.25, 8852.0], [4539.0, 399.0], [4538.75, 1313.0], [4538.5, 3151.0], [4538.25, 10504.0], [4537.5, 407.0], [4537.25, 1355.0], [4537.0, 399.0]], "asks": [[4542.75, 8200.0], [4543.0, 700.0], [4543.25, 910.0], [4543.5, 1346.0], [4543.75, 5818.0], [4544.0, 16744.0], [4544.25, 1402.0], [4544.5, 2223.0], [4544.75, 1512.0], [4545.0, 2265.0], [4545.25, 1107.0], [4545.5, 1355.0], [4545.75, 380.0], [4546.0, 1355.0], [4546.25, 407.0], [4546.5, 1355.0], [4546.75, 341.0], [4547.0, 1346.0], [4547.25, 404.0], [4547.5, 1346.0]]}}}
{"jsonrpc": "2.0", "method": "subscription", "params": {"channel": "book.ETH-15AUG25.none.20.100ms", "data": {"timestamp": 1755203274291, "change_id": 81474263664, "instrument_name": "ETH-15AUG25", "bids": [[4534.75, 1000.0], [4534.25, 160.0], [4533.0, 4200.0], [4532.75, 14000.0], [4532.25, 2250.0], [4532.0, 7853.0], [4531.75, 1178.0], [4531.5, 360.0], [4531.25, 1201.0], [4530.75, 362.0], [4530.5, 1207.0], [4530.25, 356.0], [4530.0, 1188.0], [4529.25, 359.0], [4529.0, 6231.0], [4528.75, 17134.0], [4528.5, 1198.0], [4527.75, 2997.0], [4527.5, 9989.0], [4527.25, 360.0]], "asks": [[4535.0, 9900.0], [4535.25, 25856.0], [4535.5, 9694.0], [4535.75, 8911.0], [4536.0, 6895.0], [4536.25, 16104.0], [4536.5, 54892.0], [4536.75, 9267.0], [4537.0, 2259.0], [4537.25, 1198.0], [4537.75, 359.0], [4538.0, 1198.0], [4538.25, 600.0], [4538.5, 9814.0], [4538.75, 26198.0], [4539.5, 360.0], [4539.75, 4336.0], [4540.0, 10449.0], [4540.25, 370.0], [4540.5, 1233.0]]}}}
{"jsonrpc": "2.0", "method": "subscription", "params": {"channel": "book.ETH-22AUG25.none.20.100ms", "data": {"timestamp": 1755203274211, "change_id": 81474263679, "instrument_name": "ETH-22AUG25", "bids": [[4542.0, 210.0], [4541.75, 700.0], [4541.5, 210.0], [4541.25, 910.0], [4541.0, 1094.0], [4540.75, 5667.0], [4540.5, 14621.0], [4540.25, 2314.0], [4540.0, 404.0], [4539.75, 1346.0], [4539.5, 406.0], [4539.25, 1352.0], [4539.0, 399.0], [4538.75, 3563.0], [4538.5, 7894.0], [4538.25, 1313.0], [4537.5, 407.0], [4537.25, 1355.0], [4537.0, 399.0], [4536.75, 1329.0]], "asks": [[4542.5, 700.0], [4542.75, 8410.0], [4543.0, 4058.0], [4543.25, 16199.0], [4543.5, 1346.0], [4543.75, 2223.0], [4544.0, 910.0], [4544.25, 1402.0], [4544.5, 2223.0], [4544.75, 1317.0], [4545.0, 2055.0], [4545.25, 407.0], [4545.5, 1355.0], [4545.75, 380.0], [4546.0, 1355.0], [4546.25, 407.0], [4546.5, 1355.0], [4546.75, 341.0], [4547.0, 1346.0], [4547.25, 404.0]]}}}
{"jsonrpc": "2.0", "method": "subscription", "params": {"channel": "book.ETH-15AUG25.none.20.100ms", "data": {"timestamp": 1755203274615, "change_id": 81474265476, "instrument_name": "ETH-15AUG25", "bids": [[4533.5, 160.0], [4532.75, 4200.0], [4532.5, 14000.0], [4532.0, 2250.0], [4531.75, 7500.0], [4531.0, 3000.0], [4530.75, 10361.0], [4530.5, 1207.0], [4530.25, 356.0], [4530.0, 1188.0], [4529.25, 359.0], [4529.0, 6231.0], [4528.75, 17134.0], [4528.5, 1198.0], [4527.25, 360.0], [4527.0, 1201.0], [4526.75, 359.0], [4526.5, 1197.0], [4526.25, 360.0], [4526.0, 1201.0]], "asks": [[4534.5, 1961.0], [4534.75, 9400.0], [4535.0, 15965.0], [4535.25, 24856.0], [4535.5, 9119.0], [4535.75, 6995.0], [4536.0, 2365.0], [4536.25, 8697.0], [4536.5, 359.0], [4536.75, 1767.0], [4537.0, 2259.0], [4537.25, 1198.0], [4537.75, 359.0], [4538.0, 1198.0], [4538.25, 600.0], [4538.5, 9814.0], [4538.75, 26198.0], [4539.5, 360.0], [4539.75, 4336.0], [4540.0, 10449.0]]}}}
{"jsonrpc": "2.0", "method": "subscription", "params": {"channel": "book.ETH-22AUG25.none.20.100ms", "data": {"timestamp": 1755203274516, "change_id": 81474265481, "instrument_name": "ETH-22AUG25", "bids": [[4541.75, 210.0], [4541.5, 1304.0], [4541.25, 2223.0], [4541.0, 1326.0], [4540.75, 2384.0], [4540.5, 5500.0], [4540.25, 16290.0], [4539.75, 1346.0], [4539.25, 1352.0], [4539.0, 5.0], [4538.75, 1313.0], [4538.25, 11324.0], [4537.75, 7500.0], [4537.5, 407.0], [4537.25, 1355.0], [4536.75, 1329.0], [4536.5, 390.0], [4536.25, 1301.0], [4535.75, 1355.0], [4535.0, 407.0]], "asks": [[4542.25, 8200.0], [4542.5, 700.0], [4542.75, 700.0], [4543.0, 1860.0], [4543.25, 15989.0], [4543.5, 700.0], [4543.75, 2013.0], [4544.0, 700.0], [4544.25, 1304.0], [4544.5, 2013.0], [4544.75, 700.0], [4545.0, 1355.0], [4545.5, 1355.0], [4545.75, 380.0], [4546.0, 1355.0], [4546.5, 1355.0], [4546.75, 341.0], [4547.0, 3346.0], [4547.5, 3173.0], [4547.75, 6091.0]]}}}
{"jsonrpc": "2.0", "method": "subscription", "params": {"channel": "book.ETH-15AUG25.none.20.100ms", "data": {"timestamp": 1755203275005, "change_id": 81474266821, "instrument_name": "ETH-15AUG25", "bids": [[4533.5, 160.0], [4532.75, 4200.0], [4532.5, 14000.0], [4532.0, 2250.0], [4531.75, 7500.0], [4530.75, 362.0], [4530.5, 1207.0], [4530.25, 356.0], [4530.0, 1188.0], [4529.75, 359.0], [4529.5, 4340.0], [4529.25, 10836.0], [4529.0, 6231.0], [4528.75, 17134.0], [4528.5, 1198.0], [4527.25, 360.0], [4527.0, 1201.0], [4526.75, 359.0], [4526.5, 1197.0], [4526.25, 360.0]], "asks": [[4534.0, 10497.0], [4534.25, 8497.0], [4534.5, 10359.0], [4534.75, 22742.0], [4535.0, 13033.0], [4535.25, 52543.0], [4535.5, 3577.0], [4535.75, 7500.0], [4536.0, 519.0], [4536.25, 1197.0], [4536.5, 359.0], [4536.75, 1197.0], [4537.0, 359.0], [4537.25, 1198.0], [4537.75, 359.0], [4538.0, 1198.0], [4538.25, 600.0], [4538.5, 9814.0], [4538.75, 26198.0], [4539.5, 360.0]]}}}
{"jsonrpc": "2.0", "method": "subscription", "params": {"channel": "book.ETH-22AUG25.none.20.100ms", "data": {"timestamp": 1755203274986, "change_id": 81474266820, "instrument_name": "ETH-22AUG25", "bids": [[4541.25, 910.0], [4541.0, 1352.0], [4540.75, 2384.0], [4540.5, 5587.0], [4540.25, 16290.0], [4540.0, 404.0], [4539.75, 1346.0], [4539.5, 406.0], [4539.25, 1352.0], [4539.0, 399.0], [4538.75, 1313.0], [4538.5, 2595.0], [4538.25, 8813.0], [4537.5, 407.0], [4537.25, 1355.0], [4537.0, 3550.0], [4536.75, 11832.0], [4536.5, 390.0], [4536.25, 1301.0], [4536.0, 407.0]], "asks": [[4541.75, 8200.0], [4542.0, 910.0], [4542.25, 1210.0], [4542.5, 2464.0], [4542.75, 2271.0], [4543.0, 5497.0], [4543.25, 15499.0], [4543.5, 1094.0], [4543.75, 1313.0], [4544.0, 210.0], [4544.25, 1094.0], [4544.5, 1313.0], [4545.25, 407.0], [4545.5, 1355.0], [4545.75, 407.0], [4546.0, 1355.0], [4546.25, 407.0], [4546.5, 1355.0], [4546.75, 1004.0], [4547.0, 3346.0]]}}}
