{"jsonrpc": "2.0", "method": "subscription", "params": {"channel": "book.ETH-18APR25.none.20.100ms", "data": {"timestamp": 1744144216537, "change_id": 64962393932, "instrument_name": "ETH-18APR25", "bids": [[1468.5, 1789.0], [1468.25, 9944.0], [1468.0, 12975.0], [1467.75, 240.0], [1467.5, 800.0], [1467.0, 407.0], [1466.75, 1763.0], [1466.5, 3202.0], [1466.25, 6153.0], [1465.75, 1372.0], [1465.5, 1372.0], [1465.0, 1376.0], [1462.75, 1372.0], [1462.25, 1372.0], [1462.0, 1372.0], [1461.75, 1356.0], [1461.5, 1763.0], [1461.25, 20520.0], [1461.0, 1359.0], [1460.75, 1319.0]], "asks": [[1469.0, 6355.0], [1469.25, 6410.0], [1469.5, 12700.0], [1470.0, 407.0], [1470.25, 2543.0], [1470.5, 5143.0], [1470.75, 4363.0], [1471.0, 3185.0], [1471.25, 6502.0], [1471.5, 1763.0], [1471.75, 7362.0], [1472.0, 20431.0], [1472.25, 1372.0], [1472.5, 1352.0], [1472.75, 39772.0], [1473.25, 1372.0], [1473.75, 39887.0], [1474.5, 400.0], [1474.75, 38112.0], [1475.0, 1372.0]]}}}
{"jsonrpc": "2.0", "method": "subscription", "params": {"channel": "book.ETH-11APR25.none.20.100ms", "data": {"timestamp": 1744144216736, "change_id": 64962394375, "instrument_name": "ETH-11APR25", "bids": [[1467.5, 3585.0], [1467.25, 15660.0], [1467.0, 9925.0], [1466.75, 26145.0], [1466.5, 2583.0], [1466.25, 8615.0], [1466.0, 23603.0], [1465.75, 2618.0], [1465.5, 2189.0], [1465.25, 2189.0], [1465.0, 2189.0], [1464.75, 2103.0], [1464.5, 2158.0], [1464.0, 2164.0], [1463.0, 400.0], [1462.75, 90000.0], [1462.0, 7659.0], [1461.75, 17539.0], [1461.5, 26931.0], [1461.0, 2158.0]], "asks": [[1468.0, 4100.0], [1468.25, 9213.0], [1468.5, 18258.0], [1468.75, 6683.0], [1469.0, 6684.0], [1469.25, 2136.0], [1469.5, 2136.0], [1469.75, 26960.0], [1470.0, 2130.0], [1470.25, 19304.0], [1470.5, 2136.0], [1470.75, 10227.0], [1471.0, 27808.0], [1471.25, 2174.0], [1471.5, 141291.0], [1471.75, 2171.0], [1472.0, 2117.0], [1472.25, 2162.0], [1472.75, 400.0], [1473.25, 51953.0]]}}}
{"jsonrpc": "2.0", "method": "subscription", "params": {"channel": "book.ETH-18APR25.none.20.100ms", "data": {"timestamp": 1744144216714, "change_id": 64962394299, "instrument_name": "ETH-18APR25", "bids": [[1468.5, 1789.0], [1468.25, 9944.0], [1468.0, 12975.0], [1467.75, 240.0], [1467.5, 800.0], [1467.0, 407.0], [1466.75, 1763.0], [1466.5, 3202.0], [1466.25, 6153.0], [1465.75, 1372.0], [1465.5, 1372.0], [1465.0, 1376.0], [1463.75, 400.0], [1462.75, 1372.0], [1462.25, 1372.0], [1462.0, 1372.0], [1461.75, 1356.0], [1461.5, 1763.0], [1461.25, 20520.0], [1461.0, 1359.0]], "asks": [[1469.0, 9258.0], [1469.25, 13410.0], [1469.5, 2700.0], [1470.0, 407.0], [1470.25, 2543.0], [1470.5, 5143.0], [1470.75, 4363.0], [1471.0, 3185.0], [1471.25, 6502.0], [1471.5, 1763.0], [1471.75, 7362.0], [1472.0, 20431.0], [1472.25, 1372.0], [1472.5, 1352.0], [1472.75, 39772.0], [1473.25, 1372.0], [1473.75, 39887.0], [1474.5, 400.0], [1474.75, 38112.0], [1475.0, 1372.0]]}}}
{"jsonrpc": "2.0", "method": "subscription", "params": {"channel": "book.ETH-11APR25.none.20.100ms", "data": {"timestamp": 1744144217270, "change_id": 64962395897, "instrument_name": "ETH-11APR25", "bids": [[1467.25, 11578.0], [1467.0, 12902.0], [1466.75, 26592.0], [1466.5, 2583.0], [1466.25, 8615.0], [1466.0, 23603.0], [1465.75, 2618.0], [1465.5, 2846.0], [1465.25, 2846.0], [1465.0, 2636.0], [1464.75, 2103.0], [1464.5, 2158.0], [1464.0, 2164.0], [1463.0, 400.0], [1462.75, 92136.0], [1462.0, 7659.0], [1461.75, 17539.0], [1461.5, 26931.0], [1461.0, 2158.0], [1460.75, 52155.0]], "asks": [[1467.75, 4149.0], [1468.0, 13857.0], [1468.25, 18081.0], [1468.5, 8258.0], [1468.75, 8051.0], [1469.0, 6684.0], [1469.25, 2583.0], [1469.5, 10224.0], [1469.75, 27407.0], [1470.0, 7921.0], [1470.25, 19751.0], [1470.5, 2583.0], [1470.75, 10227.0], [1471.0, 27808.0], [1471.25, 2174.0], [1471.5, 141291.0], [1471.75, 2171.0], [1472.0, 2117.0], [1472.25, 2162.0], [1472.75, 400.0]]}}}
{"jsonrpc": "2.0", "method": "subscription", "params": {"channel": "book.ETH-18APR25.none.20.100ms", "data": {"timestamp": 1744144217241, "change_id": 64962395812, "instrument_name": "ETH-18APR25", "bids": [[1468.25, 5339.0], [1468.0, 16956.0], [1467.75, 3215.0], [1467.5, 2646.0], [1467.25, 6153.0], [1467.0, 1136.0], [1466.75, 4363.0], [1466.5, 1356.0], [1466.0, 412.0], [1465.75, 1784.0], [1465.5, 1372.0], [1465.0, 1376.0], [1463.75, 400.0], [1462.75, 1372.0], [1462.25, 1372.0], [1462.0, 1372.0], [1461.75, 1356.0], [1461.5, 1763.0], [1461.25, 20520.0], [1461.0, 1359.0]], "asks": [[1468.75, 6355.0], [1469.0, 6283.0], [1469.25, 10100.0], [1469.75, 780.0], [1470.0, 3007.0], [1470.25, 2543.0], [1470.5, 5143.0], [1470.75, 4363.0], [1471.0, 3185.0], [1471.25, 6502.0], [1471.5, 1763.0], [1471.75, 7362.0], [1472.0, 20431.0], [1472.25, 1372.0], [1472.5, 1352.0], [1472.75, 39772.0], [1473.25, 1372.0], [1473.75, 39887.0], [1474.5, 400.0], [1474.75, 38112.0]]}}}
{"jsonrpc": "2.0", "method": "subscription", "params": {"channel": "book.ETH-11APR25.none.20.100ms", "data": {"timestamp": 1744144217342, "change_id": 64962396040, "instrument_name": "ETH-11APR25", "bids": [[1467.25, 11578.0], [1467.0, 5354.0], [1466.75, 8988.0], [1466.5, 27928.0], [1466.25, 8615.0], [1466.0, 23603.0], [1465.75, 2618.0], [1465.5, 2846.0], [1465.25, 2846.0], [1465.0, 2636.0], [1464.75, 2103.0], [1464.5, 2158.0], [1464.0, 2164.0], [1463.0, 400.0], [1462.75, 92136.0], [1462.0, 7659.0], [1461.75, 17539.0], [1461.5, 26931.0], [1461.0, 2158.0], [1460.75, 52155.0]], "asks": [[1467.75, 4149.0], [1468.0, 13857.0], [1468.25, 18181.0], [1468.5, 8158.0], [1468.75, 8051.0], [1469.0, 6684.0], [1469.25, 2583.0], [1469.5, 10224.0], [1469.75, 27407.0], [1470.0, 7921.0], [1470.25, 19751.0], [1470.5, 2583.0], [1470.75, 10227.0], [1471.0, 27808.0], [1471.25, 2174.0], [1471.5, 141291.0], [1471.75, 2171.0], [1472.0, 2117.0], [1472.25, 2162.0], [1472.75, 400.0]]}}}
{"jsonrpc": "2.0", "method": "subscription", "params": {"channel": "book.ETH-18APR25.none.20.100ms", "data": {"timestamp": 1744144217384, "change_id": 64962396111, "instrument_name": "ETH-18APR25", "bids": [[1468.25, 5339.0], [1468.0, 16956.0], [1467.75, 3215.0], [1467.5, 800.0], [1467.25, 1846.0], [1467.0, 7289.0], [1466.75, 4363.0], [1466.5, 1356.0], [1466.0, 412.0], [1465.75, 1784.0], [1465.5, 1372.0], [1465.0, 1376.0], [1463.75, 400.0], [1462.75, 1372.0], [1462.25, 1372.0], [1462.0, 1372.0], [1461.75, 1356.0], [1461.5, 1763.0], [1461.25, 20520.0], [1461.0, 1359.0]], "asks": [[1468.75, 6355.0], [1469.0, 6283.0], [1469.25, 10100.0], [1469.75, 780.0], [1470.0, 3007.0], [1470.25, 4223.0], [1470.5, 11238.0], [1470.75, 9911.0], [1471.0, 20019.0], [1471.25, 407.0], [1471.5, 1763.0], [1471.75, 1763.0], [1472.0, 1768.0], [1472.25, 1372.0], [1472.5, 1352.0], [1472.75, 39772.0], [1473.25, 1372.0], [1473.75, 39887.0], [1474.5, 400.0], [1474.75, 38112.0]]}}}
{"jsonrpc": "2.0", "method": "subscription", "params": {"channel": "book.ETH-11APR25.none.20.100ms", "data": {"timestamp": 1744144218200, "change_id": 64962397798, "instrument_name": "ETH-11APR25", "bids": [[1467.25, 11971.0], [1467.0, 7905.0], [1466.75, 14101.0], [1466.5, 28132.0], [1466.25, 8984.0], [1466.0, 23603.0], [1465.75, 2828.0], [1465.5, 2846.0], [1465.25, 2846.0], [1465.0, 2636.0], [1464.75, 2103.0], [1464.5, 2158.0], [1464.0, 2164.0], [1463.0, 400.0], [1462.75, 92136.0], [1462.0, 7659.0], [1461.75, 17539.0], [1461.5, 26931.0], [1461.0, 2158.0], [1460.75, 52155.0]], "asks": [[1467.75, 4321.0], [1468.0, 16124.0], [1468.25, 18108.0], [1468.5, 6683.0], [1468.75, 2583.0], [1469.0, 2584.0], [1469.25, 2583.0], [1469.5, 10224.0], [1469.75, 27407.0], [1470.0, 7921.0], [1470.25, 19751.0], [1470.5, 2583.0], [1470.75, 10087.0], [1471.0, 27156.0], [1471.25, 2174.0], [1471.5, 141291.0], [1471.75, 2171.0], [1472.0, 2117.0], [1472.25, 2162.0], [1472.75, 400.0]]}}}
{"jsonrpc": "2.0", "method": "subscription", "params": {"channel": "book.ETH-18APR25.none.20.100ms", "data": {"timestamp": 1744144218273, "change_id": 64962398024, "instrument_name": "ETH-18APR25", "bids": [[1468.0, 11777.0], [1467.75, 7266.0], [1467.5, 4555.0], [1467.25, 4105.0], [1467.0, 6893.0], [1466.75, 3007.0], [1466.5, 407.0], [1466.25, 1356.0], [1466.0, 288.0], [1465.75, 1784.0], [1465.5, 1372.0], [1465.0, 1376.0], [1463.75, 400.0], [1462.75, 1372.0], [1462.25, 1372.0], [1462.0, 1372.0], [1461.75, 1356.0], [1461.5, 1763.0], [1461.25, 20520.0], [1461.0, 1359.0]], "asks": [[1468.5, 780.0], [1468.75, 6283.0], [1469.0, 12700.0], [1469.5, 780.0], [1469.75, 3689.0], [1470.0, 4363.0], [1470.25, 3805.0], [1470.5, 11116.0], [1470.75, 9504.0], [1471.0, 20019.0], [1471.25, 285.0], [1471.5, 1763.0], [1471.75, 1763.0], [1472.0, 1768.0], [1472.25, 1372.0], [1472.5, 1352.0], [1472.75, 39772.0], [1473.25, 1372.0], [1473.75, 39887.0], [1474.5, 400.0]]}}}
{"jsonrpc": "2.0", "method": "subscription", "params": {"channel": "book.ETH-11APR25.none.20.100ms", "data": {"timestamp": 1744144218400, "change_id": 64962398343, "instrument_name": "ETH-11APR25", "bids": [[1467.25, 11971.0], [1467.0, 10065.0], [1466.75, 11124.0], [1466.5, 28132.0], [1466.25, 8984.0], [1466.0, 23603.0], [1465.75, 2828.0], [1465.5, 2846.0], [1465.25, 2846.0], [1465.0, 2636.0], [1464.75, 2103.0], [1464.5, 2158.0], [1464.0, 2164.0], [1463.0, 400.0], [1462.75, 92136.0], [1462.0, 9031.0], [1461.75, 17539.0], [1461.5, 26931.0], [1461.0, 2158.0], [1460.75, 52155.0]], "asks": [[1467.75, 4321.0], [1468.0, 13147.0], [1468.25, 21085.0], [1468.5, 6683.0], [1468.75, 2583.0], [1469.0, 2584.0], [1469.25, 2583.0], [1469.5, 10224.0], [1469.75, 27407.0], [1470.0, 7921.0], [1470.25, 19751.0], [1470.5, 2583.0], [1470.75, 10087.0], [1471.0, 27156.0], [1471.25, 2174.0], [1471.5, 141291.0], [1471.75, 2171.0], [1472.0, 2117.0], [1472.25, 2162.0], [1472.75, 400.0]]}}}
{"jsonrpc": "2.0", "method": "subscription", "params": {"channel": "book.ETH-18APR25.none.20.100ms", "data": {"timestamp": 1744144218403, "change_id": 64962398351, "instrument_name": "ETH-18APR25", "bids": [[1468.0, 12619.0], [1467.75, 9278.0], [1467.5, 1580.0], [1467.25, 4105.0], [1467.0, 6893.0], [1466.75, 3007.0], [1466.5, 407.0], [1466.25, 1356.0], [1466.0, 288.0], [1465.75, 1784.0], [1465.5, 1372.0], [1465.0, 1376.0], [1463.75, 400.0], [1462.75, 1372.0], [1462.25, 1372.0], [1462.0, 1372.0], [1461.75, 1356.0], [1461.5, 1763.0], [1461.25, 20520.0], [1461.0, 1359.0]], "asks": [[1468.5, 780.0], [1468.75, 6283.0], [1469.0, 15675.0], [1469.5, 780.0], [1469.75, 3689.0], [1470.0, 4363.0], [1470.25, 3805.0], [1470.5, 11116.0], [1470.75, 9504.0], [1471.0, 20019.0], [1471.25, 285.0], [1471.5, 1763.0], [1471.75, 1763.0], [1472.0, 1768.0], [1472.25, 1372.0], [1472.5, 1352.0], [1472.75, 39772.0], [1473.25, 1372.0], [1473.75, 39887.0], [1474.5, 400.0]]}}}
{"jsonrpc": "2.0", "method": "subscription", "params": {"channel": "book.ETH-18APR25.none.20.100ms", "data": {"timestamp": 1744144218631, "change_id": 64962398565, "instrument_name": "ETH-18APR25", "bids": [[1468.0, 15444.0], [1467.75, 19103.0], [1467.5, 1580.0], [1467.25, 4105.0], [1467.0, 6893.0], [1466.75, 3007.0], [1466.5, 407.0], [1466.25, 1356.0], [1466.0, 288.0], [1465.75, 1784.0], [1465.5, 1372.0], [1465.0, 1376.0], [1463.75, 400.0], [1462.75, 1372.0], [1462.25, 1372.0], [1462.0, 1372.0], [1461.75, 1356.0], [1461.5, 1763.0], [1461.25, 20520.0], [1461.0, 1359.0]], "asks": [[1468.5, 780.0], [1468.75, 6283.0], [1469.0, 15675.0], [1469.5, 780.0], [1469.75, 3689.0], [1470.0, 4363.0], [1470.25, 3805.0], [1470.5, 11116.0], [1470.75, 9504.0], [1471.0, 20019.0], [1471.25, 285.0], [1471.5, 1763.0], [1471.75, 1763.0], [1472.0, 1768.0], [1472.25, 1372.0], [1472.5, 1352.0], [1472.75, 39772.0], [1473.25, 1372.0], [1473.75, 39887.0], [1474.5, 400.0]]}}}
{"jsonrpc": "2.0", "method": "subscription", "params": {"channel": "book.ETH-11APR25.none.20.100ms", "data": {"timestamp": 1744144219256, "change_id": 64962399445, "instrument_name": "ETH-11APR25", "bids": [[1467.25, 16912.0], [1467.0, 10672.0], [1466.75, 11124.0], [1466.5, 28132.0], [1466.25, 8984.0], [1466.0, 23603.0], [1465.75, 2828.0], [1465.5, 2846.0], [1465.25, 2846.0], [1465.0, 2636.0], [1464.75, 2103.0], [1464.5, 2158.0], [1464.0, 2164.0], [1463.0, 400.0], [1462.75, 92136.0], [1462.0, 9031.0], [1461.75, 17539.0], [1461.5, 26931.0], [1461.0, 2158.0], [1460.75, 52155.0]], "asks": [[1467.75, 6821.0], [1468.0, 13147.0], [1468.25, 18108.0], [1468.5, 6683.0], [1468.75, 2583.0], [1469.0, 2584.0], [1469.25, 2583.0], [1469.5, 10224.0], [1469.75, 27407.0], [1470.0, 7921.0], [1470.25, 19751.0], [1470.5, 2583.0], [1470.75, 10087.0], [1471.0, 27156.0], [1471.25, 2174.0], [1471.5, 141291.0], [1471.75, 2171.0], [1472.0, 2117.0], [1472.25, 2162.0], [1472.75, 400.0]]}}}
{"jsonrpc": "2.0", "method": "subscription", "params": {"channel": "book.ETH-18APR25.none.20.100ms", "data": {"timestamp": 1744144219253, "change_id": 64962399441, "instrument_name": "ETH-18APR25", "bids": [[1468.0, 18044.0], [1467.75, 19710.0], [1467.5, 1580.0], [1467.25, 4105.0], [1467.0, 6893.0], [1466.75, 3007.0], [1466.5, 407.0], [1466.25, 1356.0], [1466.0, 288.0], [1465.75, 1784.0], [1465.5, 1372.0], [1465.0, 1376.0], [1463.75, 400.0], [1462.75, 1372.0], [1462.25, 1372.0], [1462.0, 1372.0], [1461.75, 1356.0], [1461.5, 1763.0], [1461.25, 20520.0], [1461.0, 1359.0]], "asks": [[1468.5, 780.0], [1468.75, 6283.0], [1469.0, 13682.0], [1469.5, 780.0], [1469.75, 3689.0], [1470.0, 4363.0], [1470.25, 3805.0], [1470.5, 11116.0], [1470.75, 9504.0], [1471.0, 20019.0], [1471.25, 285.0], [1471.5, 1763.0], [1471.75, 1763.0], [1472.0, 1768.0], [1472.25, 1372.0], [1472.5, 1352.0], [1472.75, 39772.0], [1473.25, 1372.0], [1473.75, 39887.0], [1474.5, 400.0]]}}}
{"jsonrpc": "2.0", "method": "subscription", "params": {"channel": "book.ETH-11APR25.none.20.100ms", "data": {"timestamp": 1744144219322, "change_id": 64962399586, "instrument_name": "ETH-11APR25", "bids": [[1467.25, 16912.0], [1467.0, 10672.0], [1466.75, 11124.0], [1466.5, 28132.0], [1466.25, 8984.0], [1466.0, 23603.0], [1465.75, 2828.0], [1465.5, 2846.0], [1465.25, 2846.0], [1465.0, 2636.0], [1464.75, 2103.0], [1464.5, 2158.0], [1464.0, 2164.0], [1463.0, 400.0], [1462.75, 92136.0], [1462.0, 9031.0], [1461.75, 17539.0], [1461.5, 26931.0], [1461.0, 2158.0], [1460.75, 52155.0]], "asks": [[1467.75, 6821.0], [1468.0, 13147.0], [1468.25, 21692.0], [1468.5, 6683.0], [1468.75, 2583.0], [1469.0, 2584.0], [1469.25, 2583.0], [1469.5, 10224.0], [1469.75, 27407.0], [1470.0, 7921.0], [1470.25, 19751.0], [1470.5, 2583.0], [1470.75, 10087.0], [1471.0, 27156.0], [1471.25, 2174.0], [1471.5, 141291.0], [1471.75, 2171.0], [1472.0, 2117.0], [1472.25, 2162.0], [1472.75, 400.0]]}}}
{"jsonrpc": "2.0", "method": "subscription", "params": {"channel": "book.ETH-11APR25.none.20.100ms", "data": {"timestamp": 1744144220063, "change_id": 64962400185, "instrument_name": "ETH-11APR25", "bids": [[1467.5, 4100.0], [1467.25, 16912.0], [1467.0, 10672.0], [1466.75, 11124.0], [1466.5, 28132.0], [1466.25, 8984.0], [1466.0, 23603.0], [1465.75, 2828.0], [1465.5, 2846.0], [1465.25, 2846.0], [1465.0, 2636.0], [1464.75, 2103.0], [1464.5, 2158.0], [1464.0, 2164.0], [1463.0, 400.0], [1462.75, 92136.0], [1462.0, 9031.0], [1461.75, 17539.0], [1461.5, 26931.0], [1461.0, 2158.0]], "asks": [[1467.75, 5330.0], [1468.0, 13147.0], [1468.25, 21692.0], [1468.5, 6683.0], [1468.75, 2583.0], [1469.0, 2584.0], [1469.25, 2583.0], [1469.5, 10224.0], [1469.75, 27407.0], [1470.0, 7921.0], [1470.25, 19751.0], [1470.5, 2583.0], [1470.75, 10087.0], [1471.0, 27156.0], [1471.25, 2174.0], [1471.5, 141291.0], [1471.75, 2171.0], [1472.0, 2117.0], [1472.25, 2162.0], [1472.75, 400.0]]}}}
{"jsonrpc": "2.0", "method": "subscription", "params": {"channel": "book.ETH-18APR25.none.20.100ms", "data": {"timestamp": 1744144220098, "change_id": 64962400207, "instrument_name": "ETH-18APR25", "bids": [[1468.0, 18044.0], [1467.75, 19710.0], [1467.5, 1580.0], [1467.25, 4105.0], [1467.0, 6893.0], [1466.75, 3007.0], [1466.5, 407.0], [1466.25, 1356.0], [1466.0, 288.0], [1465.75, 1784.0], [1465.5, 1372.0], [1465.0, 1376.0], [1463.75, 400.0], [1462.75, 1372.0], [1462.25, 1372.0], [1462.0, 1372.0], [1461.75, 1356.0], [1461.5, 1763.0], [1461.25, 20520.0], [1461.0, 1359.0]], "asks": [[1468.5, 3380.0], [1468.75, 6283.0], [1469.0, 13682.0], [1469.25, 780.0], [1469.5, 3380.0], [1469.75, 3689.0], [1470.0, 4363.0], [1470.25, 3805.0], [1470.5, 11116.0], [1470.75, 9504.0], [1471.0, 20019.0], [1471.25, 285.0], [1471.5, 1763.0], [1471.75, 1763.0], [1472.0, 1768.0], [1472.25, 1372.0], [1472.5, 1352.0], [1472.75, 39772.0], [1473.25, 1372.0], [1473.75, 39887.0]]}}}
{"jsonrpc": "2.0", "method": "subscription", "params": {"channel": "book.ETH-11APR25.none.20.100ms", "data": {"timestamp": 1744144220289, "change_id": 64962400399, "instrument_name": "ETH-11APR25", "bids": [[1467.5, 4100.0], [1467.25, 16912.0], [1467.0, 10672.0], [1466.75, 11124.0], [1466.5, 28132.0], [1466.25, 8984.0], [1466.0, 23603.0], [1465.75, 2828.0], [1465.5, 2846.0], [1465.25, 2846.0], [1465.0, 2636.0], [1464.75, 2103.0], [1464.5, 2158.0], [1464.0, 2164.0], [1463.0, 400.0], [1462.75, 92136.0], [1462.0, 9031.0], [1461.75, 17539.0], [1461.5, 26931.0], [1461.0, 2158.0]], "asks": [[1467.75, 6336.0], [1468.0, 13642.0], [1468.25, 21692.0], [1468.5, 6683.0], [1468.75, 2583.0], [1469.0, 2584.0], [1469.25, 2583.0], [1469.5, 10224.0], [1469.75, 27407.0], [1470.0, 7921.0], [1470.25, 19751.0], [1470.5, 2583.0], [1470.75, 10087.0], [1471.0, 27156.0], [1471.25, 2174.0], [1471.5, 141291.0], [1471.75, 2171.0], [1472.0, 2117.0], [1472.25, 2162.0], [1472.75, 400.0]]}}}
{"jsonrpc": "2.0", "method": "subscription", "params": {"channel": "book.ETH-11APR25.none.20.100ms", "data": {"timestamp": 1744144220916, "change_id": 64962400935, "instrument_name": "ETH-11APR25", "bids": [[1467.25, 10100.0], [1467.0, 8536.0], [1466.75, 11124.0], [1466.5, 28132.0], [1466.25, 8984.0], [1466.0, 23603.0], [1465.75, 2828.0], [1465.5, 2846.0], [1465.25, 2846.0], [1465.0, 2636.0], [1464.75, 2103.0], [1464.5, 2158.0], [1464.0, 2164.0], [1463.0, 400.0], [1462.75, 92136.0], [1462.0, 9031.0], [1461.75, 17539.0], [1461.5, 26931.0], [1461.0, 2158.0], [1460.75, 52155.0]], "asks": [[1467.75, 9756.0], [1468.0, 13642.0], [1468.25, 21692.0], [1468.5, 6683.0], [1468.75, 2583.0], [1469.0, 2584.0], [1469.25, 2583.0], [1469.5, 10224.0], [1469.75, 27407.0], [1470.0, 7921.0], [1470.25, 19751.0], [1470.5, 2583.0], [1470.75, 10087.0], [1471.0, 27156.0], [1471.25, 2174.0], [1471.5, 141291.0], [1471.75, 2171.0], [1472.0, 2117.0], [1472.25, 2162.0], [1472.75, 400.0]]}}}
{"jsonrpc": "2.0", "method": "subscription", "params": {"channel": "book.ETH-18APR25.none.20.100ms", "data": {"timestamp": 1744144220911, "change_id": 64962400909, "instrument_name": "ETH-18APR25", "bids": [[1468.0, 12619.0], [1467.75, 9885.0], [1467.5, 1580.0], [1467.25, 4105.0], [1467.0, 6893.0], [1466.75, 3007.0], [1466.5, 407.0], [1466.25, 1356.0], [1466.0, 288.0], [1465.75, 1784.0], [1465.5, 1372.0], [1465.0, 1376.0], [1463.75, 400.0], [1462.75, 1372.0], [1462.25, 1372.0], [1462.0, 1372.0], [1461.75, 1356.0], [1461.5, 1763.0], [1461.25, 20520.0], [1461.0, 1359.0]], "asks": [[1468.5, 3380.0], [1468.75, 6283.0], [1469.0, 13682.0], [1469.25, 780.0], [1469.5, 3380.0], [1469.75, 3689.0], [1470.0, 4363.0], [1470.25, 3805.0], [1470.5, 11116.0], [1470.75, 9504.0], [1471.0, 20019.0], [1471.25, 285.0], [1471.5, 1763.0], [1471.75, 1763.0], [1472.0, 1768.0], [1472.25, 1372.0], [1472.5, 1352.0], [1472.75, 39772.0], [1473.25, 1372.0], [1473.75, 39887.0]]}}}
{"jsonrpc": "2.0", "method": "subscription", "params": {"channel": "book.ETH-11APR25.none.20.100ms", "data": {"timestamp": 1744144221215, "change_id": 64962401708, "instrument_name": "ETH-11APR25", "bids": [[1467.25, 100.0], [1467.0, 15951.0], [1466.75, 14708.0], [1466.5, 28132.0], [1466.25, 8984.0], [1466.0, 23603.0], [1465.75, 2828.0], [1465.5, 2846.0], [1465.25, 2846.0], [1465.0, 2636.0], [1464.75, 2103.0], [1464.5, 2158.0], [1464.0, 2164.0], [1463.0, 1772.0], [1462.75, 92136.0], [1462.0, 7659.0], [1461.75, 17539.0], [1461.5, 26931.0], [1461.0, 2158.0], [1460.75, 52155.0]], "asks": [[1467.75, 12457.0], [1468.0, 25093.0], [1468.25, 7127.0], [1468.5, 2583.0], [1468.75, 2583.0], [1469.0, 10179.0], [1469.25, 27440.0], [1469.5, 2583.0], [1469.75, 2550.0], [1470.0, 7921.0], [1470.25, 19751.0], [1470.5, 2583.0], [1470.75, 10087.0], [1471.0, 27156.0], [1471.25, 2174.0], [1471.5, 141291.0], [1471.75, 2171.0], [1472.0, 2117.0], [1472.25, 2162.0], [1472.75, 400.0]]}}}
{"jsonrpc": "2.0", "method": "subscription", "params": {"channel": "book.ETH-18APR25.none.20.100ms", "data": {"timestamp": 1744144221214, "change_id": 64962401704, "instrument_name": "ETH-18APR25", "bids": [[1468.0, 16100.0], [1467.75, 22711.0], [1467.5, 7762.0], [1467.25, 4105.0], [1467.0, 6893.0], [1466.75, 3007.0], [1466.5, 407.0], [1466.25, 1356.0], [1466.0, 288.0], [1465.75, 1784.0], [1465.5, 1372.0], [1465.0, 1376.0], [1463.75, 400.0], [1462.75, 1372.0], [1462.25, 1372.0], [1462.0, 1372.0], [1461.75, 6844.0], [1461.5, 1763.0], [1461.25, 20520.0], [1461.0, 1359.0]], "asks": [[1468.5, 4357.0], [1468.75, 9865.0], [1469.0, 10100.0], [1469.25, 780.0], [1469.5, 3380.0], [1469.75, 3689.0], [1470.0, 4363.0], [1470.25, 3805.0], [1470.5, 11116.0], [1470.75, 9504.0], [1471.0, 20019.0], [1471.25, 285.0], [1471.5, 1763.0], [1471.75, 1763.0], [1472.0, 1768.0], [1472.25, 1372.0], [1472.5, 1352.0], [1472.75, 39772.0], [1473.25, 1372.0], [1473.75, 39887.0]]}}}
{"jsonrpc": "2.0", "method": "subscription", "params": {"channel": "book.ETH-11APR25.none.20.100ms", "data": {"timestamp": 1744144221440, "change_id": 64962402007, "instrument_name": "ETH-11APR25", "bids": [[1467.25, 100.0], [1467.0, 15951.0], [1466.75, 14708.0], [1466.5, 28132.0], [1466.25, 8984.0], [1466.0, 23603.0], [1465.75, 2828.0], [1465.5, 2846.0], [1465.25, 2846.0], [1465.0, 2636.0], [1464.75, 2103.0], [1464.5, 2158.0], [1464.0, 2164.0], [1463.0, 1772.0], [1462.75, 92136.0], [1462.0, 7659.0], [1461.75, 17539.0], [1461.5, 26931.0], [1461.0, 2158.0], [1460.75, 52155.0]], "asks": [[1467.75, 10353.0], [1468.0, 24050.0], [1468.25, 7027.0], [1468.5, 2583.0], [1468.75, 2583.0], [1469.0, 10179.0], [1469.25, 27440.0], [1469.5, 2583.0], [1469.75, 2550.0], [1470.0, 7921.0], [1470.25, 19751.0], [1470.5, 2583.0], [1470.75, 10087.0], [1471.0, 27156.0], [1471.25, 2174.0], [1471.5, 141291.0], [1471.75, 2171.0], [1472.0, 2117.0], [1472.25, 2162.0], [1472.75, 400.0]]}}}
{"jsonrpc": "2.0", "method": "subscription", "params": {"channel": "book.ETH-11APR25.none.20.100ms", "data": {"timestamp": 1744144222040, "change_id": 64962402623, "instrument_name": "ETH-11APR25", "bids": [[1467.25, 4200.0], [1467.0, 15951.0], [1466.75, 14708.0], [1466.5, 28132.0], [1466.25, 8984.0], [1466.0, 23603.0], [1465.75, 2828.0], [1465.5, 2846.0], [1465.25, 2846.0], [1465.0, 2636.0], [1464.75, 2103.0], [1464.5, 2158.0], [1464.0, 2164.0], [1463.0, 1772.0], [1462.75, 92136.0], [1462.0, 7659.0], [1461.75, 17539.0], [1461.5, 26931.0], [1461.0, 2158.0], [1460.75, 52155.0]], "asks": [[1467.75, 10353.0], [1468.0, 24050.0], [1468.25, 7027.0], [1468.5, 2583.0], [1468.75, 2583.0], [1469.0, 10179.0], [1469.25, 27440.0], [1469.5, 2583.0], [1469.75, 2550.0], [1470.0, 7921.0], [1470.25, 19751.0], [1470.5, 2583.0], [1470.75, 10087.0], [1471.0, 27156.0], [1471.25, 2174.0], [1471.5, 141291.0], [1471.75, 2171.0], [1472.0, 2117.0], [1472.25, 2162.0], [1472.75, 400.0]]}}}
{"jsonrpc": "2.0", "method": "subscription", "params": {"channel": "book.ETH-18APR25.none.20.100ms", "data": {"timestamp": 1744144222511, "change_id": 64962403210, "instrument_name": "ETH-18APR25", "bids": [[1468.0, 16100.0], [1467.75, 22711.0], [1467.5, 7762.0], [1467.25, 4105.0], [1467.0, 6893.0], [1466.75, 3007.0], [1466.5, 407.0], [1466.25, 1356.0], [1466.0, 288.0], [1465.75, 1784.0], [1465.5, 1372.0], [1465.0, 1376.0], [1463.75, 400.0], [1462.75, 1372.0], [1462.25, 1372.0], [1462.0, 1372.0], [1461.75, 6844.0], [1461.5, 1763.0], [1461.25, 20520.0], [1461.0, 1359.0]], "asks": [[1468.5, 3380.0], [1468.75, 6283.0], [1469.0, 13682.0], [1469.25, 780.0], [1469.5, 3380.0], [1469.75, 3689.0], [1470.0, 4363.0], [1470.25, 3805.0], [1470.5, 11116.0], [1470.75, 9504.0], [1471.0, 20019.0], [1471.25, 285.0], [1471.5, 1763.0], [1471.75, 1763.0], [1472.0, 1768.0], [1472.25, 1372.0], [1472.5, 1352.0], [1472.75, 39772.0], [1473.25, 1372.0], [1473.75, 39887.0]]}}}
{"jsonrpc": "2.0", "method": "subscription", "params": {"channel": "book.ETH-11APR25.none.20.100ms", "data": {"timestamp": 1744144223278, "change_id": 64962403952, "instrument_name": "ETH-11APR25", "bids": [[1467.25, 100.0], [1467.0, 15951.0], [1466.75, 14708.0], [1466.5, 28132.0], [1466.25, 8984.0], [1466.0, 23603.0], [1465.75, 2828.0], [1465.5, 2846.0], [1465.25, 2846.0], [1465.0, 2636.0], [1464.75, 2103.0], [1464.5, 2158.0], [1464.0, 2164.0], [1463.0, 1772.0], [1462.75, 92136.0], [1462.0, 7659.0], [1461.75, 17539.0], [1461.5, 26931.0], [1461.0, 2158.0], [1460.75, 52155.0]], "asks": [[1467.75, 10353.0], [1468.0, 24050.0], [1468.25, 7027.0], [1468.5, 2583.0], [1468.75, 2583.0], [1469.0, 10179.0], [1469.25, 27440.0], [1469.5, 2583.0], [1469.75, 2550.0], [1470.0, 7921.0], [1470.25, 19751.0], [1470.5, 2583.0], [1470.75, 10087.0], [1471.0, 27156.0], [1471.25, 2174.0], [1471.5, 141291.0], [1471.75, 2171.0], [1472.0, 2117.0], [1472.25, 2162.0], [1472.75, 400.0]]}}}
{"jsonrpc": "2.0", "method": "subscription", "params": {"channel": "book.ETH-11APR25.none.20.100ms", "data": {"timestamp": 1744144224017, "change_id": 64962404604, "instrument_name": "ETH-11APR25", "bids": [[1467.25, 4200.0], [1467.0, 15951.0], [1466.75, 14708.0], [1466.5, 28132.0], [1466.25, 8984.0], [1466.0, 23603.0], [1465.75, 2828.0], [1465.5, 2846.0], [1465.25, 2846.0], [1465.0, 2636.0], [1464.75, 2103.0], [1464.5, 2158.0], [1464.0, 2164.0], [1463.0, 1772.0], [1462.75, 92136.0], [1462.0, 7659.0], [1461.75, 17539.0], [1461.5, 26931.0], [1461.0, 2158.0], [1460.75, 52155.0]], "asks": [[1467.75, 10353.0], [1468.0, 24050.0], [1468.25, 7027.0], [1468.5, 2583.0], [1468.75, 2583.0], [1469.0, 10179.0], [1469.25, 27440.0], [1469.5, 2583.0], [1469.75, 2550.0], [1470.0, 7921.0], [1470.25, 19751.0], [1470.5, 2583.0], [1470.75, 10087.0], [1471.0, 27156.0], [1471.25, 2174.0], [1471.5, 141291.0], [1471.75, 2171.0], [1472.0, 2117.0], [1472.25, 2162.0], [1472.75, 400.0]]}}}
{"jsonrpc": "2.0", "method": "subscription", "params": {"channel": "book.ETH-11APR25.none.20.100ms", "data": {"timestamp": 1744144224960, "change_id": 64962405483, "instrument_name": "ETH-11APR25", "bids": [[1467.25, 7680.0], [1467.0, 15951.0], [1466.75, 14708.0], [1466.5, 28132.0], [1466.25, 8984.0], [1466.0, 23603.0], [1465.75, 2828.0], [1465.5, 2846.0], [1465.25, 2846.0], [1465.0, 2636.0], [1464.75, 2103.0], [1464.5, 2158.0], [1464.0, 2164.0], [1463.0, 1772.0], [1462.75, 92136.0], [1462.0, 7659.0], [1461.75, 17539.0], [1461.5, 26931.0], [1461.0, 2158.0], [1460.75, 52155.0]], "asks": [[1467.75, 10353.0], [1468.0, 21873.0], [1468.25, 10611.0], [1468.5, 2583.0], [1468.75, 2583.0], [1469.0, 10179.0], [1469.25, 27440.0], [1469.5, 2583.0], [1469.75, 2550.0], [1470.0, 7921.0], [1470.25, 19751.0], [1470.5, 2583.0], [1470.75, 10087.0], [1471.0, 27156.0], [1471.25, 2174.0], [1471.5, 141291.0], [1471.75, 2171.0], [1472.0, 2117.0], [1472.25, 2162.0], [1472.75, 400.0]]}}}
{"jsonrpc": "2.0", "method": "subscription", "params": {"channel": "book.ETH-18APR25.none.20.100ms", "data": {"timestamp": 1744144225041, "change_id": 64962405550, "instrument_name": "ETH-18APR25", "bids": [[1468.0, 18700.0], [1467.75, 22711.0], [1467.5, 7762.0], [1467.25, 4105.0], [1467.0, 6893.0], [1466.75, 3007.0], [1466.5, 407.0], [1466.25, 1356.0], [1466.0, 288.0], [1465.75, 1784.0], [1465.5, 1372.0], [1465.0, 1376.0], [1463.75, 400.0], [1462.75, 1372.0], [1462.25, 1372.0], [1462.0, 1372.0], [1461.75, 6844.0], [1461.5, 1763.0], [1461.25, 20520.0], [1461.0, 1359.0]], "asks": [[1468.5, 3380.0], [1468.75, 6283.0], [1469.0, 13682.0], [1469.25, 780.0], [1469.5, 3380.0], [1469.75, 3689.0], [1470.0, 4363.0], [1470.25, 3805.0], [1470.5, 11116.0], [1470.75, 9504.0], [1471.0, 20019.0], [1471.25, 285.0], [1471.5, 1763.0], [1471.75, 1763.0], [1472.0, 1768.0], [1472.25, 1372.0], [1472.5, 1352.0], [1472.75, 39772.0], [1473.25, 1372.0], [1473.75, 39887.0]]}}}
{"jsonrpc": "2.0", "method": "subscription", "params": {"channel": "book.ETH-18APR25.none.20.100ms", "data": {"timestamp": 1744144225284, "change_id": 64962405896, "instrument_name": "ETH-18APR25", "bids": [[1468.0, 16100.0], [1467.75, 22711.0], [1467.5, 7762.0], [1467.25, 4105.0], [1467.0, 6893.0], [1466.75, 3007.0], [1466.5, 407.0], [1466.25, 1356.0], [1466.0, 288.0], [1465.75, 1784.0], [1465.5, 1372.0], [1465.0, 1376.0], [1463.75, 400.0], [1462.75, 1372.0], [1462.25, 1372.0], [1462.0, 1372.0], [1461.75, 6844.0], [1461.5, 1763.0], [1461.25, 20520.0], [1461.0, 1359.0]], "asks": [[1468.5, 3380.0], [1468.75, 6283.0], [1469.0, 13682.0], [1469.25, 780.0], [1469.5, 3380.0], [1469.75, 3689.0], [1470.0, 4363.0], [1470.25, 3805.0], [1470.5, 11116.0], [1470.75, 9504.0], [1471.0, 20019.0], [1471.25, 285.0], [1471.5, 1763.0], [1471.75, 1763.0], [1472.0, 1768.0], [1472.25, 1372.0], [1472.5, 1352.0], [1472.75, 39772.0], [1473.25, 1372.0], [1473.75, 39887.0]]}}}
{"jsonrpc": "2.0", "method": "subscription", "params": {"channel": "book.ETH-11APR25.none.20.100ms", "data": {"timestamp": 1744144225824, "change_id": 64962406225, "instrument_name": "ETH-11APR25", "bids": [[1467.25, 4200.0], [1467.0, 15951.0], [1466.75, 14708.0], [1466.5, 28132.0], [1466.25, 8984.0], [1466.0, 23603.0], [1465.75, 2828.0], [1465.5, 2846.0], [1465.25, 2846.0], [1465.0, 2636.0], [1464.75, 2103.0], [1464.5, 2158.0], [1464.0, 2164.0], [1463.0, 1772.0], [1462.75, 92136.0], [1462.0, 7659.0], [1461.75, 17539.0], [1461.5, 26931.0], [1461.0, 2158.0], [1460.75, 52155.0]], "asks": [[1467.75, 10353.0], [1468.0, 21873.0], [1468.25, 10611.0], [1468.5, 2583.0], [1468.75, 2583.0], [1469.0, 10179.0], [1469.25, 27440.0], [1469.5, 2583.0], [1469.75, 2550.0], [1470.0, 7921.0], [1470.25, 19751.0], [1470.5, 2583.0], [1470.75, 10087.0], [1471.0, 27156.0], [1471.25, 2174.0], [1471.5, 141291.0], [1471.75, 2171.0], [1472.0, 2117.0], [1472.25, 2162.0], [1472.75, 400.0]]}}}
{"jsonrpc": "2.0", "method": "subscription", "params": {"channel": "book.ETH-11APR25.none.20.100ms", "data": {"timestamp": 1744144226040, "change_id": 64962406696, "instrument_name": "ETH-11APR25", "bids": [[1467.0, 16051.0], [1466.75, 6967.0], [1466.5, 10309.0], [1466.25, 27963.0], [1466.0, 2618.0], [1465.75, 2828.0], [1465.5, 2846.0], [1465.25, 2846.0], [1465.0, 2636.0], [1464.75, 2750.0], [1464.5, 2158.0], [1464.0, 2164.0], [1463.0, 1772.0], [1462.75, 92136.0], [1462.0, 7659.0], [1461.75, 17539.0], [1461.5, 26931.0], [1461.0, 2158.0], [1460.75, 52155.0], [1459.5, 21954.0]], "asks": [[1467.5, 5632.0], [1467.75, 12457.0], [1468.0, 24050.0], [1468.25, 7027.0], [1468.5, 2583.0], [1468.75, 2583.0], [1469.0, 10179.0], [1469.25, 27440.0], [1469.5, 2583.0], [1469.75, 2550.0], [1470.0, 7921.0], [1470.25, 19751.0], [1470.5, 2583.0], [1470.75, 10087.0], [1471.0, 27156.0], [1471.25, 2174.0], [1471.5, 141291.0], [1471.75, 2171.0], [1472.0, 2117.0], [1472.25, 2162.0]]}}}
{"jsonrpc": "2.0", "method": "subscription", "params": {"channel": "book.ETH-18APR25.none.20.100ms", "data": {"timestamp": 1744144226142, "change_id": 64962406823, "instrument_name": "ETH-18APR25", "bids": [[1468.0, 1877.0], [1467.75, 10911.0], [1467.5, 17762.0], [1467.25, 4105.0], [1467.0, 6893.0], [1466.75, 3007.0], [1466.5, 407.0], [1466.25, 1356.0], [1466.0, 288.0], [1465.75, 1784.0], [1465.5, 1372.0], [1465.0, 1376.0], [1463.75, 400.0], [1462.75, 1372.0], [1462.25, 1372.0], [1462.0, 1372.0], [1461.75, 6844.0], [1461.5, 1763.0], [1461.25, 20520.0], [1461.0, 1359.0]], "asks": [[1468.5, 7235.0], [1468.75, 16182.0], [1469.0, 100.0], [1469.25, 780.0], [1469.5, 3380.0], [1469.75, 3689.0], [1470.0, 4363.0], [1470.25, 3805.0], [1470.5, 11116.0], [1470.75, 9504.0], [1471.0, 20019.0], [1471.25, 285.0], [1471.5, 1763.0], [1471.75, 1763.0], [1472.0, 1768.0], [1472.25, 1372.0], [1472.5, 1352.0], [1472.75, 39772.0], [1473.25, 1372.0], [1473.75, 39887.0]]}}}
{"jsonrpc": "2.0", "method": "subscription", "params": {"channel": "book.ETH-11APR25.none.20.100ms", "data": {"timestamp": 1744144226539, "change_id": 64962407753, "instrument_name": "ETH-11APR25", "bids": [[1467.25, 8460.0], [1467.0, 18055.0], [1466.75, 6967.0], [1466.5, 10309.0], [1466.25, 27963.0], [1466.0, 2618.0], [1465.75, 2828.0], [1465.5, 2846.0], [1465.25, 2846.0], [1465.0, 2636.0], [1464.75, 2750.0], [1464.5, 2158.0], [1464.0, 2164.0], [1463.0, 1772.0], [1462.75, 92136.0], [1462.0, 7659.0], [1461.75, 17539.0], [1461.5, 26931.0], [1461.0, 2158.0], [1460.75, 52155.0]], "asks": [[1467.75, 1006.0], [1468.0, 11773.0], [1468.25, 13392.0], [1468.5, 12683.0], [1468.75, 2583.0], [1469.0, 10179.0], [1469.25, 27440.0], [1469.5, 2583.0], [1469.75, 2550.0], [1470.0, 7921.0], [1470.25, 19751.0], [1470.5, 2583.0], [1470.75, 10087.0], [1471.0, 27156.0], [1471.25, 2174.0], [1471.5, 141291.0], [1471.75, 2171.0], [1472.0, 2117.0], [1472.25, 2162.0], [1472.75, 400.0]]}}}
{"jsonrpc": "2.0", "method": "subscription", "params": {"channel": "book.ETH-18APR25.none.20.100ms", "data": {"timestamp": 1744144226545, "change_id": 64962407770, "instrument_name": "ETH-18APR25", "bids": [[1468.25, 5630.0], [1468.0, 11877.0], [1467.75, 8034.0], [1467.5, 7762.0], [1467.25, 4105.0], [1467.0, 6893.0], [1466.75, 3007.0], [1466.5, 407.0], [1466.25, 1356.0], [1466.0, 288.0], [1465.75, 1784.0], [1465.5, 1372.0], [1465.0, 1376.0], [1463.75, 400.0], [1462.75, 1372.0], [1462.25, 1372.0], [1462.0, 1372.0], [1461.75, 6844.0], [1461.5, 1763.0], [1461.25, 20520.0]], "asks": [[1468.75, 3705.0], [1469.0, 6582.0], [1469.25, 10780.0], [1469.5, 3480.0], [1469.75, 3380.0], [1470.0, 3007.0], [1470.25, 3805.0], [1470.5, 11116.0], [1470.75, 9504.0], [1471.0, 20019.0], [1471.25, 285.0], [1471.5, 1763.0], [1471.75, 1763.0], [1472.0, 1768.0], [1472.25, 1372.0], [1472.5, 1352.0], [1472.75, 39772.0], [1473.25, 1372.0], [1473.75, 39887.0], [1474.5, 400.0]]}}}
{"jsonrpc": "2.0", "method": "subscription", "params": {"channel": "book.ETH-11APR25.none.20.100ms", "data": {"timestamp": 1744144226809, "change_id": 64962408072, "instrument_name": "ETH-11APR25", "bids": [[1467.5, 4100.0], [1467.25, 17081.0], [1467.0, 15914.0], [1466.75, 25792.0], [1466.5, 28132.0], [1466.25, 2618.0], [1466.0, 2618.0], [1465.75, 2828.0], [1465.5, 2846.0], [1465.25, 2846.0], [1465.0, 2636.0], [1464.75, 2750.0], [1464.5, 2158.0], [1464.0, 2164.0], [1463.0, 1772.0], [1462.75, 92136.0], [1462.0, 7659.0], [1461.75, 17539.0], [1461.5, 26931.0], [1461.0, 2158.0]], "asks": [[1468.0, 8979.0], [1468.25, 13392.0], [1468.5, 12683.0], [1468.75, 2583.0], [1469.0, 10179.0], [1469.25, 27440.0], [1469.5, 2583.0], [1469.75, 2550.0], [1470.0, 7921.0], [1470.25, 19751.0], [1470.5, 2583.0], [1470.75, 10087.0], [1471.0, 27808.0], [1471.25, 2174.0], [1471.5, 141291.0], [1471.75, 2171.0], [1472.0, 2117.0], [1472.25, 2162.0], [1472.75, 400.0], [1473.25, 51953.0]]}}}
{"jsonrpc": "2.0", "method": "subscription", "params": {"channel": "book.ETH-18APR25.none.20.100ms", "data": {"timestamp": 1744144226730, "change_id": 64962407983, "instrument_name": "ETH-18APR25", "bids": [[1468.25, 3030.0], [1468.0, 16100.0], [1467.75, 25314.0], [1467.5, 4180.0], [1467.25, 4105.0], [1467.0, 6893.0], [1466.75, 3007.0], [1466.5, 407.0], [1466.25, 1356.0], [1466.0, 288.0], [1465.75, 1784.0], [1465.5, 1372.0], [1465.0, 1376.0], [1463.75, 400.0], [1462.75, 1372.0], [1462.25, 1372.0], [1462.0, 1372.0], [1461.75, 6844.0], [1461.5, 1763.0], [1461.25, 20520.0]], "asks": [[1468.75, 2600.0], [1469.0, 3000.0], [1469.25, 14462.0], [1469.5, 3380.0], [1469.75, 3380.0], [1470.0, 3007.0], [1470.25, 3805.0], [1470.5, 11116.0], [1470.75, 9504.0], [1471.0, 20019.0], [1471.25, 285.0], [1471.5, 1763.0], [1471.75, 1763.0], [1472.0, 1768.0], [1472.25, 1372.0], [1472.5, 1352.0], [1472.75, 39772.0], [1473.25, 1372.0], [1473.75, 39887.0], [1474.5, 400.0]]}}}
{"jsonrpc": "2.0", "method": "subscription", "params": {"channel": "book.ETH-18APR25.none.20.100ms", "data": {"timestamp": 1744144227175, "change_id": 64962408537, "instrument_name": "ETH-18APR25", "bids": [[1468.25, 4540.0], [1468.0, 22063.0], [1467.75, 19251.0], [1467.5, 4180.0], [1467.25, 4105.0], [1467.0, 6893.0], [1466.75, 3007.0], [1466.5, 407.0], [1466.25, 1356.0], [1466.0, 288.0], [1465.75, 1784.0], [1465.5, 1372.0], [1465.0, 1376.0], [1463.75, 400.0], [1462.75, 1372.0], [1462.25, 20520.0], [1462.0, 1372.0], [1461.75, 6844.0], [1461.5, 1763.0], [1461.25, 1372.0]], "asks": [[1468.75, 3380.0], [1469.0, 5600.0], [1469.25, 14462.0], [1469.5, 3380.0], [1469.75, 3380.0], [1470.0, 3007.0], [1470.25, 3805.0], [1470.5, 11116.0], [1470.75, 9504.0], [1471.0, 20019.0], [1471.25, 285.0], [1471.5, 1763.0], [1471.75, 1763.0], [1472.0, 1768.0], [1472.25, 1372.0], [1472.5, 1352.0], [1472.75, 39772.0], [1473.25, 1372.0], [1473.75, 39887.0], [1474.5, 400.0]]}}}
{"jsonrpc": "2.0", "method": "subscription", "params": {"channel": "book.ETH-11APR25.none.20.100ms", "data": {"timestamp": 1744144227868, "change_id": 64962409313, "instrument_name": "ETH-11APR25", "bids": [[1467.5, 8460.0], [1467.25, 16981.0], [1467.0, 16714.0], [1466.75, 24992.0], [1466.5, 28132.0], [1466.25, 2618.0], [1466.0, 2618.0], [1465.75, 2828.0], [1465.5, 2846.0], [1465.25, 2846.0], [1465.0, 2636.0], [1464.75, 2750.0], [1464.5, 2158.0], [1464.0, 2164.0], [1463.0, 1772.0], [1462.75, 92136.0], [1462.0, 7659.0], [1461.75, 17539.0], [1461.5, 26931.0], [1461.0, 2158.0]], "asks": [[1468.0, 7572.0], [1468.25, 9808.0], [1468.5, 16267.0], [1468.75, 2583.0], [1469.0, 10179.0], [1469.25, 27440.0], [1469.5, 2583.0], [1469.75, 2550.0], [1470.0, 7921.0], [1470.25, 19751.0], [1470.5, 2583.0], [1470.75, 10087.0], [1471.0, 27808.0], [1471.25, 2174.0], [1471.5, 141291.0], [1471.75, 2171.0], [1472.0, 2117.0], [1472.25, 2162.0], [1472.75, 400.0], [1473.25, 51953.0]]}}}
{"jsonrpc": "2.0", "method": "subscription", "params": {"channel": "book.ETH-18APR25.none.20.100ms", "data": {"timestamp": 1744144227848, "change_id": 64962409228, "instrument_name": "ETH-18APR25", "bids": [[1468.25, 4540.0], [1468.0, 17840.0], [1467.75, 4572.0], [1467.5, 4180.0], [1467.25, 4105.0], [1467.0, 6893.0], [1466.75, 3007.0], [1466.5, 407.0], [1466.25, 1356.0], [1466.0, 288.0], [1465.75, 1784.0], [1465.5, 1372.0], [1465.0, 1376.0], [1463.75, 400.0], [1462.75, 1372.0], [1462.25, 20520.0], [1462.0, 1372.0], [1461.75, 6844.0], [1461.5, 1763.0], [1461.25, 1372.0]], "asks": [[1468.75, 3380.0], [1469.0, 5600.0], [1469.25, 14362.0], [1469.5, 3380.0], [1469.75, 3480.0], [1470.0, 3007.0], [1470.25, 3805.0], [1470.5, 11116.0], [1470.75, 9504.0], [1471.0, 20019.0], [1471.25, 285.0], [1471.5, 1763.0], [1471.75, 1763.0], [1472.0, 1768.0], [1472.25, 1372.0], [1472.5, 1352.0], [1472.75, 39772.0], [1473.25, 1372.0], [1473.75, 39887.0], [1474.5, 400.0]]}}}
{"jsonrpc": "2.0", "method": "subscription", "params": {"channel": "book.ETH-11APR25.none.20.100ms", "data": {"timestamp": 1744144227969, "change_id": 64962409551, "instrument_name": "ETH-11APR25", "bids": [[1467.5, 4200.0], [1467.25, 16981.0], [1467.0, 16714.0], [1466.75, 24992.0], [1466.5, 28132.0], [1466.25, 2618.0], [1466.0, 2618.0], [1465.75, 2828.0], [1465.5, 2846.0], [1465.25, 2846.0], [1465.0, 2636.0], [1464.75, 2750.0], [1464.5, 2158.0], [1464.0, 2164.0], [1463.0, 7260.0], [1462.75, 92136.0], [1462.0, 2171.0], [1461.75, 17539.0], [1461.5, 26931.0], [1461.0, 2158.0]], "asks": [[1468.0, 7572.0], [1468.25, 9808.0], [1468.5, 16267.0], [1468.75, 2583.0], [1469.0, 10179.0], [1469.25, 27440.0], [1469.5, 2583.0], [1469.75, 2550.0], [1470.0, 7921.0], [1470.25, 19751.0], [1470.5, 2583.0], [1470.75, 10087.0], [1471.0, 27808.0], [1471.25, 2174.0], [1471.5, 141291.0], [1471.75, 2171.0], [1472.0, 2117.0], [1472.25, 2162.0], [1472.75, 400.0], [1473.25, 51953.0]]}}}
{"jsonrpc": "2.0", "method": "subscription", "params": {"channel": "book.ETH-18APR25.none.20.100ms", "data": {"timestamp": 1744144227966, "change_id": 64962409549, "instrument_name": "ETH-18APR25", "bids": [[1468.25, 4540.0], [1468.0, 17840.0], [1467.75, 4572.0], [1467.5, 4180.0], [1467.25, 4105.0], [1467.0, 6893.0], [1466.75, 3007.0], [1466.5, 407.0], [1466.25, 1356.0], [1466.0, 288.0], [1465.75, 1784.0], [1465.5, 1372.0], [1465.0, 1376.0], [1463.75, 400.0], [1462.75, 1372.0], [1462.25, 20520.0], [1462.0, 1372.0], [1461.75, 6844.0], [1461.5, 1763.0], [1461.25, 1372.0]], "asks": [[1468.75, 3380.0], [1469.0, 5600.0], [1469.25, 14362.0], [1469.5, 3480.0], [1469.75, 3380.0], [1470.0, 3007.0], [1470.25, 3805.0], [1470.5, 11116.0], [1470.75, 9504.0], [1471.0, 20019.0], [1471.25, 285.0], [1471.5, 1763.0], [1471.75, 1763.0], [1472.0, 1768.0], [1472.25, 1372.0], [1472.5, 1352.0], [1472.75, 39772.0], [1473.25, 1372.0], [1473.75, 39887.0], [1474.5, 400.0]]}}}
{"jsonrpc": "2.0", "method": "subscription", "params": {"channel": "book.ETH-18APR25.none.20.100ms", "data": {"timestamp": 1744144228480, "change_id": 64962410254, "instrument_name": "ETH-18APR25", "bids": [[1468.25, 4540.0], [1468.0, 17840.0], [1467.75, 4572.0], [1467.5, 4180.0], [1467.25, 4105.0], [1467.0, 6893.0], [1466.75, 3007.0], [1466.5, 407.0], [1466.25, 1356.0], [1466.0, 288.0], [1465.75, 1784.0], [1465.5, 1372.0], [1465.0, 1376.0], [1463.75, 400.0], [1462.75, 1372.0], [1462.25, 20520.0], [1462.0, 1372.0], [1461.75, 6844.0], [1461.5, 1763.0], [1461.25, 1372.0]], "asks": [[1468.75, 3380.0], [1469.0, 5600.0], [1469.25, 14362.0], [1469.5, 3480.0], [1469.75, 3380.0], [1470.0, 3007.0], [1470.25, 3805.0], [1470.5, 11116.0], [1470.75, 9504.0], [1471.0, 20019.0], [1471.25, 285.0], [1471.5, 1763.0], [1471.75, 1763.0], [1472.0, 1768.0], [1472.25, 1372.0], [1472.5, 1352.0], [1472.75, 39772.0], [1473.25, 1372.0], [1473.75, 39887.0], [1474.5, 400.0]]}}}
{"jsonrpc": "2.0", "method": "subscription", "params": {"channel": "book.ETH-11APR25.none.20.100ms", "data": {"timestamp": 1744144228679, "change_id": 64962410470, "instrument_name": "ETH-11APR25", "bids": [[1467.5, 8430.0], [1467.25, 16981.0], [1467.0, 16714.0], [1466.75, 24992.0], [1466.5, 28132.0], [1466.25, 2618.0], [1466.0, 2618.0], [1465.75, 2828.0], [1465.5, 2846.0], [1465.25, 2846.0], [1465.0, 2636.0], [1464.75, 2750.0], [1464.5, 2158.0], [1464.0, 2164.0], [1463.0, 7260.0], [1462.75, 92136.0], [1462.0, 2171.0], [1461.75, 17539.0], [1461.5, 26931.0], [1461.0, 2158.0]], "asks": [[1468.0, 8332.0], [1468.25, 11572.0], [1468.5, 16267.0], [1468.75, 2583.0], [1469.0, 10179.0], [1469.25, 27440.0], [1469.5, 2583.0], [1469.75, 2550.0], [1470.0, 7921.0], [1470.25, 19751.0], [1470.5, 2583.0], [1470.75, 10087.0], [1471.0, 27808.0], [1471.25, 2174.0], [1471.5, 141291.0], [1471.75, 2171.0], [1472.0, 2117.0], [1472.25, 2162.0], [1472.75, 400.0], [1473.25, 51953.0]]}}}
{"jsonrpc": "2.0", "method": "subscription", "params": {"channel": "book.ETH-18APR25.none.20.100ms", "data": {"timestamp": 1744144228702, "change_id": 64962410498, "instrument_name": "ETH-18APR25", "bids": [[1468.5, 100.0], [1468.25, 11410.0], [1468.0, 7138.0], [1467.75, 4572.0], [1467.5, 4180.0], [1467.25, 4105.0], [1467.0, 6893.0], [1466.75, 3007.0], [1466.5, 407.0], [1466.25, 1356.0], [1466.0, 288.0], [1465.75, 1784.0], [1465.5, 1372.0], [1465.0, 1376.0], [1463.75, 400.0], [1462.75, 1372.0], [1462.25, 20520.0], [1462.0, 1372.0], [1461.75, 6844.0], [1461.5, 1763.0]], "asks": [[1468.75, 2600.0], [1469.0, 5600.0], [1469.25, 14362.0], [1469.5, 3480.0], [1469.75, 3380.0], [1470.0, 3007.0], [1470.25, 3805.0], [1470.5, 11116.0], [1470.75, 9504.0], [1471.0, 20019.0], [1471.25, 285.0], [1471.5, 1763.0], [1471.75, 1763.0], [1472.0, 1768.0], [1472.25, 1372.0], [1472.5, 1352.0], [1472.75, 39772.0], [1473.25, 1372.0], [1473.75, 39887.0], [1474.5, 400.0]]}}}
{"jsonrpc": "2.0", "method": "subscription", "params": {"channel": "book.ETH-11APR25.none.20.100ms", "data": {"timestamp": 1744144228997, "change_id": 64962410747, "instrument_name": "ETH-11APR25", "bids": [[1467.5, 15374.0], [1467.25, 6981.0], [1467.0, 16714.0], [1466.75, 24992.0], [1466.5, 28132.0], [1466.25, 2618.0], [1466.0, 2618.0], [1465.75, 2828.0], [1465.5, 9059.0], [1465.25, 23831.0], [1465.0, 2636.0], [1464.75, 2750.0], [1464.5, 2158.0], [1464.0, 2164.0], [1463.0, 7260.0], [1462.75, 92136.0], [1462.0, 2171.0], [1461.75, 17539.0], [1461.5, 26931.0], [1461.0, 2158.0]], "asks": [[1468.0, 8332.0], [1468.25, 11572.0], [1468.5, 16267.0], [1468.75, 2583.0], [1469.0, 10179.0], [1469.25, 27440.0], [1469.5, 2583.0], [1469.75, 2550.0], [1470.0, 7921.0], [1470.25, 19751.0], [1470.5, 2583.0], [1470.75, 10087.0], [1471.0, 27808.0], [1471.25, 2174.0], [1471.5, 141291.0], [1471.75, 2171.0], [1472.0, 2117.0], [1472.25, 2162.0], [1472.75, 400.0], [1473.25, 51953.0]]}}}
{"jsonrpc": "2.0", "method": "subscription", "params": {"channel": "book.ETH-18APR25.none.20.100ms", "data": {"timestamp": 1744144228904, "change_id": 64962410694, "instrument_name": "ETH-18APR25", "bids": [[1468.5, 100.0], [1468.25, 15199.0], [1468.0, 18992.0], [1467.75, 4572.0], [1467.5, 4180.0], [1467.25, 4105.0], [1467.0, 6893.0], [1466.75, 3007.0], [1466.5, 407.0], [1466.25, 1356.0], [1466.0, 288.0], [1465.75, 1784.0], [1465.5, 1372.0], [1465.0, 1376.0], [1463.75, 400.0], [1462.75, 1372.0], [1462.25, 20520.0], [1462.0, 1372.0], [1461.75, 6844.0], [1461.5, 1763.0]], "asks": [[1468.75, 2600.0], [1469.0, 5600.0], [1469.25, 14362.0], [1469.5, 3480.0], [1469.75, 3380.0], [1470.0, 3007.0], [1470.25, 3805.0], [1470.5, 11116.0], [1470.75, 9504.0], [1471.0, 20019.0], [1471.25, 285.0], [1471.5, 1763.0], [1471.75, 1763.0], [1472.0, 1768.0], [1472.25, 1372.0], [1472.5, 1352.0], [1472.75, 39772.0], [1473.25, 1372.0], [1473.75, 39887.0], [1474.5, 400.0]]}}}
{"jsonrpc": "2.0", "method": "subscription", "params": {"channel": "book.ETH-11APR25.none.20.100ms", "data": {"timestamp": 1744144229662, "change_id": 64962411309, "instrument_name": "ETH-11APR25", "bids": [[1467.5, 10100.0], [1467.25, 6981.0], [1467.0, 16714.0], [1466.75, 24992.0], [1466.5, 28132.0], [1466.25, 2618.0], [1466.0, 2618.0], [1465.75, 2828.0], [1465.5, 9059.0], [1465.25, 23831.0], [1465.0, 2636.0], [1464.75, 2750.0], [1464.5, 2158.0], [1464.0, 2164.0], [1463.0, 7260.0], [1462.75, 92136.0], [1462.0, 2171.0], [1461.75, 17539.0], [1461.5, 26931.0], [1461.0, 2158.0]], "asks": [[1468.0, 8332.0], [1468.25, 11572.0], [1468.5, 16267.0], [1468.75, 2583.0], [1469.0, 10179.0], [1469.25, 27440.0], [1469.5, 2583.0], [1469.75, 2550.0], [1470.0, 7921.0], [1470.25, 19751.0], [1470.5, 2583.0], [1470.75, 10087.0], [1471.0, 27808.0], [1471.25, 2174.0], [1471.5, 141291.0], [1471.75, 2171.0], [1472.0, 2117.0], [1472.25, 2162.0], [1472.75, 400.0], [1473.25, 51953.0]]}}}
{"jsonrpc": "2.0", "method": "subscription", "params": {"channel": "book.ETH-11APR25.none.20.100ms", "data": {"timestamp": 1744144229950, "change_id": 64962411623, "instrument_name": "ETH-11APR25", "bids": [[1467.5, 14200.0], [1467.25, 6981.0], [1467.0, 16714.0], [1466.75, 24992.0], [1466.5, 28132.0], [1466.25, 2618.0], [1466.0, 2618.0], [1465.75, 2828.0], [1465.5, 9059.0], [1465.25, 23831.0], [1465.0, 2636.0], [1464.75, 2750.0], [1464.5, 2158.0], [1464.0, 2164.0], [1463.0, 7260.0], [1462.75, 92136.0], [1462.0, 2171.0], [1461.75, 17539.0], [1461.5, 26931.0], [1461.0, 2158.0]], "asks": [[1468.0, 8332.0], [1468.25, 11572.0], [1468.5, 16267.0], [1468.75, 2583.0], [1469.0, 10179.0], [1469.25, 27440.0], [1469.5, 2583.0], [1469.75, 2550.0], [1470.0, 7921.0], [1470.25, 19751.0], [1470.5, 2583.0], [1470.75, 10087.0], [1471.0, 27808.0], [1471.25, 2174.0], [1471.5, 141291.0], [1471.75, 2171.0], [1472.0, 2117.0], [1472.25, 2162.0], [1472.75, 400.0], [1473.25, 51953.0]]}}}
{"jsonrpc": "2.0", "method": "subscription", "params": {"channel": "book.ETH-18APR25.none.20.100ms", "data": {"timestamp": 1744144230176, "change_id": 64962411819, "instrument_name": "ETH-18APR25", "bids": [[1468.5, 100.0], [1468.25, 11410.0], [1468.0, 7783.0], [1467.75, 7172.0], [1467.5, 5928.0], [1467.25, 8753.0], [1467.0, 740.0], [1466.75, 3007.0], [1466.5, 407.0], [1466.25, 1356.0], [1466.0, 288.0], [1465.75, 1784.0], [1465.5, 1372.0], [1465.0, 1376.0], [1463.75, 400.0], [1462.75, 1372.0], [1462.25, 20520.0], [1462.0, 1372.0], [1461.75, 6844.0], [1461.5, 1763.0]], "asks": [[1468.75, 2600.0], [1469.0, 5600.0], [1469.25, 14362.0], [1469.5, 3480.0], [1469.75, 3380.0], [1470.0, 3007.0], [1470.25, 3805.0], [1470.5, 11116.0], [1470.75, 9504.0], [1471.0, 20019.0], [1471.25, 285.0], [1471.5, 1763.0], [1471.75, 1763.0], [1472.0, 1768.0], [1472.25, 1372.0], [1472.5, 1352.0], [1472.75, 39772.0], [1473.25, 1372.0], [1473.75, 39887.0], [1474.5, 400.0]]}}}
{"jsonrpc": "2.0", "method": "subscription", "params": {"channel": "book.ETH-11APR25.none.20.100ms", "data": {"timestamp": 1744144230426, "change_id": 64962412095, "instrument_name": "ETH-11APR25", "bids": [[1467.5, 10100.0], [1467.25, 6981.0], [1467.0, 22468.0], [1466.75, 42596.0], [1466.5, 2787.0], [1466.25, 2618.0], [1466.0, 2618.0], [1465.75, 2828.0], [1465.5, 9059.0], [1465.25, 23831.0], [1465.0, 2636.0], [1464.75, 2750.0], [1464.5, 2158.0], [1464.0, 2164.0], [1463.0, 7260.0], [1462.75, 92136.0], [1462.0, 2171.0], [1461.75, 17539.0], [1461.5, 26931.0], [1461.0, 2158.0]], "asks": [[1468.0, 9300.0], [1468.25, 15156.0], [1468.5, 12683.0], [1468.75, 2583.0], [1469.0, 10179.0], [1469.25, 27440.0], [1469.5, 2583.0], [1469.75, 2550.0], [1470.0, 7921.0], [1470.25, 19751.0], [1470.5, 2583.0], [1470.75, 10087.0], [1471.0, 27808.0], [1471.25, 2174.0], [1471.5, 141291.0], [1471.75, 2171.0], [1472.0, 2117.0], [1472.25, 2162.0], [1472.75, 400.0], [1473.25, 51953.0]]}}}
{"jsonrpc": "2.0", "method": "subscription", "params": {"channel": "book.ETH-11APR25.none.20.100ms", "data": {"timestamp": 1744144230941, "change_id": 64962412526, "instrument_name": "ETH-11APR25", "bids": [[1467.5, 15430.0], [1467.25, 6981.0], [1467.0, 22468.0], [1466.75, 42596.0], [1466.5, 2787.0], [1466.25, 2618.0], [1466.0, 2618.0], [1465.75, 2828.0], [1465.5, 9059.0], [1465.25, 23831.0], [1465.0, 2636.0], [1464.75, 2750.0], [1464.5, 2158.0], [1464.0, 2164.0], [1463.0, 7260.0], [1462.75, 92136.0], [1462.0, 2171.0], [1461.75, 17539.0], [1461.5, 26931.0], [1461.0, 2158.0]], "asks": [[1468.0, 9300.0], [1468.25, 15156.0], [1468.5, 12683.0], [1468.75, 2583.0], [1469.0, 10179.0], [1469.25, 27440.0], [1469.5, 2583.0], [1469.75, 2550.0], [1470.0, 7921.0], [1470.25, 19751.0], [1470.5, 2583.0], [1470.75, 10087.0], [1471.0, 27808.0], [1471.25, 2174.0], [1471.5, 141291.0], [1471.75, 2171.0], [1472.0, 2117.0], [1472.25, 2162.0], [1472.75, 400.0], [1473.25, 51953.0]]}}}
{"jsonrpc": "2.0", "method": "subscription", "params": {"channel": "book.ETH-11APR25.none.20.100ms", "data": {"timestamp": 1744144231772, "change_id": 64962413141, "instrument_name": "ETH-11APR25", "bids": [[1467.5, 14200.0], [1467.25, 9080.0], [1467.0, 22468.0], [1466.75, 42596.0], [1466.5, 2787.0], [1466.25, 2618.0], [1466.0, 2618.0], [1465.75, 2828.0], [1465.5, 9059.0], [1465.25, 23831.0], [1465.0, 2636.0], [1464.75, 2750.0], [1464.5, 2158.0], [1464.0, 2164.0], [1463.0, 7260.0], [1462.75, 92136.0], [1462.0, 2171.0], [1461.75, 17539.0], [1461.5, 26931.0], [1461.0, 2158.0]], "asks": [[1468.0, 9300.0], [1468.25, 15156.0], [1468.5, 12683.0], [1468.75, 2583.0], [1469.0, 10179.0], [1469.25, 27440.0], [1469.5, 2583.0], [1469.75, 2550.0], [1470.0, 7921.0], [1470.25, 19751.0], [1470.5, 2583.0], [1470.75, 10087.0], [1471.0, 27808.0], [1471.25, 2174.0], [1471.5, 141291.0], [1471.75, 2171.0], [1472.0, 2117.0], [1472.25, 2162.0], [1472.75, 400.0], [1473.25, 51953.0]]}}}
{"jsonrpc": "2.0", "method": "subscription", "params": {"channel": "book.ETH-18APR25.none.20.100ms", "data": {"timestamp": 1744144231872, "change_id": 64962413270, "instrument_name": "ETH-18APR25", "bids": [[1468.5, 100.0], [1468.25, 11410.0], [1468.0, 7783.0], [1467.75, 7972.0], [1467.5, 5128.0], [1467.25, 8753.0], [1467.0, 740.0], [1466.75, 3007.0], [1466.5, 407.0], [1466.25, 1356.0], [1466.0, 288.0], [1465.75, 1784.0], [1465.5, 1372.0], [1465.0, 1376.0], [1463.75, 400.0], [1462.75, 1372.0], [1462.25, 20520.0], [1462.0, 1372.0], [1461.75, 6844.0], [1461.5, 1763.0]], "asks": [[1468.75, 2600.0], [1469.0, 5600.0], [1469.25, 14362.0], [1469.5, 3480.0], [1469.75, 3380.0], [1470.0, 3007.0], [1470.25, 3805.0], [1470.5, 11116.0], [1470.75, 9504.0], [1471.0, 20019.0], [1471.25, 285.0], [1471.5, 1763.0], [1471.75, 1763.0], [1472.0, 1768.0], [1472.25, 1372.0], [1472.5, 1352.0], [1472.75, 39772.0], [1473.25, 1372.0], [1473.75, 39887.0], [1474.5, 400.0]]}}}
{"jsonrpc": "2.0", "method": "subscription", "params": {"channel": "book.ETH-11APR25.none.20.100ms", "data": {"timestamp": 1744144232384, "change_id": 64962413762, "instrument_name": "ETH-11APR25", "bids": [[1467.5, 16060.0], [1467.25, 9080.0], [1467.0, 22468.0], [1466.75, 42596.0], [1466.5, 2787.0], [1466.25, 2618.0], [1466.0, 2618.0], [1465.75, 2828.0], [1465.5, 9059.0], [1465.25, 23831.0], [1465.0, 2636.0], [1464.75, 2750.0], [1464.5, 2158.0], [1464.0, 2164.0], [1463.0, 7260.0], [1462.75, 92136.0], [1462.0, 2171.0], [1461.75, 17539.0], [1461.5, 26931.0], [1461.0, 2158.0]], "asks": [[1468.0, 9300.0], [1468.25, 15156.0], [1468.5, 12683.0], [1468.75, 2583.0], [1469.0, 10179.0], [1469.25, 27440.0], [1469.5, 2583.0], [1469.75, 2550.0], [1470.0, 7921.0], [1470.25, 19751.0], [1470.5, 2583.0], [1470.75, 10087.0], [1471.0, 27808.0], [1471.25, 2174.0], [1471.5, 141291.0], [1471.75, 2171.0], [1472.0, 2117.0], [1472.25, 2162.0], [1472.75, 400.0], [1473.25, 51953.0]]}}}
{"jsonrpc": "2.0", "method": "subscription", "params": {"channel": "book.ETH-11APR25.none.20.100ms", "data": {"timestamp": 1744144232658, "change_id": 64962413932, "instrument_name": "ETH-11APR25", "bids": [[1467.5, 14200.0], [1467.25, 6981.0], [1467.0, 22468.0], [1466.75, 42596.0], [1466.5, 2787.0], [1466.25, 2618.0], [1466.0, 2618.0], [1465.75, 2828.0], [1465.5, 9059.0], [1465.25, 23831.0], [1465.0, 2636.0], [1464.75, 2750.0], [1464.5, 2158.0], [1464.0, 2164.0], [1463.0, 7260.0], [1462.75, 92136.0], [1462.0, 2171.0], [1461.75, 17539.0], [1461.5, 26931.0], [1461.0, 2158.0]], "asks": [[1468.0, 9300.0], [1468.25, 15156.0], [1468.5, 12683.0], [1468.75, 2583.0], [1469.0, 10179.0], [1469.25, 27440.0], [1469.5, 2583.0], [1469.75, 2550.0], [1470.0, 7921.0], [1470.25, 19751.0], [1470.5, 2583.0], [1470.75, 10087.0], [1471.0, 27808.0], [1471.25, 2174.0], [1471.5, 141291.0], [1471.75, 2171.0], [1472.0, 2117.0], [1472.25, 2162.0], [1472.75, 400.0], [1473.25, 51953.0]]}}}
{"jsonrpc": "2.0", "method": "subscription", "params": {"channel": "book.ETH-11APR25.none.20.100ms", "data": {"timestamp": 1744144233315, "change_id": 64962414615, "instrument_name": "ETH-11APR25", "bids": [[1467.5, 4200.0], [1467.25, 16981.0], [1467.0, 22468.0], [1466.75, 42596.0], [1466.5, 2787.0], [1466.25, 2618.0], [1466.0, 2618.0], [1465.75, 2828.0], [1465.5, 9059.0], [1465.25, 23831.0], [1465.0, 2636.0], [1464.75, 2750.0], [1464.5, 2158.0], [1464.0, 2164.0], [1463.0, 7260.0], [1462.75, 92136.0], [1462.0, 2171.0], [1461.75, 17539.0], [1461.5, 26931.0], [1461.0, 2158.0]], "asks": [[1468.0, 9300.0], [1468.25, 15156.0], [1468.5, 12683.0], [1468.75, 2583.0], [1469.0, 10179.0], [1469.25, 27440.0], [1469.5, 2583.0], [1469.75, 2550.0], [1470.0, 7921.0], [1470.25, 19751.0], [1470.5, 2583.0], [1470.75, 10087.0], [1471.0, 27808.0], [1471.25, 2174.0], [1471.5, 141291.0], [1471.75, 2171.0], [1472.0, 2117.0], [1472.25, 2162.0], [1472.75, 400.0], [1473.25, 51953.0]]}}}
{"jsonrpc": "2.0", "method": "subscription", "params": {"channel": "book.ETH-18APR25.none.20.100ms", "data": {"timestamp": 1744144233352, "change_id": 64962414641, "instrument_name": "ETH-18APR25", "bids": [[1468.25, 11510.0], [1468.0, 7783.0], [1467.75, 7972.0], [1467.5, 5128.0], [1467.25, 8753.0], [1467.0, 740.0], [1466.75, 3007.0], [1466.5, 407.0], [1466.25, 1356.0], [1466.0, 288.0], [1465.75, 1784.0], [1465.5, 1372.0], [1465.0, 1376.0], [1463.75, 400.0], [1462.75, 1372.0], [1462.25, 20520.0], [1462.0, 1372.0], [1461.75, 6844.0], [1461.5, 1763.0], [1461.25, 1372.0]], "asks": [[1468.75, 3380.0], [1469.0, 5600.0], [1469.25, 14362.0], [1469.5, 3480.0], [1469.75, 3380.0], [1470.0, 3007.0], [1470.25, 3805.0], [1470.5, 11116.0], [1470.75, 9504.0], [1471.0, 20019.0], [1471.25, 285.0], [1471.5, 1763.0], [1471.75, 1763.0], [1472.0, 1768.0], [1472.25, 1372.0], [1472.5, 1352.0], [1472.75, 39772.0], [1473.25, 1372.0], [1473.75, 39887.0], [1474.5, 400.0]]}}}
{"jsonrpc": "2.0", "method": "subscription", "params": {"channel": "book.ETH-11APR25.none.20.100ms", "data": {"timestamp": 1744144234451, "change_id": 64962416243, "instrument_name": "ETH-11APR25", "bids": [[1467.25, 10000.0], [1467.0, 5001.0], [1466.75, 46180.0], [1466.5, 2787.0], [1466.25, 2618.0], [1466.0, 2618.0], [1465.75, 2828.0], [1465.5, 9059.0], [1465.25, 23831.0], [1465.0, 2636.0], [1464.75, 2750.0], [1464.5, 2158.0], [1464.0, 2164.0], [1463.0, 7260.0], [1462.75, 92136.0], [1462.0, 2171.0], [1461.75, 17539.0], [1461.5, 26931.0], [1461.0, 2158.0], [1460.75, 52155.0]], "asks": [[1467.75, 8660.0], [1468.0, 15727.0], [1468.25, 17127.0], [1468.5, 2583.0], [1468.75, 2583.0], [1469.0, 10179.0], [1469.25, 27440.0], [1469.5, 2583.0], [1469.75, 2550.0], [1470.0, 7921.0], [1470.25, 19751.0], [1470.5, 2583.0], [1470.75, 10087.0], [1471.0, 27808.0], [1471.25, 2174.0], [1471.5, 141291.0], [1471.75, 2171.0], [1472.0, 2117.0], [1472.25, 2162.0], [1472.75, 400.0]]}}}
{"jsonrpc": "2.0", "method": "subscription", "params": {"channel": "book.ETH-18APR25.none.20.100ms", "data": {"timestamp": 1744144234453, "change_id": 64962416250, "instrument_name": "ETH-18APR25", "bids": [[1468.0, 8825.0], [1467.75, 15325.0], [1467.5, 8710.0], [1467.25, 8753.0], [1467.0, 728.0], [1466.75, 2600.0], [1466.5, 407.0], [1466.25, 1356.0], [1466.0, 288.0], [1465.75, 1784.0], [1465.5, 1372.0], [1465.0, 1376.0], [1463.75, 400.0], [1462.75, 1372.0], [1462.25, 20520.0], [1462.0, 1372.0], [1461.75, 6844.0], [1461.5, 1763.0], [1461.25, 1372.0], [1461.0, 1359.0]], "asks": [[1468.5, 1855.0], [1468.75, 8827.0], [1469.0, 12600.0], [1469.25, 880.0], [1469.5, 3380.0], [1469.75, 3679.0], [1470.0, 4330.0], [1470.25, 4371.0], [1470.5, 11238.0], [1470.75, 9504.0], [1471.0, 20019.0], [1471.25, 407.0], [1471.5, 1641.0], [1471.75, 1356.0], [1472.0, 1356.0], [1472.25, 1372.0], [1472.5, 1352.0], [1472.75, 39772.0], [1473.25, 1372.0], [1473.75, 39887.0]]}}}
{"jsonrpc": "2.0", "method": "subscription", "params": {"channel": "book.ETH-11APR25.none.20.100ms", "data": {"timestamp": 1744144234691, "change_id": 64962416705, "instrument_name": "ETH-11APR25", "bids": [[1467.0, 16214.0], [1466.75, 6167.0], [1466.5, 10309.0], [1466.25, 28167.0], [1466.0, 2618.0], [1465.75, 2828.0], [1465.5, 9059.0], [1465.25, 23831.0], [1465.0, 2636.0], [1464.75, 2750.0], [1464.5, 2158.0], [1464.0, 2164.0], [1463.0, 7260.0], [1462.75, 92136.0], [1462.0, 2171.0], [1461.75, 17539.0], [1461.5, 26931.0], [1461.0, 2158.0], [1460.75, 52155.0], [1459.5, 21954.0]], "asks": [[1467.5, 5960.0], [1467.75, 11826.0], [1468.0, 25917.0], [1468.25, 21808.0], [1468.5, 2583.0], [1468.75, 2583.0], [1469.0, 10179.0], [1469.25, 27440.0], [1469.5, 2583.0], [1469.75, 2550.0], [1470.0, 7865.0], [1470.25, 19751.0], [1470.5, 2583.0], [1470.75, 10087.0], [1471.0, 27808.0], [1471.25, 2174.0], [1471.5, 141291.0], [1471.75, 2171.0], [1472.0, 2117.0], [1472.25, 2162.0]]}}}
{"jsonrpc": "2.0", "method": "subscription", "params": {"channel": "book.ETH-18APR25.none.20.100ms", "data": {"timestamp": 1744144234746, "change_id": 64962416804, "instrument_name": "ETH-18APR25", "bids": [[1468.0, 8825.0], [1467.75, 14250.0], [1467.5, 5128.0], [1467.25, 12335.0], [1467.0, 728.0], [1466.75, 2600.0], [1466.5, 407.0], [1466.25, 1356.0], [1466.0, 288.0], [1465.75, 1784.0], [1465.5, 1372.0], [1465.0, 1376.0], [1463.75, 400.0], [1462.75, 1372.0], [1462.25, 20520.0], [1462.0, 1372.0], [1461.75, 6844.0], [1461.5, 1763.0], [1461.25, 1372.0], [1461.0, 1359.0]], "asks": [[1468.5, 1855.0], [1468.75, 8827.0], [1469.0, 12700.0], [1469.25, 780.0], [1469.5, 3380.0], [1469.75, 3679.0], [1470.0, 4330.0], [1470.25, 4371.0], [1470.5, 11238.0], [1470.75, 9504.0], [1471.0, 20019.0], [1471.25, 407.0], [1471.5, 1356.0], [1472.0, 1356.0], [1472.25, 1372.0], [1472.5, 1352.0], [1472.75, 39772.0], [1473.25, 1372.0], [1473.75, 39887.0], [1474.5, 400.0]]}}}
{"jsonrpc": "2.0", "method": "subscription", "params": {"channel": "book.ETH-11APR25.none.20.100ms", "data": {"timestamp": 1744144234894, "change_id": 64962417092, "instrument_name": "ETH-11APR25", "bids": [[1467.0, 16214.0], [1466.75, 6167.0], [1466.5, 10309.0], [1466.25, 28167.0], [1466.0, 2618.0], [1465.75, 2828.0], [1465.5, 9059.0], [1465.25, 23831.0], [1465.0, 2636.0], [1464.75, 2750.0], [1464.5, 2158.0], [1464.0, 2164.0], [1463.0, 7260.0], [1462.75, 92136.0], [1462.0, 2171.0], [1461.75, 17539.0], [1461.5, 26931.0], [1461.0, 2158.0], [1460.75, 52155.0], [1459.5, 21954.0]], "asks": [[1467.5, 5960.0], [1467.75, 11826.0], [1468.0, 25917.0], [1468.25, 17708.0], [1468.5, 2583.0], [1468.75, 2583.0], [1469.0, 10179.0], [1469.25, 27440.0], [1469.5, 2583.0], [1469.75, 2550.0], [1470.0, 7865.0], [1470.25, 19751.0], [1470.5, 2583.0], [1470.75, 10087.0], [1471.0, 27808.0], [1471.25, 2174.0], [1471.5, 141291.0], [1471.75, 2171.0], [1472.0, 2117.0], [1472.25, 2162.0]]}}}
{"jsonrpc": "2.0", "method": "subscription", "params": {"channel": "book.ETH-18APR25.none.20.100ms", "data": {"timestamp": 1744144235116, "change_id": 64962417291, "instrument_name": "ETH-18APR25", "bids": [[1468.0, 13367.0], [1467.75, 26247.0], [1467.5, 5128.0], [1467.25, 12335.0], [1467.0, 728.0], [1466.75, 2600.0], [1466.5, 407.0], [1466.25, 1356.0], [1466.0, 288.0], [1465.75, 1784.0], [1465.5, 1372.0], [1465.0, 1376.0], [1463.75, 400.0], [1462.75, 1372.0], [1462.5, 1372.0], [1462.25, 20520.0], [1461.75, 6844.0], [1461.5, 1763.0], [1461.25, 1372.0], [1461.0, 1359.0]], "asks": [[1468.5, 1855.0], [1468.75, 8827.0], [1469.0, 12700.0], [1469.25, 780.0], [1469.5, 3380.0], [1469.75, 3679.0], [1470.0, 4330.0], [1470.25, 4371.0], [1470.5, 11238.0], [1470.75, 9504.0], [1471.0, 20019.0], [1471.25, 407.0], [1471.5, 1356.0], [1472.0, 1356.0], [1472.25, 1372.0], [1472.5, 1352.0], [1472.75, 39772.0], [1473.25, 1372.0], [1473.75, 39887.0], [1474.5, 400.0]]}}}
{"jsonrpc": "2.0", "method": "subscription", "params": {"channel": "book.ETH-18APR25.none.20.100ms", "data": {"timestamp": 1744144235332, "change_id": 64962417597, "instrument_name": "ETH-18APR25", "bids": [[1468.0, 8925.0], [1467.75, 14150.0], [1467.5, 5128.0], [1467.25, 12335.0], [1467.0, 728.0], [1466.75, 2600.0], [1466.5, 407.0], [1466.25, 1356.0], [1466.0, 288.0], [1465.75, 1784.0], [1465.5, 1372.0], [1465.0, 1376.0], [1463.75, 400.0], [1462.75, 1372.0], [1462.5, 1372.0], [1462.25, 20520.0], [1461.75, 6844.0], [1461.5, 1763.0], [1461.25, 1372.0], [1461.0, 1359.0]], "asks": [[1468.5, 1855.0], [1468.75, 8827.0], [1469.0, 12700.0], [1469.25, 780.0], [1469.5, 3380.0], [1469.75, 3679.0], [1470.0, 4330.0], [1470.25, 4371.0], [1470.5, 11238.0], [1470.75, 9504.0], [1471.0, 20019.0], [1471.25, 407.0], [1471.5, 1356.0], [1472.0, 1356.0], [1472.25, 1372.0], [1472.5, 1352.0], [1472.75, 39772.0], [1473.25, 1372.0], [1473.75, 39887.0], [1474.5, 400.0]]}}}
{"jsonrpc": "2.0", "method": "subscription", "params": {"channel": "book.ETH-18APR25.none.20.100ms", "data": {"timestamp": 1744144235968, "change_id": 64962418156, "instrument_name": "ETH-18APR25", "bids": [[1468.0, 14241.0], [1467.75, 28827.0], [1467.5, 5128.0], [1467.25, 12335.0], [1467.0, 728.0], [1466.75, 2600.0], [1466.5, 407.0], [1466.25, 1356.0], [1466.0, 288.0], [1465.75, 1784.0], [1465.5, 1372.0], [1465.0, 1376.0], [1463.75, 400.0], [1462.75, 1372.0], [1462.5, 1372.0], [1462.25, 20520.0], [1461.75, 6844.0], [1461.5, 1763.0], [1461.25, 1372.0], [1461.0, 1359.0]], "asks": [[1468.5, 1855.0], [1468.75, 8827.0], [1469.0, 12700.0], [1469.25, 780.0], [1469.5, 3380.0], [1469.75, 3679.0], [1470.0, 4330.0], [1470.25, 4371.0], [1470.5, 11238.0], [1470.75, 9504.0], [1471.0, 20019.0], [1471.25, 407.0], [1471.5, 1356.0], [1472.0, 1356.0], [1472.25, 1372.0], [1472.5, 1352.0], [1472.75, 39772.0], [1473.25, 1372.0], [1473.75, 39887.0], [1474.5, 400.0]]}}}
{"jsonrpc": "2.0", "method": "subscription", "params": {"channel": "book.ETH-11APR25.none.20.100ms", "data": {"timestamp": 1744144236455, "change_id": 64962419104, "instrument_name": "ETH-11APR25", "bids": [[1467.25, 7715.0], [1467.0, 18213.0], [1466.75, 6167.0], [1466.5, 10309.0], [1466.25, 28167.0], [1466.0, 2618.0], [1465.75, 2828.0], [1465.5, 9059.0], [1465.25, 23831.0], [1465.0, 2636.0], [1464.75, 2750.0], [1464.5, 2158.0], [1464.0, 2164.0], [1463.0, 7260.0], [1462.75, 92136.0], [1462.0, 2171.0], [1461.75, 17539.0], [1461.5, 26931.0], [1461.0, 2158.0], [1460.75, 52155.0]], "asks": [[1467.75, 11254.0], [1468.0, 28156.0], [1468.25, 17708.0], [1468.5, 2583.0], [1468.75, 2583.0], [1469.0, 10179.0], [1469.25, 27440.0], [1469.5, 2583.0], [1469.75, 2550.0], [1470.0, 7865.0], [1470.25, 19751.0], [1470.5, 2583.0], [1470.75, 10087.0], [1471.0, 27808.0], [1471.25, 2174.0], [1471.5, 141291.0], [1471.75, 2171.0], [1472.0, 2117.0], [1472.25, 2162.0], [1472.75, 400.0]]}}}
{"jsonrpc": "2.0", "method": "subscription", "params": {"channel": "book.ETH-18APR25.none.20.100ms", "data": {"timestamp": 1744144236176, "change_id": 64962419132, "instrument_name": "ETH-18APR25", "bids": [[1468.0, 8178.0], [1467.75, 35901.0], [1467.5, 6962.0], [1467.25, 2600.0], [1467.0, 2535.0], [1466.75, 8753.0], [1466.5, 407.0], [1466.25, 1356.0], [1466.0, 288.0], [1465.75, 1784.0], [1465.5, 1372.0], [1465.0, 1376.0], [1463.75, 400.0], [1462.75, 1372.0], [1462.5, 1372.0], [1462.25, 20520.0], [1461.75, 6844.0], [1461.5, 1763.0], [1461.25, 1372.0], [1461.0, 1359.0]], "asks": [[1468.5, 1855.0], [1468.75, 8827.0], [1469.0, 12600.0], [1469.25, 780.0], [1469.5, 3480.0], [1469.75, 3679.0], [1470.0, 4330.0], [1470.25, 4371.0], [1470.5, 11238.0], [1470.75, 9504.0], [1471.0, 20019.0], [1471.25, 407.0], [1471.5, 1356.0], [1472.0, 1356.0], [1472.25, 1372.0], [1472.5, 1352.0], [1472.75, 39772.0], [1473.25, 1372.0], [1473.75, 39887.0], [1474.5, 400.0]]}}}
{"jsonrpc": "2.0", "method": "subscription", "params": {"channel": "book.ETH-11APR25.none.20.100ms", "data": {"timestamp": 1744144236700, "change_id": 64962419670, "instrument_name": "ETH-11APR25", "bids": [[1467.25, 17715.0], [1467.0, 13748.0], [1466.75, 18922.0], [1466.5, 28132.0], [1466.25, 2822.0], [1466.0, 2618.0], [1465.75, 2828.0], [1465.5, 9059.0], [1465.25, 23831.0], [1465.0, 2636.0], [1464.75, 2750.0], [1464.5, 2158.0], [1464.0, 2164.0], [1463.0, 7260.0], [1462.75, 92136.0], [1462.0, 2171.0], [1461.75, 17539.0], [1461.5, 26931.0], [1461.0, 2158.0], [1460.75, 52155.0]], "asks": [[1467.75, 8158.0], [1468.0, 14572.0], [1468.25, 24043.0], [1468.5, 12583.0], [1468.75, 2583.0], [1469.0, 10179.0], [1469.25, 27440.0], [1469.5, 2583.0], [1469.75, 2550.0], [1470.0, 7865.0], [1470.25, 19751.0], [1470.5, 2583.0], [1470.75, 10087.0], [1471.0, 27808.0], [1471.25, 2174.0], [1471.5, 141291.0], [1471.75, 2171.0], [1472.0, 2117.0], [1472.25, 2162.0], [1472.75, 400.0]]}}}
{"jsonrpc": "2.0", "method": "subscription", "params": {"channel": "book.ETH-18APR25.none.20.100ms", "data": {"timestamp": 1744144236612, "change_id": 64962419572, "instrument_name": "ETH-18APR25", "bids": [[1468.25, 4544.0], [1468.0, 24141.0], [1467.75, 22409.0], [1467.5, 3380.0], [1467.25, 4446.0], [1467.0, 6881.0], [1466.75, 2600.0], [1466.5, 407.0], [1466.25, 1356.0], [1466.0, 288.0], [1465.75, 1784.0], [1465.5, 1372.0], [1465.0, 1376.0], [1463.75, 400.0], [1462.75, 1372.0], [1462.5, 1372.0], [1462.25, 20520.0], [1461.75, 6844.0], [1461.5, 1763.0], [1461.25, 1372.0]], "asks": [[1468.75, 7124.0], [1469.0, 16182.0], [1469.25, 780.0], [1469.5, 3480.0], [1469.75, 3380.0], [1470.0, 3007.0], [1470.25, 4371.0], [1470.5, 11238.0], [1470.75, 9504.0], [1471.0, 20019.0], [1471.25, 407.0], [1471.5, 1356.0], [1472.0, 1356.0], [1472.25, 1372.0], [1472.5, 1352.0], [1472.75, 39772.0], [1473.25, 1372.0], [1473.75, 39887.0], [1474.5, 400.0], [1474.75, 38112.0]]}}}
{"jsonrpc": "2.0", "method": "subscription", "params": {"channel": "book.ETH-11APR25.none.20.100ms", "data": {"timestamp": 1744144236861, "change_id": 64962419923, "instrument_name": "ETH-11APR25", "bids": [[1467.25, 17715.0], [1467.0, 13748.0], [1466.75, 18922.0], [1466.5, 28132.0], [1466.25, 2822.0], [1466.0, 2618.0], [1465.75, 2828.0], [1465.5, 9059.0], [1465.25, 23831.0], [1465.0, 2636.0], [1464.75, 2750.0], [1464.5, 2158.0], [1464.0, 2164.0], [1463.0, 7260.0], [1462.75, 92136.0], [1462.0, 2171.0], [1461.75, 17539.0], [1461.5, 26931.0], [1461.0, 2158.0], [1460.75, 52155.0]], "asks": [[1467.75, 6631.0], [1468.0, 9806.0], [1468.25, 9362.0], [1468.5, 12583.0], [1468.75, 2583.0], [1469.0, 10179.0], [1469.25, 27440.0], [1469.5, 2583.0], [1469.75, 2550.0], [1470.0, 7865.0], [1470.25, 19751.0], [1470.5, 2583.0], [1470.75, 10087.0], [1471.0, 27808.0], [1471.25, 2174.0], [1471.5, 141291.0], [1471.75, 2171.0], [1472.0, 2117.0], [1472.25, 2162.0], [1472.75, 400.0]]}}}
{"jsonrpc": "2.0", "method": "subscription", "params": {"channel": "book.ETH-18APR25.none.20.100ms", "data": {"timestamp": 1744144236815, "change_id": 64962419832, "instrument_name": "ETH-18APR25", "bids": [[1468.25, 4544.0], [1468.0, 18825.0], [1467.75, 7732.0], [1467.5, 3380.0], [1467.25, 4446.0], [1467.0, 6881.0], [1466.75, 2600.0], [1466.5, 407.0], [1466.25, 1356.0], [1466.0, 288.0], [1465.75, 1784.0], [1465.5, 1372.0], [1465.0, 1376.0], [1463.75, 400.0], [1462.75, 1372.0], [1462.5, 1372.0], [1462.25, 20520.0], [1461.75, 6844.0], [1461.5, 1763.0], [1461.25, 1372.0]], "asks": [[1468.75, 7124.0], [1469.0, 16182.0], [1469.25, 780.0], [1469.5, 3480.0], [1469.75, 3380.0], [1470.0, 3007.0], [1470.25, 4371.0], [1470.5, 11238.0], [1470.75, 9504.0], [1471.0, 20019.0], [1471.25, 407.0], [1471.5, 1356.0], [1472.0, 1356.0], [1472.25, 1372.0], [1472.5, 1352.0], [1472.75, 39772.0], [1473.25, 1372.0], [1473.75, 39887.0], [1474.5, 400.0], [1474.75, 38112.0]]}}}
{"jsonrpc": "2.0", "method": "subscription", "params": {"channel": "book.ETH-11APR25.none.20.100ms", "data": {"timestamp": 1744144237313, "change_id": 64962420671, "instrument_name": "ETH-11APR25", "bids": [[1467.25, 17715.0], [1467.0, 13748.0], [1466.75, 18922.0], [1466.5, 28132.0], [1466.25, 2822.0], [1466.0, 2618.0], [1465.75, 2828.0], [1465.5, 9059.0], [1465.25, 23831.0], [1465.0, 2636.0], [1464.75, 2750.0], [1464.5, 2158.0], [1464.0, 2164.0], [1463.0, 7260.0], [1462.75, 92136.0], [1462.0, 2171.0], [1461.75, 17539.0], [1461.5, 26931.0], [1461.0, 2158.0], [1460.75, 52155.0]], "asks": [[1467.75, 5904.0], [1468.0, 10774.0], [1468.25, 16611.0], [1468.5, 2583.0], [1468.75, 2583.0], [1469.0, 10179.0], [1469.25, 27440.0], [1469.5, 2583.0], [1469.75, 2550.0], [1470.0, 7865.0], [1470.25, 19751.0], [1470.5, 2583.0], [1470.75, 10087.0], [1471.0, 27808.0], [1471.25, 2174.0], [1471.5, 141291.0], [1471.75, 2171.0], [1472.0, 2117.0], [1472.25, 2162.0], [1472.75, 400.0]]}}}
{"jsonrpc": "2.0", "method": "subscription", "params": {"channel": "book.ETH-18APR25.none.20.100ms", "data": {"timestamp": 1744144237417, "change_id": 64962420645, "instrument_name": "ETH-18APR25", "bids": [[1468.25, 8767.0], [1468.0, 33505.0], [1467.75, 7732.0], [1467.5, 3380.0], [1467.25, 4446.0], [1467.0, 6881.0], [1466.75, 2600.0], [1466.5, 407.0], [1466.25, 1356.0], [1466.0, 288.0], [1465.75, 1784.0], [1465.5, 1372.0], [1465.0, 1376.0], [1463.75, 400.0], [1462.75, 1372.0], [1462.5, 1372.0], [1462.25, 20520.0], [1461.75, 6844.0], [1461.5, 1763.0], [1461.25, 1372.0]], "asks": [[1468.75, 7124.0], [1469.0, 16182.0], [1469.25, 780.0], [1469.5, 3480.0], [1469.75, 3380.0], [1470.0, 3007.0], [1470.25, 4371.0], [1470.5, 11238.0], [1470.75, 9504.0], [1471.0, 20019.0], [1472.0, 1356.0], [1472.25, 1372.0], [1472.5, 1352.0], [1472.75, 39772.0], [1473.25, 1372.0], [1473.75, 39887.0], [1474.5, 400.0], [1474.75, 38112.0], [1475.0, 1372.0], [1475.5, 1364.0]]}}}
{"jsonrpc": "2.0", "method": "subscription", "params": {"channel": "book.ETH-11APR25.none.20.100ms", "data": {"timestamp": 1744144237863, "change_id": 64962421083, "instrument_name": "ETH-11APR25", "bids": [[1467.5, 4100.0], [1467.25, 17715.0], [1467.0, 13748.0], [1466.75, 18922.0], [1466.5, 28132.0], [1466.25, 2822.0], [1466.0, 2618.0], [1465.75, 2828.0], [1465.5, 9059.0], [1465.25, 23831.0], [1465.0, 2636.0], [1464.75, 2750.0], [1464.5, 2158.0], [1464.0, 2164.0], [1463.0, 7260.0], [1462.75, 92136.0], [1462.0, 2171.0], [1461.75, 17539.0], [1461.5, 26931.0], [1461.0, 2158.0]], "asks": [[1467.75, 4100.0], [1468.0, 10774.0], [1468.25, 16611.0], [1468.5, 2583.0], [1468.75, 2583.0], [1469.0, 10179.0], [1469.25, 27440.0], [1469.5, 2583.0], [1469.75, 2550.0], [1470.0, 7865.0], [1470.25, 19751.0], [1470.5, 2583.0], [1470.75, 10087.0], [1471.0, 27808.0], [1471.25, 2174.0], [1471.5, 141291.0], [1471.75, 2171.0], [1472.0, 2117.0], [1472.25, 2162.0], [1472.75, 400.0]]}}}
{"jsonrpc": "2.0", "method": "subscription", "params": {"channel": "book.ETH-11APR25.none.20.100ms", "data": {"timestamp": 1744144238385, "change_id": 64962421736, "instrument_name": "ETH-11APR25", "bids": [[1467.25, 16244.0], [1467.0, 10164.0], [1466.75, 22506.0], [1466.5, 28132.0], [1466.25, 2822.0], [1466.0, 2618.0], [1465.75, 2828.0], [1465.5, 9059.0], [1465.25, 23831.0], [1465.0, 2636.0], [1464.75, 2750.0], [1464.5, 2158.0], [1464.0, 2164.0], [1463.0, 7260.0], [1462.75, 92136.0], [1462.0, 2171.0], [1461.75, 17539.0], [1461.5, 26931.0], [1461.0, 2158.0], [1460.75, 52155.0]], "asks": [[1467.75, 5960.0], [1468.0, 10774.0], [1468.25, 16611.0], [1468.5, 2583.0], [1468.75, 2583.0], [1469.0, 10179.0], [1469.25, 27440.0], [1469.5, 2583.0], [1469.75, 2550.0], [1470.0, 7865.0], [1470.25, 19751.0], [1470.5, 2583.0], [1470.75, 10087.0], [1471.0, 27808.0], [1471.25, 2174.0], [1471.5, 141291.0], [1471.75, 2171.0], [1472.0, 2117.0], [1472.25, 2162.0], [1472.75, 400.0]]}}}
{"jsonrpc": "2.0", "method": "subscription", "params": {"channel": "book.ETH-18APR25.none.20.100ms", "data": {"timestamp": 1744144238424, "change_id": 64962421651, "instrument_name": "ETH-18APR25", "bids": [[1468.25, 8767.0], [1468.0, 33505.0], [1467.75, 5161.0], [1467.5, 6962.0], [1467.25, 4446.0], [1467.0, 6881.0], [1466.75, 2600.0], [1466.5, 407.0], [1466.25, 1356.0], [1466.0, 288.0], [1465.75, 1784.0], [1465.5, 1372.0], [1465.0, 1376.0], [1463.75, 400.0], [1462.75, 1372.0], [1462.5, 1372.0], [1462.25, 20520.0], [1461.75, 6844.0], [1461.5, 1763.0], [1461.25, 1372.0]], "asks": [[1468.75, 7124.0], [1469.0, 16182.0], [1469.25, 880.0], [1469.5, 3380.0], [1469.75, 3380.0], [1470.0, 3007.0], [1470.25, 4371.0], [1470.5, 11238.0], [1470.75, 9504.0], [1471.0, 20019.0], [1472.0, 1356.0], [1472.25, 1372.0], [1472.5, 1352.0], [1472.75, 39772.0], [1473.25, 1372.0], [1473.75, 39887.0], [1474.5, 400.0], [1474.75, 38112.0], [1475.0, 1372.0], [1475.5, 1364.0]]}}}
{"jsonrpc": "2.0", "method": "subscription", "params": {"channel": "book.ETH-18APR25.none.20.100ms", "data": {"timestamp": 1744144238639, "change_id": 64962421946, "instrument_name": "ETH-18APR25", "bids": [[1468.25, 4544.0], [1468.0, 18825.0], [1467.75, 5161.0], [1467.5, 6962.0], [1467.25, 4446.0], [1467.0, 6881.0], [1466.75, 2600.0], [1466.5, 407.0], [1466.25, 1356.0], [1466.0, 288.0], [1465.75, 1784.0], [1465.5, 1372.0], [1465.0, 1376.0], [1463.75, 400.0], [1462.75, 1372.0], [1462.5, 6860.0], [1462.25, 20520.0], [1461.75, 1356.0], [1461.5, 1763.0], [1461.25, 1372.0]], "asks": [[1468.75, 7124.0], [1469.0, 16182.0], [1469.25, 880.0], [1469.5, 3380.0], [1469.75, 3380.0], [1470.0, 3007.0], [1470.25, 4371.0], [1470.5, 11238.0], [1470.75, 9504.0], [1471.0, 20019.0], [1472.0, 1356.0], [1472.25, 1372.0], [1472.5, 1352.0], [1472.75, 39772.0], [1473.25, 1372.0], [1473.75, 39887.0], [1474.5, 400.0], [1474.75, 38112.0], [1475.0, 1372.0], [1475.5, 1364.0]]}}}
{"jsonrpc": "2.0", "method": "subscription", "params": {"channel": "book.ETH-11APR25.none.20.100ms", "data": {"timestamp": 1744144238968, "change_id": 64962422214, "instrument_name": "ETH-11APR25", "bids": [[1467.25, 14200.0], [1467.0, 10164.0], [1466.75, 22506.0], [1466.5, 28132.0], [1466.25, 2822.0], [1466.0, 2618.0], [1465.75, 2828.0], [1465.5, 9059.0], [1465.25, 23831.0], [1465.0, 2636.0], [1464.75, 2750.0], [1464.5, 2158.0], [1464.0, 2164.0], [1463.0, 7260.0], [1462.75, 92136.0], [1462.0, 2171.0], [1461.75, 17539.0], [1461.5, 26931.0], [1461.0, 2158.0], [1460.75, 52155.0]], "asks": [[1467.75, 5960.0], [1468.0, 10774.0], [1468.25, 16611.0], [1468.5, 2583.0], [1468.75, 2583.0], [1469.0, 10179.0], [1469.25, 27440.0], [1469.5, 2583.0], [1469.75, 2550.0], [1470.0, 7865.0], [1470.25, 19751.0], [1470.5, 2583.0], [1470.75, 10087.0], [1471.0, 27808.0], [1471.25, 2174.0], [1471.5, 141291.0], [1471.75, 2171.0], [1472.0, 2117.0], [1472.25, 2162.0], [1472.75, 400.0]]}}}
{"jsonrpc": "2.0", "method": "subscription", "params": {"channel": "book.ETH-18APR25.none.20.100ms", "data": {"timestamp": 1744144238969, "change_id": 64962422216, "instrument_name": "ETH-18APR25", "bids": [[1468.25, 4544.0], [1468.0, 27018.0], [1467.75, 5161.0], [1467.5, 6962.0], [1467.25, 4446.0], [1467.0, 6881.0], [1466.75, 2600.0], [1466.5, 407.0], [1466.25, 1356.0], [1466.0, 288.0], [1465.75, 1784.0], [1465.5, 1372.0], [1465.0, 1376.0], [1463.75, 400.0], [1462.75, 1372.0], [1462.5, 6860.0], [1462.25, 20520.0], [1461.75, 1356.0], [1461.5, 1763.0], [1461.25, 1372.0]], "asks": [[1468.75, 7124.0], [1469.0, 16182.0], [1469.25, 880.0], [1469.5, 3380.0], [1469.75, 3380.0], [1470.0, 3007.0], [1470.25, 4371.0], [1470.5, 11238.0], [1470.75, 9504.0], [1471.0, 20019.0], [1472.0, 1356.0], [1472.25, 1372.0], [1472.5, 1352.0], [1472.75, 39772.0], [1473.25, 1372.0], [1473.75, 39887.0], [1474.5, 400.0], [1474.75, 38112.0], [1475.0, 1372.0], [1475.5, 1364.0]]}}}
{"jsonrpc": "2.0", "method": "subscription", "params": {"channel": "book.ETH-11APR25.none.20.100ms", "data": {"timestamp": 1744144239341, "change_id": 64962422565, "instrument_name": "ETH-11APR25", "bids": [[1467.25, 14200.0], [1467.0, 10164.0], [1466.75, 22506.0], [1466.5, 28132.0], [1466.25, 2822.0], [1466.0, 2618.0], [1465.75, 2828.0], [1465.5, 9059.0], [1465.25, 23831.0], [1465.0, 2636.0], [1464.75, 2750.0], [1464.5, 2158.0], [1464.0, 2164.0], [1463.0, 7260.0], [1462.75, 92136.0], [1462.0, 2171.0], [1461.75, 17539.0], [1461.5, 26931.0], [1461.0, 2158.0], [1460.75, 52155.0]], "asks": [[1467.75, 9040.0], [1468.0, 14358.0], [1468.25, 13027.0], [1468.5, 2583.0], [1468.75, 2583.0], [1469.0, 10179.0], [1469.25, 27440.0], [1469.5, 2583.0], [1469.75, 2550.0], [1470.0, 7865.0], [1470.25, 19751.0], [1470.5, 2583.0], [1470.75, 10087.0], [1471.0, 27808.0], [1471.25, 2174.0], [1471.5, 141291.0], [1471.75, 2171.0], [1472.0, 2117.0], [1472.25, 2162.0], [1472.75, 400.0]]}}}
{"jsonrpc": "2.0", "method": "subscription", "params": {"channel": "book.ETH-18APR25.none.20.100ms", "data": {"timestamp": 1744144239181, "change_id": 64962422447, "instrument_name": "ETH-18APR25", "bids": [[1468.25, 4544.0], [1468.0, 18825.0], [1467.75, 5161.0], [1467.5, 6962.0], [1467.25, 4446.0], [1467.0, 6881.0], [1466.75, 2600.0], [1466.5, 407.0], [1466.25, 1356.0], [1466.0, 288.0], [1465.75, 1784.0], [1465.5, 1372.0], [1465.0, 1376.0], [1463.75, 400.0], [1462.75, 1372.0], [1462.5, 6860.0], [1462.25, 20520.0], [1461.75, 1356.0], [1461.5, 1763.0], [1461.25, 1372.0]], "asks": [[1468.75, 7124.0], [1469.0, 16182.0], [1469.25, 880.0], [1469.5, 3380.0], [1469.75, 3380.0], [1470.0, 3007.0], [1470.25, 4371.0], [1470.5, 11238.0], [1470.75, 9504.0], [1471.0, 20019.0], [1472.0, 1356.0], [1472.25, 1372.0], [1472.5, 1352.0], [1472.75, 39772.0], [1473.25, 1372.0], [1473.75, 39887.0], [1474.5, 400.0], [1474.75, 38112.0], [1475.0, 1372.0], [1475.5, 1364.0]]}}}
{"jsonrpc": "2.0", "method": "subscription", "params": {"channel": "book.ETH-11APR25.none.20.100ms", "data": {"timestamp": 1744144239764, "change_id": 64962423028, "instrument_name": "ETH-11APR25", "bids": [[1467.25, 17113.0], [1467.0, 13748.0], [1466.75, 18922.0], [1466.5, 28132.0], [1466.25, 2822.0], [1466.0, 2618.0], [1465.75, 2828.0], [1465.5, 9059.0], [1465.25, 23831.0], [1465.0, 2636.0], [1464.75, 2750.0], [1464.5, 2158.0], [1464.0, 2164.0], [1463.0, 7260.0], [1462.75, 92136.0], [1462.0, 2171.0], [1461.75, 17539.0], [1461.5, 26931.0], [1461.0, 2158.0], [1460.75, 52155.0]], "asks": [[1467.75, 1860.0], [1468.0, 10774.0], [1468.25, 13853.0], [1468.5, 6167.0], [1468.75, 2583.0], [1469.0, 10179.0], [1469.25, 27440.0], [1469.5, 2583.0], [1469.75, 2550.0], [1470.0, 7865.0], [1470.25, 19751.0], [1470.5, 2583.0], [1470.75, 10087.0], [1471.0, 27808.0], [1471.25, 2174.0], [1471.5, 141291.0], [1471.75, 2171.0], [1472.0, 2117.0], [1472.25, 2162.0], [1472.75, 400.0]]}}}
{"jsonrpc": "2.0", "method": "subscription", "params": {"channel": "book.ETH-18APR25.none.20.100ms", "data": {"timestamp": 1744144239761, "change_id": 64962423025, "instrument_name": "ETH-18APR25", "bids": [[1468.25, 4544.0], [1468.0, 18825.0], [1467.75, 7732.0], [1467.5, 3380.0], [1467.25, 4446.0], [1467.0, 6881.0], [1466.75, 2600.0], [1466.5, 407.0], [1466.25, 1356.0], [1466.0, 288.0], [1465.75, 1784.0], [1465.5, 1372.0], [1465.0, 1376.0], [1463.75, 400.0], [1462.75, 1372.0], [1462.5, 6860.0], [1462.25, 20520.0], [1461.75, 1356.0], [1461.5, 1763.0], [1461.25, 1372.0]], "asks": [[1468.75, 7124.0], [1469.0, 13705.0], [1469.25, 4462.0], [1469.5, 3380.0], [1469.75, 3380.0], [1470.0, 3007.0], [1470.25, 4371.0], [1470.5, 11238.0], [1470.75, 9504.0], [1471.0, 20019.0], [1472.0, 1356.0], [1472.25, 1372.0], [1472.5, 1352.0], [1472.75, 39772.0], [1473.25, 1372.0], [1473.75, 39887.0], [1474.5, 400.0], [1474.75, 38112.0], [1475.0, 1372.0], [1475.5, 1364.0]]}}}
{"jsonrpc": "2.0", "method": "subscription", "params": {"channel": "book.ETH-11APR25.none.20.100ms", "data": {"timestamp": 1744144240100, "change_id": 64962423402, "instrument_name": "ETH-11APR25", "bids": [[1467.5, 8460.0], [1467.25, 17013.0], [1467.0, 13748.0], [1466.75, 18922.0], [1466.5, 28132.0], [1466.25, 2822.0], [1466.0, 2618.0], [1465.75, 2828.0], [1465.5, 9059.0], [1465.25, 23831.0], [1465.0, 2636.0], [1464.75, 2750.0], [1464.5, 2158.0], [1464.0, 2164.0], [1463.0, 7260.0], [1462.75, 92136.0], [1462.0, 2171.0], [1461.75, 17539.0], [1461.5, 26931.0], [1461.0, 2158.0]], "asks": [[1468.0, 8675.0], [1468.25, 13853.0], [1468.5, 6167.0], [1468.75, 2583.0], [1469.0, 10179.0], [1469.25, 27440.0], [1469.5, 2583.0], [1469.75, 2550.0], [1470.0, 7865.0], [1470.25, 19751.0], [1470.5, 2583.0], [1470.75, 10087.0], [1471.0, 27808.0], [1471.25, 2174.0], [1471.5, 141291.0], [1471.75, 2171.0], [1472.0, 2117.0], [1472.25, 2162.0], [1472.75, 400.0], [1473.25, 51953.0]]}}}
{"jsonrpc": "2.0", "method": "subscription", "params": {"channel": "book.ETH-18APR25.none.20.100ms", "data": {"timestamp": 1744144239874, "change_id": 64962423121, "instrument_name": "ETH-18APR25", "bids": [[1468.25, 11123.0], [1468.0, 32691.0], [1467.75, 7732.0], [1467.5, 3380.0], [1467.25, 4446.0], [1467.0, 6881.0], [1466.75, 2600.0], [1466.5, 407.0], [1466.25, 1356.0], [1466.0, 288.0], [1465.75, 1784.0], [1465.5, 1372.0], [1465.0, 1376.0], [1463.75, 400.0], [1462.75, 1372.0], [1462.5, 6860.0], [1462.25, 20520.0], [1461.75, 1356.0], [1461.5, 1763.0], [1461.25, 1372.0]], "asks": [[1468.75, 7124.0], [1469.0, 13705.0], [1469.25, 4462.0], [1469.5, 3380.0], [1469.75, 3380.0], [1470.0, 3007.0], [1470.25, 4371.0], [1470.5, 11238.0], [1470.75, 9504.0], [1471.0, 20019.0], [1472.0, 1356.0], [1472.25, 1372.0], [1472.5, 1352.0], [1472.75, 39772.0], [1473.25, 1372.0], [1473.75, 39887.0], [1474.5, 400.0], [1474.75, 38112.0], [1475.0, 1372.0], [1475.5, 1364.0]]}}}
{"jsonrpc": "2.0", "method": "subscription", "params": {"channel": "book.ETH-11APR25.none.20.100ms", "data": {"timestamp": 1744144240424, "change_id": 64962423834, "instrument_name": "ETH-11APR25", "bids": [[1467.5, 4200.0], [1467.25, 17013.0], [1467.0, 13748.0], [1466.75, 18922.0], [1466.5, 28132.0], [1466.25, 2822.0], [1466.0, 2618.0], [1465.75, 2828.0], [1465.5, 9059.0], [1465.25, 23831.0], [1465.0, 2636.0], [1464.75, 2750.0], [1464.5, 2158.0], [1464.0, 2164.0], [1463.0, 7260.0], [1462.75, 92136.0], [1462.0, 2171.0], [1461.75, 17539.0], [1461.5, 26931.0], [1461.0, 2158.0]], "asks": [[1468.0, 8675.0], [1468.25, 13853.0], [1468.5, 6167.0], [1468.75, 2583.0], [1469.0, 10179.0], [1469.25, 27440.0], [1469.5, 2583.0], [1469.75, 2550.0], [1470.0, 7865.0], [1470.25, 19751.0], [1470.5, 2583.0], [1470.75, 10087.0], [1471.0, 27808.0], [1471.25, 2174.0], [1471.5, 141291.0], [1471.75, 2171.0], [1472.0, 2117.0], [1472.25, 2162.0], [1472.75, 400.0], [1473.25, 51953.0]]}}}
{"jsonrpc": "2.0", "method": "subscription", "params": {"channel": "book.ETH-18APR25.none.20.100ms", "data": {"timestamp": 1744144240438, "change_id": 64962423498, "instrument_name": "ETH-18APR25", "bids": [[1468.25, 8523.0], [1468.0, 32691.0], [1467.75, 7732.0], [1467.5, 3380.0], [1467.25, 4446.0], [1467.0, 6881.0], [1466.75, 2600.0], [1466.5, 407.0], [1466.25, 1356.0], [1466.0, 288.0], [1465.75, 1784.0], [1465.5, 1372.0], [1465.0, 1376.0], [1463.75, 400.0], [1462.75, 1372.0], [1462.5, 6860.0], [1462.25, 20520.0], [1461.75, 1356.0], [1461.5, 1763.0], [1461.25, 1372.0]], "asks": [[1468.75, 7124.0], [1469.0, 13705.0], [1469.25, 4462.0], [1469.5, 3380.0], [1469.75, 3380.0], [1470.0, 3007.0], [1470.25, 4371.0], [1470.5, 11238.0], [1470.75, 9504.0], [1471.0, 20019.0], [1472.0, 1356.0], [1472.25, 1372.0], [1472.5, 1352.0], [1472.75, 39772.0], [1473.25, 1372.0], [1473.75, 39887.0], [1474.5, 400.0], [1474.75, 38112.0], [1475.0, 1372.0], [1475.5, 1364.0]]}}}
{"jsonrpc": "2.0", "method": "subscription", "params": {"channel": "book.ETH-11APR25.none.20.100ms", "data": {"timestamp": 1744144240759, "change_id": 64962424767, "instrument_name": "ETH-11APR25", "bids": [[1467.75, 4100.0], [1467.5, 16326.0], [1467.25, 6226.0], [1467.0, 6200.0], [1466.75, 36079.0], [1466.5, 2136.0], [1466.25, 2171.0], [1466.0, 2171.0], [1465.75, 2171.0], [1465.5, 2189.0], [1465.25, 2189.0], [1465.0, 2189.0], [1464.75, 2103.0], [1464.5, 2158.0], [1464.0, 2164.0], [1463.0, 7260.0], [1462.75, 92136.0], [1462.0, 2171.0], [1461.75, 17539.0], [1461.5, 26931.0]], "asks": [[1468.25, 4100.0], [1468.5, 5720.0], [1468.75, 12136.0], [1469.0, 2237.0], [1469.25, 2136.0], [1469.5, 26993.0], [1469.75, 2103.0], [1470.0, 2130.0], [1470.25, 19304.0], [1470.5, 2136.0], [1470.75, 2136.0], [1471.0, 27156.0], [1471.25, 2174.0], [1471.5, 141291.0], [1471.75, 2171.0], [1472.0, 2117.0], [1472.25, 2162.0], [1473.25, 51953.0], [1474.25, 2562.0], [1474.5, 255000.0]]}}}
{"jsonrpc": "2.0", "method": "subscription", "params": {"channel": "book.ETH-18APR25.none.20.100ms", "data": {"timestamp": 1744144240764, "change_id": 64962424823, "instrument_name": "ETH-18APR25", "bids": [[1468.5, 100.0], [1468.25, 16063.0], [1468.0, 13866.0], [1467.75, 3400.0], [1467.5, 2600.0], [1467.25, 8753.0], [1467.0, 1350.0], [1466.75, 2600.0], [1466.25, 1356.0], [1465.75, 1372.0], [1465.5, 1372.0], [1465.0, 1376.0], [1463.75, 400.0], [1462.75, 1372.0], [1462.5, 6860.0], [1462.25, 20520.0], [1461.75, 1356.0], [1461.5, 1763.0], [1461.25, 1372.0], [1461.0, 1359.0]], "asks": [[1469.0, 2600.0], [1469.5, 12600.0], [1469.75, 2700.0], [1470.0, 2600.0], [1470.5, 10051.0], [1470.75, 3956.0], [1471.0, 20019.0], [1472.0, 1356.0], [1472.25, 1372.0], [1472.5, 1352.0], [1472.75, 39772.0], [1473.25, 1372.0], [1473.75, 39887.0], [1474.5, 400.0], [1474.75, 38112.0], [1475.0, 1372.0], [1475.5, 1364.0], [1475.75, 1369.0], [1476.0, 1382.0], [1476.25, 1357.0]]}}}
{"jsonrpc": "2.0", "method": "subscription", "params": {"channel": "book.ETH-11APR25.none.20.100ms", "data": {"timestamp": 1744144241104, "change_id": 64962425815, "instrument_name": "ETH-11APR25", "bids": [[1467.5, 4200.0], [1467.25, 4900.0], [1467.0, 19784.0], [1466.75, 2136.0], [1466.5, 27481.0], [1466.25, 2171.0], [1466.0, 2171.0], [1465.75, 2171.0], [1465.5, 2189.0], [1465.25, 2189.0], [1465.0, 2189.0], [1464.75, 2103.0], [1464.5, 2158.0], [1464.0, 2164.0], [1463.0, 7260.0], [1462.75, 92136.0], [1462.0, 2171.0], [1461.75, 17539.0], [1461.5, 26931.0], [1461.0, 2158.0]], "asks": [[1468.0, 6226.0], [1468.25, 6880.0], [1468.5, 12236.0], [1468.75, 2136.0], [1469.0, 2137.0], [1469.25, 2136.0], [1469.5, 26993.0], [1469.75, 2103.0], [1470.0, 2130.0], [1470.25, 19304.0], [1470.5, 2136.0], [1470.75, 2136.0], [1471.0, 27156.0], [1471.25, 2174.0], [1471.5, 141291.0], [1471.75, 2171.0], [1472.0, 2117.0], [1472.25, 2162.0], [1473.25, 51953.0], [1474.25, 2562.0]]}}}
{"jsonrpc": "2.0", "method": "subscription", "params": {"channel": "book.ETH-18APR25.none.20.100ms", "data": {"timestamp": 1744144241000, "change_id": 64962425681, "instrument_name": "ETH-18APR25", "bids": [[1468.25, 10000.0], [1468.0, 6163.0], [1467.75, 3582.0], [1467.5, 2600.0], [1467.25, 2600.0], [1467.0, 6153.0], [1466.25, 1356.0], [1465.75, 1372.0], [1465.5, 1372.0], [1465.0, 1376.0], [1463.75, 400.0], [1462.75, 1372.0], [1462.5, 6860.0], [1462.25, 20520.0], [1461.75, 1356.0], [1461.5, 1763.0], [1461.25, 1372.0], [1461.0, 1359.0], [1460.75, 1319.0], [1460.5, 23273.0]], "asks": [[1469.0, 2600.0], [1469.25, 13582.0], [1469.5, 2700.0], [1470.25, 3950.0], [1470.5, 10051.0], [1470.75, 3956.0], [1471.0, 20019.0], [1472.0, 1356.0], [1472.25, 1372.0], [1472.5, 1352.0], [1472.75, 39772.0], [1473.25, 1372.0], [1473.75, 39887.0], [1474.5, 400.0], [1474.75, 38112.0], [1475.0, 1372.0], [1475.5, 1364.0], [1475.75, 1369.0], [1476.0, 1382.0], [1476.25, 1357.0]]}}}
{"jsonrpc": "2.0", "method": "subscription", "params": {"channel": "book.ETH-11APR25.none.20.100ms", "data": {"timestamp": 1744144241402, "change_id": 64962426812, "instrument_name": "ETH-11APR25", "bids": [[1467.25, 10935.0], [1467.0, 17521.0], [1466.75, 10380.0], [1466.5, 28132.0], [1466.25, 2822.0], [1466.0, 2822.0], [1465.75, 2828.0], [1465.5, 2846.0], [1465.25, 2846.0], [1465.0, 2636.0], [1464.75, 2103.0], [1464.5, 2158.0], [1464.0, 2164.0], [1463.0, 7260.0], [1462.75, 92136.0], [1462.0, 2171.0], [1461.75, 17539.0], [1461.5, 26931.0], [1461.0, 2158.0], [1460.75, 52155.0]], "asks": [[1467.75, 8986.0], [1468.0, 13816.0], [1468.25, 21246.0], [1468.5, 17366.0], [1468.75, 2583.0], [1469.0, 2584.0], [1469.25, 10178.0], [1469.5, 27440.0], [1469.75, 2550.0], [1470.0, 7921.0], [1470.25, 19751.0], [1470.5, 2583.0], [1470.75, 10283.0], [1471.0, 27156.0], [1471.25, 2174.0], [1471.5, 141291.0], [1471.75, 2171.0], [1472.0, 2117.0], [1472.25, 2162.0], [1472.75, 400.0]]}}}
{"jsonrpc": "2.0", "method": "subscription", "params": {"channel": "book.ETH-18APR25.none.20.100ms", "data": {"timestamp": 1744144241395, "change_id": 64962426790, "instrument_name": "ETH-18APR25", "bids": [[1468.0, 9163.0], [1467.75, 12972.0], [1467.5, 2600.0], [1467.25, 2600.0], [1467.0, 1846.0], [1466.75, 6153.0], [1466.25, 1356.0], [1465.75, 1372.0], [1465.5, 1372.0], [1465.0, 1376.0], [1463.75, 400.0], [1462.75, 1372.0], [1462.5, 6860.0], [1462.25, 20520.0], [1461.75, 1356.0], [1461.5, 1763.0], [1461.25, 1372.0], [1461.0, 1359.0], [1460.75, 1319.0], [1460.5, 23273.0]], "asks": [[1468.75, 5572.0], [1469.0, 12600.0], [1469.25, 100.0], [1469.5, 2600.0], [1470.0, 1350.0], [1470.25, 3950.0], [1470.5, 10051.0], [1470.75, 3956.0], [1471.0, 20019.0], [1472.0, 1356.0], [1472.25, 1372.0], [1472.5, 1352.0], [1472.75, 39772.0], [1473.25, 1372.0], [1473.75, 39887.0], [1474.5, 400.0], [1474.75, 38112.0], [1475.0, 1372.0], [1475.5, 1364.0], [1475.75, 1369.0]]}}}
{"jsonrpc": "2.0", "method": "subscription", "params": {"channel": "book.ETH-11APR25.none.20.100ms", "data": {"timestamp": 1744144241603, "change_id": 64962427278, "instrument_name": "ETH-11APR25", "bids": [[1467.25, 10935.0], [1467.0, 17521.0], [1466.75, 10380.0], [1466.5, 28132.0], [1466.25, 2822.0], [1466.0, 2822.0], [1465.75, 2828.0], [1465.5, 2846.0], [1465.25, 2846.0], [1465.0, 2636.0], [1464.75, 2103.0], [1464.5, 2158.0], [1464.0, 2164.0], [1463.0, 7260.0], [1462.75, 92136.0], [1462.0, 2171.0], [1461.75, 17539.0], [1461.5, 26931.0], [1461.0, 2158.0], [1460.75, 52155.0]], "asks": [[1467.75, 7929.0], [1468.0, 14985.0], [1468.25, 21346.0], [1468.5, 17266.0], [1468.75, 2583.0], [1469.0, 2584.0], [1469.25, 10178.0], [1469.5, 27440.0], [1469.75, 2550.0], [1470.0, 7921.0], [1470.25, 19751.0], [1470.5, 2583.0], [1470.75, 10283.0], [1471.0, 27156.0], [1471.25, 2174.0], [1471.5, 141291.0], [1471.75, 2171.0], [1472.0, 2117.0], [1472.25, 2162.0], [1472.75, 400.0]]}}}
{"jsonrpc": "2.0", "method": "subscription", "params": {"channel": "book.ETH-18APR25.none.20.100ms", "data": {"timestamp": 1744144241514, "change_id": 64962427147, "instrument_name": "ETH-18APR25", "bids": [[1468.0, 13528.0], [1467.75, 13752.0], [1467.5, 3380.0], [1467.25, 2600.0], [1467.0, 1846.0], [1466.75, 6153.0], [1466.5, 407.0], [1466.25, 1356.0], [1466.0, 412.0], [1465.75, 1372.0], [1465.5, 1372.0], [1465.0, 1376.0], [1463.75, 400.0], [1462.75, 1372.0], [1462.5, 6860.0], [1462.25, 20520.0], [1461.75, 1356.0], [1461.5, 1763.0], [1461.25, 1372.0], [1461.0, 1359.0]], "asks": [[1468.5, 4272.0], [1468.75, 9352.0], [1469.0, 12600.0], [1469.25, 880.0], [1469.5, 2600.0], [1470.0, 1350.0], [1470.25, 3950.0], [1470.5, 10051.0], [1470.75, 3956.0], [1471.0, 20019.0], [1472.0, 1356.0], [1472.25, 1372.0], [1472.5, 1352.0], [1472.75, 39772.0], [1473.25, 1372.0], [1473.75, 39887.0], [1474.5, 400.0], [1474.75, 38112.0], [1475.0, 1372.0], [1475.5, 1364.0]]}}}
{"jsonrpc": "2.0", "method": "subscription", "params": {"channel": "book.ETH-18APR25.none.20.100ms", "data": {"timestamp": 1744144241982, "change_id": 64962427738, "instrument_name": "ETH-18APR25", "bids": [[1468.0, 9163.0], [1467.75, 12972.0], [1467.5, 780.0], [1467.25, 2600.0], [1467.0, 1846.0], [1466.75, 6153.0], [1466.5, 407.0], [1466.25, 1356.0], [1466.0, 412.0], [1465.75, 1784.0], [1465.5, 1372.0], [1465.0, 1376.0], [1463.75, 400.0], [1462.75, 1372.0], [1462.5, 6860.0], [1462.25, 20520.0], [1461.75, 1356.0], [1461.5, 1763.0], [1461.25, 1372.0], [1461.0, 1359.0]], "asks": [[1468.5, 4272.0], [1468.75, 9352.0], [1469.0, 12600.0], [1469.25, 100.0], [1469.75, 405.0], [1470.0, 2535.0], [1470.25, 6965.0], [1470.5, 11238.0], [1470.75, 9962.0], [1471.0, 20019.0], [1471.75, 407.0], [1472.0, 1356.0], [1472.25, 1372.0], [1472.5, 1352.0], [1472.75, 39772.0], [1473.25, 1372.0], [1473.75, 39887.0], [1474.5, 400.0], [1474.75, 38112.0], [1475.0, 1372.0]]}}}
{"jsonrpc": "2.0", "method": "subscription", "params": {"channel": "book.ETH-18APR25.none.20.100ms", "data": {"timestamp": 1744144242400, "change_id": 64962428150, "instrument_name": "ETH-18APR25", "bids": [[1468.0, 14083.0], [1467.75, 27651.0], [1467.5, 780.0], [1467.25, 2600.0], [1467.0, 1846.0], [1466.75, 6153.0], [1466.5, 407.0], [1466.25, 1356.0], [1466.0, 412.0], [1465.75, 1784.0], [1465.5, 1372.0], [1465.0, 1376.0], [1463.75, 400.0], [1462.75, 1372.0], [1462.5, 6860.0], [1462.25, 20520.0], [1461.75, 1356.0], [1461.5, 1763.0], [1461.25, 1372.0], [1461.0, 1359.0]], "asks": [[1468.5, 4272.0], [1468.75, 9352.0], [1469.0, 12600.0], [1469.25, 100.0], [1469.75, 405.0], [1470.0, 2535.0], [1470.25, 6965.0], [1470.5, 11238.0], [1470.75, 9962.0], [1471.0, 20019.0], [1471.75, 407.0], [1472.0, 1356.0], [1472.25, 1372.0], [1472.5, 1352.0], [1472.75, 39772.0], [1473.25, 1372.0], [1473.75, 39887.0], [1474.5, 400.0], [1474.75, 38112.0], [1475.0, 1372.0]]}}}
{"jsonrpc": "2.0", "method": "subscription", "params": {"channel": "book.ETH-11APR25.none.20.100ms", "data": {"timestamp": 1744144242619, "change_id": 64962428390, "instrument_name": "ETH-11APR25", "bids": [[1467.25, 10935.0], [1467.0, 17521.0], [1466.75, 10380.0], [1466.5, 28132.0], [1466.25, 2822.0], [1466.0, 2822.0], [1465.75, 2828.0], [1465.5, 2846.0], [1465.25, 2846.0], [1465.0, 2636.0], [1464.75, 2103.0], [1464.5, 2158.0], [1464.0, 2164.0], [1463.0, 7260.0], [1462.75, 92136.0], [1462.0, 2171.0], [1461.75, 17539.0], [1461.5, 26931.0], [1461.0, 2158.0], [1460.75, 52155.0]], "asks": [[1467.75, 7929.0], [1468.0, 14985.0], [1468.25, 16773.0], [1468.5, 2583.0], [1468.75, 2583.0], [1469.0, 2584.0], [1469.25, 10178.0], [1469.5, 27440.0], [1469.75, 2550.0], [1470.0, 7921.0], [1470.25, 19751.0], [1470.5, 2583.0], [1470.75, 10283.0], [1471.0, 27156.0], [1471.25, 2174.0], [1471.5, 141291.0], [1471.75, 2171.0], [1472.0, 2117.0], [1472.25, 2162.0], [1472.75, 400.0]]}}}
{"jsonrpc": "2.0", "method": "subscription", "params": {"channel": "book.ETH-18APR25.none.20.100ms", "data": {"timestamp": 1744144242868, "change_id": 64962428500, "instrument_name": "ETH-18APR25", "bids": [[1468.0, 14083.0], [1467.75, 27891.0], [1467.5, 1580.0], [1467.25, 2600.0], [1467.0, 1846.0], [1466.75, 6153.0], [1466.5, 407.0], [1466.25, 1356.0], [1466.0, 412.0], [1465.75, 1784.0], [1465.5, 1372.0], [1465.0, 1376.0], [1463.75, 400.0], [1462.75, 1372.0], [1462.5, 6860.0], [1462.25, 20520.0], [1461.75, 1356.0], [1461.5, 1763.0], [1461.25, 1372.0], [1461.0, 1359.0]], "asks": [[1468.5, 4272.0], [1468.75, 9352.0], [1469.0, 12600.0], [1469.25, 100.0], [1469.5, 780.0], [1469.75, 3005.0], [1470.0, 2535.0], [1470.25, 6965.0], [1470.5, 11238.0], [1470.75, 9962.0], [1471.0, 20019.0], [1471.75, 407.0], [1472.0, 1356.0], [1472.25, 1372.0], [1472.5, 1352.0], [1472.75, 39772.0], [1473.25, 1372.0], [1473.75, 39887.0], [1474.5, 400.0], [1474.75, 38112.0]]}}}
{"jsonrpc": "2.0", "method": "subscription", "params": {"channel": "book.ETH-11APR25.none.20.100ms", "data": {"timestamp": 1744144243326, "change_id": 64962429478, "instrument_name": "ETH-11APR25", "bids": [[1467.25, 100.0], [1467.0, 15578.0], [1466.75, 6356.0], [1466.5, 10309.0], [1466.25, 28167.0], [1466.0, 2822.0], [1465.75, 2828.0], [1465.5, 2846.0], [1465.25, 2846.0], [1465.0, 2636.0], [1464.75, 2103.0], [1464.5, 2158.0], [1464.0, 2164.0], [1463.0, 7260.0], [1462.75, 92136.0], [1462.0, 2171.0], [1461.75, 17539.0], [1461.5, 26931.0], [1461.0, 2158.0], [1460.75, 52155.0]], "asks": [[1467.5, 4100.0], [1467.75, 15736.0], [1468.0, 20736.0], [1468.25, 6773.0], [1468.5, 2583.0], [1468.75, 2583.0], [1469.0, 2584.0], [1469.25, 10178.0], [1469.5, 27440.0], [1469.75, 2550.0], [1470.0, 7921.0], [1470.25, 19751.0], [1470.5, 2583.0], [1470.75, 10283.0], [1471.0, 27156.0], [1471.25, 2174.0], [1471.5, 141291.0], [1471.75, 2171.0], [1472.0, 2117.0], [1472.25, 2162.0]]}}}
{"jsonrpc": "2.0", "method": "subscription", "params": {"channel": "book.ETH-18APR25.none.20.100ms", "data": {"timestamp": 1744144243251, "change_id": 64962429531, "instrument_name": "ETH-18APR25", "bids": [[1468.0, 3100.0], [1467.75, 12813.0], [1467.5, 10615.0], [1467.25, 2600.0], [1467.0, 1846.0], [1466.75, 6153.0], [1466.5, 407.0], [1466.25, 1356.0], [1466.0, 412.0], [1465.75, 1784.0], [1465.5, 1372.0], [1465.0, 1376.0], [1463.75, 400.0], [1462.75, 1372.0], [1462.5, 6860.0], [1462.25, 20520.0], [1461.75, 1356.0], [1461.5, 1763.0], [1461.25, 1372.0], [1461.0, 1359.0]], "asks": [[1468.5, 6352.0], [1468.75, 6380.0], [1469.0, 12700.0], [1469.5, 1088.0], [1469.75, 4355.0], [1470.0, 2535.0], [1470.25, 6965.0], [1470.5, 11238.0], [1470.75, 9962.0], [1471.0, 20019.0], [1471.75, 407.0], [1472.0, 1356.0], [1472.25, 1372.0], [1472.5, 1352.0], [1472.75, 39772.0], [1473.25, 1372.0], [1473.75, 39887.0], [1474.5, 400.0], [1474.75, 38112.0], [1475.0, 1372.0]]}}}
{"jsonrpc": "2.0", "method": "subscription", "params": {"channel": "book.ETH-11APR25.none.20.100ms", "data": {"timestamp": 1744144243683, "change_id": 64962430007, "instrument_name": "ETH-11APR25", "bids": [[1467.25, 100.0], [1467.0, 15578.0], [1466.75, 6356.0], [1466.5, 10309.0], [1466.25, 28167.0], [1466.0, 2822.0], [1465.75, 2828.0], [1465.5, 2846.0], [1465.25, 9059.0], [1465.0, 23621.0], [1464.75, 2103.0], [1464.5, 2158.0], [1464.0, 2164.0], [1463.0, 7260.0], [1462.75, 92136.0], [1462.0, 2171.0], [1461.75, 17539.0], [1461.5, 26931.0], [1461.0, 2158.0], [1460.75, 52155.0]], "asks": [[1467.5, 4100.0], [1467.75, 15736.0], [1468.0, 20736.0], [1468.25, 6773.0], [1468.5, 2583.0], [1468.75, 2583.0], [1469.0, 2584.0], [1469.25, 10178.0], [1469.5, 27440.0], [1469.75, 2550.0], [1470.0, 7921.0], [1470.25, 19751.0], [1470.5, 2583.0], [1470.75, 10283.0], [1471.0, 27156.0], [1471.25, 2174.0], [1471.5, 141291.0], [1471.75, 2171.0], [1472.0, 2117.0], [1472.25, 2162.0]]}}}
