{"jsonrpc": "2.0", "id": 1, "result": ["book.ETH-6FEB26.none.20.100ms"], "usIn": 1769268280074981, "usOut": 1769268280075126, "usDiff": 145, "testnet": false}
{"jsonrpc": "2.0", "method": "subscription", "params": {"channel": "book.ETH-6FEB26.none.20.100ms", "data": {"timestamp": 1769268279737, "change_id": 105977925788, "instrument_name": "ETH-6FEB26", "bids": [[2962.25, 3530.0], [2961.5, 625.0], [2961.25, 56.0], [2960.75, 1777.0], [2960.5, 6903.0], [2960.25, 6870.0], [2958.0, 345.0], [2957.75, 1493.0], [2957.5, 5003.0], [2957.25, 206.0], [2957.0, 690.0], [2956.5, 50.0], [2956.25, 4363.0], [2956.0, 14616.0], [2954.25, 69410.0], [2953.75, 400.0], [2951.75, 30115.0], [2949.0, 40000.0], [2946.25, 30759.0], [2944.75, 40000.0]], "asks": [[2962.5, 625.0], [2963.0, 1100.0], [2963.25, 3530.0], [2963.5, 8.0], [2964.25, 328.0], [2964.5, 1100.0], [2964.75, 328.0], [2965.0, 1100.0], [2965.25, 50.0], [2965.5, 5.0], [2966.5, 3331.0], [2966.75, 16285.0], [2967.0, 15067.0], [2967.25, 1000.0], [2971.5, 29957.0], [2971.75, 400.0], [2972.25, 41000.0], [2972.5, 6.0], [2972.75, 30688.0], [2976.75, 29347.0]]}}}
{"jsonrpc": "2.0", "method": "subscription", "params": {"channel": "book.ETH-6FEB26.none.20.100ms", "data": {"timestamp": 1769268280662, "change_id": 105977926597, "instrument_name": "ETH-6FEB26", "bids": [[2962.25, 3530.0], [2961.5, 625.0], [2961.25, 56.0], [2961.0, 1100.0], [2960.75, 1777.0], [2960.5, 6903.0], [2960.25, 6870.0], [2958.0, 345.0], [2957.75, 1493.0], [2957.5, 5003.0], [2957.25, 206.0], [2957.0, 690.0], [2956.5, 50.0], [2956.25, 4363.0], [2956.0, 14616.0], [2954.25, 69410.0], [2953.75, 400.0], [2951.75, 30115.0], [2949.0, 40000.0], [2946.25, 30759.0]], "asks": [[2962.5, 625.0], [2963.0, 1100.0], [2963.25, 3530.0], [2963.5, 8.0], [2964.25, 328.0], [2964.5, 1100.0], [2964.75, 328.0], [2965.0, 1100.0], [2965.25, 50.0], [2965.5, 5.0], [2966.5, 3331.0], [2966.75, 16285.0], [2967.0, 15067.0], [2967.25, 1000.0], [2971.5, 29957.0], [2971.75, 400.0], [2972.25, 41000.0], [2972.5, 6.0], [2972.75, 30688.0], [2976.75, 29347.0]]}}}
{"jsonrpc": "2.0", "method": "subscription", "params": {"channel": "book.ETH-6FEB26.none.20.100ms", "data": {"timestamp": 1769268281701, "change_id": 105977927496, "instrument_name": "ETH-6FEB26", "bids": [[2962.25, 13750.0], [2961.5, 625.0], [2961.25, 56.0], [2960.75, 1777.0], [2960.5, 6903.0], [2960.25, 6870.0], [2958.0, 345.0], [2957.75, 1493.0], [2957.5, 5003.0], [2957.25, 206.0], [2957.0, 690.0], [2956.5, 50.0], [2956.25, 4363.0], [2956.0, 14616.0], [2954.25, 69410.0], [2953.75, 400.0], [2951.75, 30115.0], [2949.0, 40000.0], [2946.25, 30759.0], [2944.75, 40000.0]], "asks": [[2962.5, 625.0], [2963.0, 2154.0], [2963.25, 3530.0], [2963.5, 8.0], [2964.25, 328.0], [2964.5, 1100.0], [2964.75, 328.0], [2965.0, 1100.0], [2965.25, 50.0], [2965.5, 5.0], [2966.5, 3331.0], [2966.75, 16285.0], [2967.0, 15067.0], [2967.25, 1000.0], [2971.5, 29957.0], [2971.75, 400.0], [2972.25, 41000.0], [2972.5, 6.0], [2972.75, 30688.0], [2976.75, 29347.0]]}}}
{"jsonrpc": "2.0", "method": "subscription", "params": {"channel": "book.ETH-6FEB26.none.20.100ms", "data": {"timestamp": 1769268281848, "change_id": 105977927676, "instrument_name": "ETH-6FEB26", "bids": [[2962.25, 3530.0], [2961.5, 625.0], [2961.25, 56.0], [2960.75, 1777.0], [2960.5, 6903.0], [2960.25, 6870.0], [2958.0, 345.0], [2957.75, 1493.0], [2957.5, 5003.0], [2956.5, 50.0], [2956.25, 4363.0], [2956.0, 14616.0], [2954.25, 69410.0], [2953.75, 400.0], [2951.75, 30115.0], [2949.0, 40000.0], [2946.25, 30759.0], [2944.75, 40000.0], [2940.5, 30335.0], [2940.0, 25.0]], "asks": [[2962.5, 625.0], [2963.0, 2154.0], [2963.25, 3530.0], [2963.5, 8.0], [2964.25, 328.0], [2964.5, 1100.0], [2964.75, 328.0], [2965.0, 1100.0], [2965.25, 50.0], [2965.5, 5.0], [2966.5, 3331.0], [2966.75, 16285.0], [2967.0, 15067.0], [2967.25, 1000.0], [2971.5, 29957.0], [2971.75, 400.0], [2972.25, 41000.0], [2972.5, 6.0], [2972.75, 30688.0], [2976.75, 29347.0]]}}}
{"jsonrpc": "2.0", "method": "subscription", "params": {"channel": "book.ETH-6FEB26.none.20.100ms", "data": {"timestamp": 1769268282216, "change_id": 105977927979, "instrument_name": "ETH-6FEB26", "bids": [[2962.25, 3530.0], [2961.5, 625.0], [2961.25, 56.0], [2960.75, 1777.0], [2960.5, 6903.0], [2960.25, 6870.0], [2958.0, 345.0], [2957.75, 1493.0], [2957.5, 5003.0], [2956.5, 50.0], [2956.25, 4363.0], [2956.0, 14616.0], [2954.25, 69410.0], [2953.75, 400.0], [2951.75, 30115.0], [2949.0, 40000.0], [2946.25, 30759.0], [2944.75, 40000.0], [2940.5, 30335.0], [2940.0, 25.0]], "asks": [[2962.5, 625.0], [2963.0, 1100.0], [2963.25, 1056.0], [2963.5, 3538.0], [2964.25, 328.0], [2964.5, 1100.0], [2964.75, 328.0], [2965.0, 1100.0], [2965.25, 50.0], [2965.5, 5.0], [2966.5, 3331.0], [2966.75, 16285.0], [2967.0, 15067.0], [2967.25, 1000.0], [2971.5, 29957.0], [2971.75, 400.0], [2972.25, 41000.0], [2972.5, 6.0], [2972.75, 30688.0], [2976.75, 29347.0]]}}}
{"jsonrpc": "2.0", "method": "subscription", "params": {"channel": "book.ETH-6FEB26.none.20.100ms", "data": {"timestamp": 1769268282736, "change_id": 105977928348, "instrument_name": "ETH-6FEB26", "bids": [[2962.25, 13750.0], [2961.5, 625.0], [2961.25, 384.0], [2961.0, 1100.0], [2960.75, 1777.0], [2960.5, 6903.0], [2960.25, 6870.0], [2958.25, 1596.0], [2958.0, 5348.0], [2956.5, 50.0], [2956.25, 4363.0], [2956.0, 14616.0], [2954.25, 69410.0], [2953.75, 400.0], [2951.75, 30115.0], [2949.0, 40000.0], [2946.25, 30759.0], [2944.75, 40000.0], [2940.5, 30335.0], [2940.0, 25.0]], "asks": [[2962.5, 625.0], [2963.0, 1100.0], [2963.25, 1056.0], [2963.5, 3538.0], [2964.25, 328.0], [2964.5, 1100.0], [2964.75, 328.0], [2965.0, 1100.0], [2965.25, 50.0], [2965.5, 5.0], [2966.5, 3331.0], [2966.75, 16285.0], [2967.0, 15067.0], [2967.25, 1000.0], [2971.5, 29957.0], [2971.75, 400.0], [2972.25, 41000.0], [2972.5, 6.0], [2972.75, 30688.0], [2976.75, 29347.0]]}}}
{"jsonrpc": "2.0", "method": "subscription", "params": {"channel": "book.ETH-6FEB26.none.20.100ms", "data": {"timestamp": 1769268282943, "change_id": 105977928654, "instrument_name": "ETH-6FEB26", "bids": [[2962.25, 3530.0], [2961.5, 625.0], [2961.25, 384.0], [2961.0, 1100.0], [2960.75, 1777.0], [2960.5, 6903.0], [2960.25, 6870.0], [2958.25, 1596.0], [2958.0, 5348.0], [2956.5, 50.0], [2956.25, 4363.0], [2956.0, 14616.0], [2954.25, 69410.0], [2953.75, 400.0], [2951.75, 30115.0], [2949.0, 40000.0], [2946.25, 30759.0], [2944.75, 40000.0], [2940.5, 30335.0], [2940.0, 25.0]], "asks": [[2962.5, 625.0], [2963.0, 1100.0], [2963.25, 1056.0], [2963.5, 3538.0], [2964.25, 328.0], [2964.5, 1100.0], [2964.75, 328.0], [2965.0, 1100.0], [2965.25, 50.0], [2965.5, 5.0], [2966.5, 3331.0], [2966.75, 16285.0], [2967.0, 15067.0], [2967.25, 1000.0], [2971.5, 29957.0], [2971.75, 400.0], [2972.25, 41000.0], [2972.5, 6.0], [2972.75, 30688.0], [2976.75, 29347.0]]}}}
{"jsonrpc": "2.0", "method": "subscription", "params": {"channel": "book.ETH-6FEB26.none.20.100ms", "data": {"timestamp": 1769268284640, "change_id": 105977929975, "instrument_name": "ETH-6FEB26", "bids": [[2962.25, 3530.0], [2961.5, 625.0], [2961.25, 384.0], [2961.0, 1100.0], [2960.75, 1777.0], [2960.5, 6903.0], [2960.25, 6870.0], [2958.25, 1596.0], [2958.0, 5348.0], [2956.5, 50.0], [2956.25, 4363.0], [2956.0, 14616.0], [2954.25, 69410.0], [2953.75, 400.0], [2951.75, 30115.0], [2949.0, 40000.0], [2946.25, 30759.0], [2944.75, 40000.0], [2940.5, 30335.0], [2940.0, 25.0]], "asks": [[2962.5, 625.0], [2963.0, 1309.0], [2963.25, 1756.0], [2963.5, 3538.0], [2964.25, 328.0], [2964.5, 1100.0], [2964.75, 328.0], [2965.0, 1100.0], [2965.25, 50.0], [2965.5, 5.0], [2966.5, 3331.0], [2966.75, 16285.0], [2967.0, 15067.0], [2967.25, 1000.0], [2971.5, 29957.0], [2971.75, 400.0], [2972.25, 41000.0], [2972.5, 6.0], [2972.75, 30688.0], [2976.75, 29347.0]]}}}
{"jsonrpc": "2.0", "method": "subscription", "params": {"channel": "book.ETH-6FEB26.none.20.100ms", "data": {"timestamp": 1769268285180, "change_id": 105977930485, "instrument_name": "ETH-6FEB26", "bids": [[2962.25, 13750.0], [2961.5, 625.0], [2961.25, 384.0], [2961.0, 1100.0], [2960.75, 1777.0], [2960.5, 6903.0], [2960.25, 6870.0], [2958.25, 1596.0], [2958.0, 5348.0], [2956.5, 50.0], [2956.25, 4363.0], [2956.0, 14616.0], [2954.25, 69410.0], [2953.75, 400.0], [2951.75, 30115.0], [2949.0, 40000.0], [2946.25, 30759.0], [2944.75, 40000.0], [2940.5, 30335.0], [2940.0, 25.0]], "asks": [[2962.5, 625.0], [2963.0, 1309.0], [2963.25, 1756.0], [2963.5, 3538.0], [2964.25, 328.0], [2964.5, 1100.0], [2964.75, 328.0], [2965.0, 1100.0], [2965.25, 50.0], [2965.5, 5.0], [2966.5, 3331.0], [2966.75, 16285.0], [2967.0, 15067.0], [2967.25, 1000.0], [2971.5, 29957.0], [2971.75, 400.0], [2972.25, 41000.0], [2972.5, 6.0], [2972.75, 30688.0], [2976.75, 29347.0]]}}}
{"jsonrpc": "2.0", "method": "subscription", "params": {"channel": "book.ETH-6FEB26.none.20.100ms", "data": {"timestamp": 1769268285468, "change_id": 105977930646, "instrument_name": "ETH-6FEB26", "bids": [[2962.25, 3530.0], [2961.5, 625.0], [2961.25, 384.0], [2961.0, 1100.0], [2960.75, 1777.0], [2960.5, 6903.0], [2960.25, 6870.0], [2958.25, 1596.0], [2958.0, 5348.0], [2956.5, 50.0], [2956.25, 4363.0], [2956.0, 14616.0], [2954.25, 69410.0], [2953.75, 400.0], [2951.75, 30115.0], [2949.0, 40000.0], [2946.25, 30759.0], [2944.75, 40000.0], [2940.5, 30335.0], [2940.0, 25.0]], "asks": [[2962.5, 625.0], [2963.0, 1309.0], [2963.25, 1756.0], [2963.5, 3538.0], [2964.25, 328.0], [2964.5, 1100.0], [2964.75, 328.0], [2965.0, 1100.0], [2965.25, 50.0], [2965.5, 5.0], [2966.5, 3331.0], [2966.75, 16285.0], [2967.0, 15067.0], [2967.25, 1000.0], [2971.5, 29957.0], [2971.75, 400.0], [2972.25, 41000.0], [2972.5, 6.0], [2972.75, 30688.0], [2976.75, 29347.0]]}}}
{"jsonrpc": "2.0", "method": "subscription", "params": {"channel": "book.ETH-6FEB26.none.20.100ms", "data": {"timestamp": 1769268285737, "change_id": 105977930844, "instrument_name": "ETH-6FEB26", "bids": [[2962.25, 3530.0], [2961.5, 625.0], [2961.25, 384.0], [2961.0, 1100.0], [2960.75, 1777.0], [2960.5, 6903.0], [2960.25, 6870.0], [2958.0, 345.0], [2957.0, 1493.0], [2956.75, 5003.0], [2956.5, 50.0], [2956.25, 4363.0], [2956.0, 14616.0], [2954.25, 69410.0], [2953.75, 400.0], [2951.75, 30115.0], [2949.0, 40000.0], [2946.25, 30759.0], [2944.75, 40000.0], [2940.5, 30335.0]], "asks": [[2962.5, 625.0], [2963.0, 1309.0], [2963.25, 1756.0], [2963.5, 3538.0], [2964.25, 328.0], [2964.5, 1100.0], [2964.75, 328.0], [2965.0, 1100.0], [2965.25, 50.0], [2965.5, 5.0], [2966.5, 3331.0], [2966.75, 16285.0], [2967.0, 15067.0], [2967.25, 1000.0], [2971.5, 29957.0], [2971.75, 400.0], [2972.25, 41000.0], [2972.5, 6.0], [2972.75, 30688.0], [2976.75, 29347.0]]}}}
{"jsonrpc": "2.0", "method": "subscription", "params": {"channel": "book.ETH-6FEB26.none.20.100ms", "data": {"timestamp": 1769268286231, "change_id": 105977931326, "instrument_name": "ETH-6FEB26", "bids": [[2962.25, 13750.0], [2961.5, 625.0], [2961.25, 384.0], [2961.0, 1100.0], [2960.75, 1777.0], [2960.5, 6903.0], [2960.25, 6870.0], [2958.0, 345.0], [2957.0, 1493.0], [2956.75, 5003.0], [2956.5, 50.0], [2956.25, 4363.0], [2956.0, 14616.0], [2954.25, 69410.0], [2953.75, 400.0], [2951.75, 30115.0], [2949.0, 40000.0], [2946.25, 30759.0], [2944.75, 40000.0], [2940.5, 30335.0]], "asks": [[2962.5, 625.0], [2963.0, 1309.0], [2963.25, 1756.0], [2963.5, 3538.0], [2964.25, 328.0], [2964.5, 1100.0], [2964.75, 328.0], [2965.0, 1100.0], [2965.25, 50.0], [2965.5, 5.0], [2966.5, 3331.0], [2966.75, 16285.0], [2967.0, 15067.0], [2967.25, 1000.0], [2971.5, 29957.0], [2971.75, 400.0], [2972.25, 41000.0], [2972.5, 6.0], [2972.75, 30688.0], [2976.75, 29347.0]]}}}
{"jsonrpc": "2.0", "method": "subscription", "params": {"channel": "book.ETH-6FEB26.none.20.100ms", "data": {"timestamp": 1769268286686, "change_id": 105977931648, "instrument_name": "ETH-6FEB26", "bids": [[2962.25, 13750.0], [2961.5, 625.0], [2961.25, 56.0], [2960.75, 1777.0], [2960.5, 6903.0], [2960.25, 6870.0], [2958.0, 345.0], [2957.0, 1493.0], [2956.75, 5003.0], [2956.5, 50.0], [2956.25, 4363.0], [2956.0, 14616.0], [2954.25, 69410.0], [2953.75, 400.0], [2951.75, 30115.0], [2949.0, 40000.0], [2946.25, 30759.0], [2944.75, 40000.0], [2940.5, 30335.0], [2940.0, 25.0]], "asks": [[2962.5, 625.0], [2963.0, 1309.0], [2963.25, 1756.0], [2963.5, 3538.0], [2964.25, 328.0], [2964.5, 1100.0], [2964.75, 328.0], [2965.0, 1100.0], [2965.25, 50.0], [2965.5, 5.0], [2966.5, 3331.0], [2966.75, 16285.0], [2967.0, 15067.0], [2967.25, 1000.0], [2971.5, 29957.0], [2971.75, 400.0], [2972.25, 41000.0], [2972.5, 6.0], [2972.75, 30688.0], [2976.75, 29347.0]]}}}
{"jsonrpc": "2.0", "method": "subscription", "params": {"channel": "book.ETH-6FEB26.none.20.100ms", "data": {"timestamp": 1769268286728, "change_id": 105977931658, "instrument_name": "ETH-6FEB26", "bids": [[2962.25, 3530.0], [2961.5, 625.0], [2961.25, 56.0], [2960.75, 1777.0], [2960.5, 6903.0], [2960.25, 6870.0], [2958.0, 345.0], [2957.0, 1493.0], [2956.75, 5003.0], [2956.5, 50.0], [2956.25, 4363.0], [2956.0, 14616.0], [2954.25, 69410.0], [2953.75, 400.0], [2951.75, 30115.0], [2949.0, 40000.0], [2946.25, 30759.0], [2944.75, 40000.0], [2940.5, 30335.0], [2940.0, 25.0]], "asks": [[2962.5, 625.0], [2963.0, 1309.0], [2963.25, 1756.0], [2963.5, 3538.0], [2964.25, 328.0], [2964.5, 1100.0], [2964.75, 328.0], [2965.0, 1100.0], [2965.25, 50.0], [2965.5, 5.0], [2966.5, 3331.0], [2966.75, 16285.0], [2967.0, 15067.0], [2967.25, 1000.0], [2971.5, 29957.0], [2971.75, 400.0], [2972.25, 41000.0], [2972.5, 6.0], [2972.75, 30688.0], [2976.75, 29347.0]]}}}
{"jsonrpc": "2.0", "method": "subscription", "params": {"channel": "book.ETH-6FEB26.none.20.100ms", "data": {"timestamp": 1769268287607, "change_id": 105977932247, "instrument_name": "ETH-6FEB26", "bids": [[2962.25, 3530.0], [2961.5, 625.0], [2961.25, 384.0], [2961.0, 1100.0], [2960.75, 1777.0], [2960.5, 6903.0], [2960.25, 6870.0], [2958.0, 345.0], [2957.0, 1493.0], [2956.75, 5003.0], [2956.5, 50.0], [2956.25, 4363.0], [2956.0, 14616.0], [2954.25, 69410.0], [2953.75, 400.0], [2951.75, 30115.0], [2949.0, 40000.0], [2946.25, 30759.0], [2944.75, 40000.0], [2940.5, 30335.0]], "asks": [[2962.5, 625.0], [2963.0, 1309.0], [2963.25, 1756.0], [2963.5, 3538.0], [2964.25, 328.0], [2964.5, 1100.0], [2964.75, 328.0], [2965.0, 1100.0], [2965.25, 50.0], [2965.5, 5.0], [2966.5, 3331.0], [2966.75, 16285.0], [2967.0, 15067.0], [2967.25, 1000.0], [2971.5, 29957.0], [2971.75, 400.0], [2972.25, 41000.0], [2972.5, 6.0], [2972.75, 30688.0], [2976.75, 29347.0]]}}}
{"jsonrpc": "2.0", "method": "subscription", "params": {"channel": "book.ETH-6FEB26.none.20.100ms", "data": {"timestamp": 1769268288889, "change_id": 105977933367, "instrument_name": "ETH-6FEB26", "bids": [[2962.25, 3530.0], [2961.5, 625.0], [2961.25, 384.0], [2961.0, 1100.0], [2960.75, 1777.0], [2960.5, 6903.0], [2960.25, 6870.0], [2958.0, 345.0], [2957.5, 1493.0], [2957.25, 5003.0], [2956.5, 50.0], [2956.25, 4363.0], [2956.0, 14616.0], [2954.25, 69410.0], [2953.75, 400.0], [2951.75, 30115.0], [2949.0, 40000.0], [2946.25, 30759.0], [2944.75, 40000.0], [2940.5, 30335.0]], "asks": [[2962.5, 625.0], [2963.0, 2336.0], [2963.25, 4230.0], [2963.5, 8.0], [2964.25, 328.0], [2964.5, 1100.0], [2964.75, 328.0], [2965.0, 1100.0], [2965.25, 50.0], [2965.5, 5.0], [2966.5, 3331.0], [2966.75, 16285.0], [2967.0, 15067.0], [2967.25, 1000.0], [2971.5, 29957.0], [2971.75, 400.0], [2972.25, 41000.0], [2972.5, 6.0], [2972.75, 30688.0], [2976.75, 29347.0]]}}}
{"jsonrpc": "2.0", "method": "subscription", "params": {"channel": "book.ETH-6FEB26.none.20.100ms", "data": {"timestamp": 1769268289174, "change_id": 105977933635, "instrument_name": "ETH-6FEB26", "bids": [[2962.25, 13750.0], [2961.5, 625.0], [2961.25, 384.0], [2961.0, 1100.0], [2960.75, 1777.0], [2960.5, 6903.0], [2960.25, 6870.0], [2958.0, 345.0], [2957.5, 1493.0], [2957.25, 5003.0], [2956.5, 50.0], [2956.25, 4363.0], [2956.0, 14616.0], [2954.25, 69410.0], [2953.75, 400.0], [2951.75, 30115.0], [2949.0, 40000.0], [2946.25, 30759.0], [2944.75, 40000.0], [2940.5, 30335.0]], "asks": [[2962.5, 625.0], [2963.0, 2336.0], [2963.25, 4230.0], [2963.5, 8.0], [2964.25, 328.0], [2964.5, 1100.0], [2964.75, 328.0], [2965.0, 1100.0], [2965.25, 50.0], [2965.5, 5.0], [2966.5, 3331.0], [2966.75, 16285.0], [2967.0, 15067.0], [2967.25, 1000.0], [2971.5, 29957.0], [2971.75, 400.0], [2972.25, 41000.0], [2972.5, 6.0], [2972.75, 30688.0], [2976.75, 29347.0]]}}}
{"jsonrpc": "2.0", "method": "subscription", "params": {"channel": "book.ETH-6FEB26.none.20.100ms", "data": {"timestamp": 1769268289889, "change_id": 105977934126, "instrument_name": "ETH-6FEB26", "bids": [[2962.25, 3530.0], [2961.5, 625.0], [2961.25, 384.0], [2961.0, 1100.0], [2960.75, 1777.0], [2960.5, 6903.0], [2960.25, 6870.0], [2958.0, 345.0], [2957.5, 1493.0], [2957.25, 5003.0], [2956.5, 50.0], [2956.25, 4363.0], [2956.0, 14616.0], [2954.25, 69410.0], [2953.75, 400.0], [2951.75, 30115.0], [2949.0, 40000.0], [2946.25, 30759.0], [2944.75, 40000.0], [2940.5, 30335.0]], "asks": [[2962.5, 625.0], [2963.0, 2336.0], [2963.25, 4230.0], [2963.5, 8.0], [2964.25, 328.0], [2964.5, 1100.0], [2964.75, 328.0], [2965.0, 1100.0], [2965.25, 50.0], [2965.5, 5.0], [2966.5, 3331.0], [2966.75, 16285.0], [2967.0, 15067.0], [2967.25, 1000.0], [2971.5, 29957.0], [2971.75, 400.0], [2972.25, 41000.0], [2972.5, 6.0], [2972.75, 30688.0], [2976.75, 29347.0]]}}}
{"jsonrpc": "2.0", "method": "subscription", "params": {"channel": "book.ETH-6FEB26.none.20.100ms", "data": {"timestamp": 1769268290232, "change_id": 105977934456, "instrument_name": "ETH-6FEB26", "bids": [[2962.25, 13750.0], [2961.5, 625.0], [2961.25, 384.0], [2961.0, 1100.0], [2960.75, 1777.0], [2960.5, 4852.0], [2959.25, 2056.0], [2959.0, 6888.0], [2958.0, 345.0], [2957.5, 1493.0], [2957.25, 5003.0], [2956.5, 50.0], [2956.25, 4363.0], [2956.0, 14616.0], [2954.25, 69410.0], [2953.75, 400.0], [2951.75, 30115.0], [2949.0, 40000.0], [2946.25, 30759.0], [2944.75, 40000.0]], "asks": [[2962.5, 625.0], [2963.0, 2336.0], [2963.25, 4230.0], [2963.5, 8.0], [2964.25, 328.0], [2964.5, 1100.0], [2964.75, 328.0], [2965.0, 1100.0], [2965.25, 50.0], [2965.5, 5.0], [2966.5, 3331.0], [2966.75, 16285.0], [2967.0, 15067.0], [2967.25, 1000.0], [2971.5, 29957.0], [2971.75, 400.0], [2972.25, 41000.0], [2972.5, 6.0], [2972.75, 30688.0], [2976.75, 29347.0]]}}}
{"jsonrpc": "2.0", "method": "subscription", "params": {"channel": "book.ETH-6FEB26.none.20.100ms", "data": {"timestamp": 1769268290735, "change_id": 105977934792, "instrument_name": "ETH-6FEB26", "bids": [[2962.25, 3530.0], [2961.5, 625.0], [2961.25, 384.0], [2961.0, 1100.0], [2960.75, 1777.0], [2960.5, 4852.0], [2959.25, 2056.0], [2959.0, 6888.0], [2958.0, 345.0], [2957.5, 1493.0], [2957.25, 5003.0], [2956.5, 50.0], [2956.25, 4363.0], [2956.0, 14616.0], [2954.25, 69410.0], [2953.75, 400.0], [2951.75, 30115.0], [2949.0, 40000.0], [2946.25, 30759.0], [2944.75, 40000.0]], "asks": [[2962.5, 625.0], [2963.0, 2336.0], [2963.25, 4230.0], [2963.5, 8.0], [2964.25, 328.0], [2964.5, 1100.0], [2964.75, 328.0], [2965.0, 1100.0], [2965.25, 50.0], [2965.5, 5.0], [2966.5, 3331.0], [2966.75, 16285.0], [2967.0, 15067.0], [2967.25, 1000.0], [2971.5, 29957.0], [2971.75, 400.0], [2972.25, 41000.0], [2972.5, 6.0], [2972.75, 30688.0], [2976.75, 29347.0]]}}}
{"jsonrpc": "2.0", "method": "subscription", "params": {"channel": "book.ETH-6FEB26.none.20.100ms", "data": {"timestamp": 1769268291283, "change_id": 105977935318, "instrument_name": "ETH-6FEB26", "bids": [[2962.25, 13750.0], [2961.5, 625.0], [2961.25, 384.0], [2961.0, 1100.0], [2960.75, 1777.0], [2960.5, 4852.0], [2959.25, 2056.0], [2959.0, 6888.0], [2958.0, 345.0], [2957.5, 1493.0], [2957.25, 5003.0], [2956.5, 50.0], [2956.25, 4363.0], [2956.0, 14616.0], [2954.25, 69410.0], [2953.75, 400.0], [2951.75, 30115.0], [2949.0, 40000.0], [2946.25, 30759.0], [2944.75, 40000.0]], "asks": [[2962.5, 625.0], [2963.0, 2336.0], [2963.25, 4230.0], [2963.5, 8.0], [2964.25, 328.0], [2964.5, 1100.0], [2964.75, 328.0], [2965.0, 1100.0], [2965.25, 50.0], [2965.5, 5.0], [2966.5, 3331.0], [2966.75, 16285.0], [2967.0, 15067.0], [2967.25, 1000.0], [2971.5, 29957.0], [2971.75, 400.0], [2972.25, 41000.0], [2972.5, 6.0], [2972.75, 30688.0], [2976.75, 29347.0]]}}}
{"jsonrpc": "2.0", "method": "subscription", "params": {"channel": "book.ETH-6FEB26.none.20.100ms", "data": {"timestamp": 1769268291583, "change_id": 105977935381, "instrument_name": "ETH-6FEB26", "bids": [[2962.25, 3530.0], [2961.5, 625.0], [2961.25, 384.0], [2961.0, 1100.0], [2960.75, 1777.0], [2960.5, 4852.0], [2959.25, 2056.0], [2959.0, 6888.0], [2958.0, 345.0], [2957.5, 1493.0], [2957.25, 5003.0], [2956.5, 50.0], [2956.25, 4363.0], [2956.0, 14616.0], [2954.25, 69410.0], [2953.75, 400.0], [2951.75, 30115.0], [2949.0, 40000.0], [2946.25, 30759.0], [2944.75, 40000.0]], "asks": [[2962.5, 625.0], [2963.0, 2336.0], [2963.25, 4230.0], [2963.5, 8.0], [2964.25, 328.0], [2964.5, 1100.0], [2964.75, 328.0], [2965.0, 1100.0], [2965.25, 50.0], [2965.5, 5.0], [2966.5, 3331.0], [2966.75, 16285.0], [2967.0, 15067.0], [2967.25, 1000.0], [2971.5, 29957.0], [2971.75, 400.0], [2972.25, 41000.0], [2972.5, 6.0], [2972.75, 30688.0], [2976.75, 29347.0]]}}}
{"jsonrpc": "2.0", "method": "subscription", "params": {"channel": "book.ETH-6FEB26.none.20.100ms", "data": {"timestamp": 1769268291774, "change_id": 105977935707, "instrument_name": "ETH-6FEB26", "bids": [[2962.25, 3530.0], [2961.5, 625.0], [2961.25, 56.0], [2959.75, 1448.0], [2959.5, 4852.0], [2959.25, 2056.0], [2959.0, 6888.0], [2958.0, 1838.0], [2957.75, 5003.0], [2956.5, 50.0], [2956.25, 4363.0], [2956.0, 14616.0], [2954.25, 69410.0], [2953.75, 400.0], [2951.75, 30115.0], [2949.0, 40000.0], [2946.25, 30759.0], [2944.75, 40000.0], [2940.5, 30335.0], [2940.0, 25.0]], "asks": [[2962.5, 625.0], [2963.0, 2336.0], [2963.25, 4230.0], [2963.5, 8.0], [2964.25, 328.0], [2964.5, 1100.0], [2964.75, 328.0], [2965.0, 1100.0], [2965.25, 50.0], [2965.5, 5.0], [2966.5, 3331.0], [2966.75, 16285.0], [2967.0, 15067.0], [2967.25, 1000.0], [2971.5, 29957.0], [2971.75, 400.0], [2972.25, 41000.0], [2972.5, 6.0], [2972.75, 30688.0], [2976.75, 29347.0]]}}}
{"jsonrpc": "2.0", "method": "subscription", "params": {"channel": "book.ETH-6FEB26.none.20.100ms", "data": {"timestamp": 1769268292334, "change_id": 105977936099, "instrument_name": "ETH-6FEB26", "bids": [[2962.25, 13750.0], [2961.5, 625.0], [2961.25, 56.0], [2959.75, 1448.0], [2959.5, 4852.0], [2959.25, 2056.0], [2959.0, 6888.0], [2958.0, 1838.0], [2957.75, 5003.0], [2956.5, 50.0], [2956.25, 4363.0], [2956.0, 14616.0], [2954.25, 69410.0], [2953.75, 400.0], [2951.75, 30115.0], [2949.0, 40000.0], [2946.25, 30759.0], [2944.75, 40000.0], [2940.5, 30335.0], [2940.0, 25.0]], "asks": [[2962.5, 625.0], [2963.0, 2336.0], [2963.25, 4230.0], [2963.5, 8.0], [2964.25, 328.0], [2964.5, 1100.0], [2964.75, 328.0], [2965.0, 1100.0], [2965.25, 50.0], [2965.5, 5.0], [2966.5, 3331.0], [2966.75, 16285.0], [2967.0, 15067.0], [2967.25, 1000.0], [2971.5, 29957.0], [2971.75, 400.0], [2972.25, 41000.0], [2972.5, 6.0], [2972.75, 30688.0], [2976.75, 29347.0]]}}}
{"jsonrpc": "2.0", "method": "subscription", "params": {"channel": "book.ETH-6FEB26.none.20.100ms", "data": {"timestamp": 1769268292623, "change_id": 105977936157, "instrument_name": "ETH-6FEB26", "bids": [[2962.25, 3530.0], [2961.5, 625.0], [2961.25, 56.0], [2959.75, 1448.0], [2959.5, 4852.0], [2959.25, 2056.0], [2959.0, 6888.0], [2958.0, 1838.0], [2957.75, 5003.0], [2956.5, 50.0], [2956.25, 4363.0], [2956.0, 14616.0], [2954.25, 69410.0], [2953.75, 400.0], [2951.75, 30115.0], [2949.0, 40000.0], [2946.25, 30759.0], [2944.75, 40000.0], [2940.5, 30335.0], [2940.0, 25.0]], "asks": [[2962.5, 625.0], [2963.0, 2336.0], [2963.25, 4230.0], [2963.5, 8.0], [2964.25, 328.0], [2964.5, 1100.0], [2964.75, 328.0], [2965.0, 1100.0], [2965.25, 50.0], [2965.5, 5.0], [2966.5, 3331.0], [2966.75, 16285.0], [2967.0, 15067.0], [2967.25, 1000.0], [2971.5, 29957.0], [2971.75, 400.0], [2972.25, 41000.0], [2972.5, 6.0], [2972.75, 30688.0], [2976.75, 29347.0]]}}}
{"jsonrpc": "2.0", "method": "subscription", "params": {"channel": "book.ETH-6FEB26.none.20.100ms", "data": {"timestamp": 1769268292964, "change_id": 105977936618, "instrument_name": "ETH-6FEB26", "bids": [[2962.25, 13750.0], [2961.5, 625.0], [2961.25, 56.0], [2959.75, 1448.0], [2959.5, 4852.0], [2959.25, 2056.0], [2959.0, 6888.0], [2958.0, 1838.0], [2957.75, 5003.0], [2956.5, 50.0], [2956.25, 4363.0], [2956.0, 14616.0], [2954.25, 69410.0], [2953.75, 400.0], [2951.75, 30115.0], [2949.0, 40000.0], [2946.25, 30759.0], [2944.75, 40000.0], [2940.5, 30335.0], [2940.0, 25.0]], "asks": [[2962.5, 625.0], [2963.0, 2336.0], [2963.25, 4230.0], [2963.5, 8.0], [2964.25, 328.0], [2964.5, 1100.0], [2964.75, 328.0], [2965.0, 1100.0], [2965.25, 50.0], [2965.5, 5.0], [2966.5, 3331.0], [2966.75, 16285.0], [2967.0, 15067.0], [2967.25, 1000.0], [2971.5, 29957.0], [2971.75, 400.0], [2972.25, 41000.0], [2972.5, 6.0], [2972.75, 30688.0], [2976.75, 29347.0]]}}}
{"jsonrpc": "2.0", "method": "subscription", "params": {"channel": "book.ETH-6FEB26.none.20.100ms", "data": {"timestamp": 1769268294746, "change_id": 105977937895, "instrument_name": "ETH-6FEB26", "bids": [[2962.25, 13750.0], [2961.5, 625.0], [2961.25, 56.0], [2960.25, 1448.0], [2960.0, 4852.0], [2959.25, 2056.0], [2959.0, 6888.0], [2958.25, 1596.0], [2958.0, 5348.0], [2956.5, 50.0], [2956.25, 4363.0], [2956.0, 14616.0], [2954.25, 69410.0], [2953.75, 400.0], [2951.75, 30115.0], [2949.0, 40000.0], [2946.25, 30759.0], [2944.75, 40000.0], [2940.5, 30335.0], [2940.0, 25.0]], "asks": [[2962.5, 625.0], [2963.0, 2336.0], [2963.25, 4230.0], [2963.5, 8.0], [2964.25, 328.0], [2964.5, 1100.0], [2964.75, 328.0], [2965.0, 1100.0], [2965.25, 50.0], [2965.5, 5.0], [2966.5, 3331.0], [2966.75, 16285.0], [2967.0, 15067.0], [2967.25, 1000.0], [2971.5, 29957.0], [2971.75, 400.0], [2972.25, 41000.0], [2972.5, 6.0], [2972.75, 30688.0], [2976.75, 29347.0]]}}}
{"jsonrpc": "2.0", "method": "subscription", "params": {"channel": "book.ETH-6FEB26.none.20.100ms", "data": {"timestamp": 1769268296305, "change_id": 105977939229, "instrument_name": "ETH-6FEB26", "bids": [[2962.25, 13750.0], [2961.5, 625.0], [2961.25, 56.0], [2960.25, 1448.0], [2960.0, 4852.0], [2959.25, 2056.0], [2959.0, 6888.0], [2958.0, 345.0], [2957.0, 1493.0], [2956.75, 5003.0], [2956.5, 50.0], [2956.25, 4363.0], [2956.0, 14616.0], [2954.25, 69410.0], [2953.75, 400.0], [2951.75, 30115.0], [2949.0, 40000.0], [2946.25, 30759.0], [2944.75, 40000.0], [2940.5, 30335.0]], "asks": [[2962.5, 625.0], [2963.0, 2336.0], [2963.25, 4230.0], [2963.5, 8.0], [2964.25, 328.0], [2964.5, 1100.0], [2964.75, 328.0], [2965.0, 1100.0], [2965.25, 50.0], [2965.5, 5.0], [2966.5, 3331.0], [2966.75, 16285.0], [2967.0, 15067.0], [2967.25, 1000.0], [2971.5, 29957.0], [2971.75, 400.0], [2972.25, 41000.0], [2972.5, 6.0], [2972.75, 30688.0], [2976.75, 29347.0]]}}}
{"jsonrpc": "2.0", "method": "subscription", "params": {"channel": "book.ETH-6FEB26.none.20.100ms", "data": {"timestamp": 1769268296901, "change_id": 105977939669, "instrument_name": "ETH-6FEB26", "bids": [[2962.25, 13750.0], [2961.5, 625.0], [2961.25, 56.0], [2960.25, 1448.0], [2960.0, 4852.0], [2959.25, 2056.0], [2959.0, 6888.0], [2958.0, 345.0], [2957.0, 1493.0], [2956.75, 5003.0], [2956.5, 50.0], [2956.25, 4363.0], [2956.0, 14616.0], [2954.25, 69410.0], [2953.75, 400.0], [2951.75, 30115.0], [2949.0, 40000.0], [2946.25, 30759.0], [2944.75, 40000.0], [2940.5, 30335.0]], "asks": [[2962.5, 625.0], [2963.0, 4839.0], [2963.25, 700.0], [2963.5, 8.0], [2964.25, 328.0], [2964.5, 1100.0], [2964.75, 328.0], [2965.0, 1100.0], [2965.25, 50.0], [2965.5, 5.0], [2966.5, 3331.0], [2966.75, 16285.0], [2967.0, 15067.0], [2967.25, 1000.0], [2971.5, 29957.0], [2971.75, 400.0], [2972.25, 41000.0], [2972.5, 6.0], [2972.75, 30688.0], [2976.75, 29347.0]]}}}
{"jsonrpc": "2.0", "method": "subscription", "params": {"channel": "book.ETH-6FEB26.none.20.100ms", "data": {"timestamp": 1769268297496, "change_id": 105977940178, "instrument_name": "ETH-6FEB26", "bids": [[2962.25, 13750.0], [2961.5, 625.0], [2961.25, 56.0], [2960.25, 1448.0], [2960.0, 4852.0], [2959.25, 2056.0], [2959.0, 6888.0], [2958.0, 345.0], [2957.0, 1493.0], [2956.75, 5003.0], [2956.5, 50.0], [2956.25, 4363.0], [2956.0, 14616.0], [2954.25, 69410.0], [2953.75, 400.0], [2951.75, 30115.0], [2949.0, 40000.0], [2946.25, 30759.0], [2944.75, 40000.0], [2940.5, 30335.0]], "asks": [[2962.5, 625.0], [2962.75, 1100.0], [2963.0, 3530.0], [2963.5, 8.0], [2964.25, 328.0], [2964.5, 1100.0], [2964.75, 328.0], [2965.0, 1100.0], [2965.25, 50.0], [2965.5, 5.0], [2966.5, 3331.0], [2966.75, 16285.0], [2967.0, 15067.0], [2967.25, 1000.0], [2971.5, 29957.0], [2971.75, 400.0], [2972.25, 41000.0], [2972.5, 6.0], [2972.75, 30688.0], [2976.75, 29347.0]]}}}
{"jsonrpc": "2.0", "method": "subscription", "params": {"channel": "book.ETH-6FEB26.none.20.100ms", "data": {"timestamp": 1769268298830, "change_id": 105977941400, "instrument_name": "ETH-6FEB26", "bids": [[2962.25, 13751.0], [2961.5, 625.0], [2961.25, 56.0], [2960.25, 1448.0], [2960.0, 4852.0], [2959.25, 2056.0], [2959.0, 6888.0], [2958.0, 345.0], [2957.0, 1493.0], [2956.75, 5003.0], [2956.5, 50.0], [2956.25, 4363.0], [2956.0, 14616.0], [2954.25, 69410.0], [2953.75, 400.0], [2951.75, 30115.0], [2949.0, 40000.0], [2946.25, 30759.0], [2944.75, 40000.0], [2940.5, 30335.0]], "asks": [[2962.5, 625.0], [2962.75, 1100.0], [2963.0, 3531.0], [2963.5, 8.0], [2964.25, 328.0], [2964.5, 1100.0], [2964.75, 328.0], [2965.0, 1100.0], [2965.25, 50.0], [2965.5, 5.0], [2966.5, 3331.0], [2966.75, 16285.0], [2967.0, 15067.0], [2967.25, 1000.0], [2971.5, 29957.0], [2971.75, 400.0], [2972.25, 41000.0], [2972.5, 6.0], [2972.75, 30688.0], [2976.75, 29347.0]]}}}
{"jsonrpc": "2.0", "method": "subscription", "params": {"channel": "book.ETH-6FEB26.none.20.100ms", "data": {"timestamp": 1769268299517, "change_id": 105977941915, "instrument_name": "ETH-6FEB26", "bids": [[2962.0, 3531.0], [2961.5, 625.0], [2961.25, 56.0], [2960.25, 1448.0], [2960.0, 4852.0], [2959.25, 2056.0], [2959.0, 6888.0], [2958.0, 345.0], [2957.0, 1493.0], [2956.75, 5003.0], [2956.5, 50.0], [2956.25, 4363.0], [2956.0, 14616.0], [2954.25, 69410.0], [2953.75, 400.0], [2951.75, 30115.0], [2949.0, 40000.0], [2946.25, 30759.0], [2944.75, 40000.0], [2940.5, 30335.0]], "asks": [[2962.25, 625.0], [2962.75, 1100.0], [2963.0, 3531.0], [2963.5, 8.0], [2964.25, 328.0], [2964.5, 1100.0], [2964.75, 328.0], [2965.0, 1100.0], [2965.25, 50.0], [2965.5, 5.0], [2966.5, 3331.0], [2966.75, 16285.0], [2967.0, 15067.0], [2967.25, 1000.0], [2970.5, 40000.0], [2971.5, 29957.0], [2971.75, 400.0], [2972.25, 1000.0], [2972.5, 6.0], [2972.75, 30688.0]]}}}
{"jsonrpc": "2.0", "method": "subscription", "params": {"channel": "book.ETH-6FEB26.none.20.100ms", "data": {"timestamp": 1769268300932, "change_id": 105977943157, "instrument_name": "ETH-6FEB26", "bids": [[2962.0, 3531.0], [2961.25, 56.0], [2961.0, 625.0], [2960.75, 1448.0], [2960.5, 4852.0], [2959.25, 2056.0], [2959.0, 6888.0], [2958.0, 345.0], [2957.5, 1493.0], [2957.25, 5003.0], [2956.5, 50.0], [2956.25, 4363.0], [2956.0, 14616.0], [2954.25, 69410.0], [2953.75, 400.0], [2951.75, 30115.0], [2949.0, 40000.0], [2946.25, 30759.0], [2944.75, 40000.0], [2940.5, 30335.0]], "asks": [[2962.25, 625.0], [2962.75, 1100.0], [2963.0, 3531.0], [2963.5, 8.0], [2964.25, 328.0], [2964.5, 1100.0], [2964.75, 328.0], [2965.0, 1100.0], [2965.25, 50.0], [2965.5, 5.0], [2966.0, 1478.0], [2966.25, 4951.0], [2966.5, 1478.0], [2966.75, 11334.0], [2967.0, 15067.0], [2967.25, 1000.0], [2970.5, 40000.0], [2971.5, 29957.0], [2971.75, 400.0], [2972.25, 1000.0]]}}}
{"jsonrpc": "2.0", "method": "subscription", "params": {"channel": "book.ETH-6FEB26.none.20.100ms", "data": {"timestamp": 1769268301224, "change_id": 105977943455, "instrument_name": "ETH-6FEB26", "bids": [[2962.0, 3531.0], [2961.25, 56.0], [2961.0, 625.0], [2960.75, 1448.0], [2960.5, 4852.0], [2959.25, 2056.0], [2959.0, 6888.0], [2958.0, 345.0], [2957.5, 1493.0], [2957.25, 5003.0], [2956.5, 50.0], [2956.25, 4363.0], [2956.0, 14616.0], [2954.25, 69410.0], [2953.75, 400.0], [2951.75, 30115.0], [2949.0, 40000.0], [2946.25, 30759.0], [2944.75, 40000.0], [2940.5, 30335.0]], "asks": [[2962.25, 625.0], [2962.75, 1100.0], [2963.0, 3539.0], [2964.25, 328.0], [2964.5, 1100.0], [2964.75, 328.0], [2965.0, 1100.0], [2965.25, 50.0], [2965.5, 5.0], [2966.0, 1478.0], [2966.25, 4951.0], [2966.5, 1478.0], [2966.75, 11334.0], [2967.0, 15067.0], [2970.5, 40000.0], [2971.5, 29957.0], [2971.75, 400.0], [2972.5, 6.0], [2972.75, 30688.0], [2976.5, 40000.0]]}}}
{"jsonrpc": "2.0", "method": "subscription", "params": {"channel": "book.ETH-6FEB26.none.20.100ms", "data": {"timestamp": 1769268301449, "change_id": 105977943623, "instrument_name": "ETH-6FEB26", "bids": [[2962.0, 3531.0], [2961.25, 56.0], [2961.0, 1725.0], [2960.75, 1448.0], [2960.5, 4852.0], [2959.25, 2056.0], [2959.0, 6888.0], [2958.0, 345.0], [2957.5, 1493.0], [2957.25, 5003.0], [2956.5, 50.0], [2956.25, 4363.0], [2956.0, 14616.0], [2954.25, 69410.0], [2953.75, 400.0], [2951.75, 30115.0], [2949.0, 40000.0], [2946.25, 30759.0], [2944.75, 40000.0], [2940.5, 30335.0]], "asks": [[2962.25, 625.0], [2962.75, 1100.0], [2963.0, 3539.0], [2964.25, 328.0], [2964.5, 1100.0], [2964.75, 328.0], [2965.0, 1100.0], [2965.25, 50.0], [2965.5, 5.0], [2966.0, 1478.0], [2966.25, 4951.0], [2966.5, 1478.0], [2966.75, 11334.0], [2967.0, 15067.0], [2970.5, 40000.0], [2971.5, 29957.0], [2971.75, 400.0], [2972.5, 6.0], [2972.75, 30688.0], [2976.5, 40000.0]]}}}
{"jsonrpc": "2.0", "method": "subscription", "params": {"channel": "book.ETH-6FEB26.none.20.100ms", "data": {"timestamp": 1769268302441, "change_id": 105977944445, "instrument_name": "ETH-6FEB26", "bids": [[2962.0, 3531.0], [2961.5, 345.0], [2961.25, 1671.0], [2961.0, 1725.0], [2960.75, 1448.0], [2960.5, 4852.0], [2959.25, 2056.0], [2959.0, 6888.0], [2958.0, 345.0], [2957.5, 1493.0], [2957.25, 5003.0], [2956.5, 50.0], [2956.25, 4363.0], [2956.0, 14616.0], [2954.25, 69410.0], [2953.75, 400.0], [2951.75, 30115.0], [2949.0, 40000.0], [2946.25, 30759.0], [2944.75, 40000.0]], "asks": [[2962.25, 625.0], [2962.75, 1100.0], [2963.0, 3539.0], [2964.25, 328.0], [2964.5, 1100.0], [2964.75, 328.0], [2965.0, 1100.0], [2965.25, 50.0], [2965.5, 5.0], [2966.0, 1478.0], [2966.25, 4951.0], [2966.5, 1478.0], [2966.75, 11334.0], [2967.0, 15067.0], [2970.5, 40000.0], [2971.5, 29957.0], [2971.75, 400.0], [2972.5, 6.0], [2972.75, 30688.0], [2976.5, 40000.0]]}}}
{"jsonrpc": "2.0", "method": "subscription", "params": {"channel": "book.ETH-6FEB26.none.20.100ms", "data": {"timestamp": 1769268303443, "change_id": 105977945281, "instrument_name": "ETH-6FEB26", "bids": [[2962.0, 3531.0], [2961.5, 345.0], [2961.25, 2109.0], [2961.0, 1100.0], [2960.75, 2548.0], [2960.5, 4852.0], [2959.25, 2056.0], [2959.0, 6888.0], [2958.0, 345.0], [2957.5, 1493.0], [2957.25, 5003.0], [2956.5, 50.0], [2956.25, 4363.0], [2956.0, 14616.0], [2954.25, 69410.0], [2953.75, 400.0], [2951.75, 30115.0], [2949.0, 40000.0], [2946.25, 30759.0], [2944.75, 40000.0]], "asks": [[2962.25, 625.0], [2962.75, 1100.0], [2963.0, 3539.0], [2964.25, 328.0], [2964.5, 1100.0], [2964.75, 328.0], [2965.0, 1100.0], [2965.25, 50.0], [2965.5, 5.0], [2966.0, 1478.0], [2966.25, 4951.0], [2966.5, 1478.0], [2966.75, 11334.0], [2967.0, 15067.0], [2970.5, 40000.0], [2971.5, 29957.0], [2971.75, 400.0], [2972.5, 6.0], [2972.75, 30688.0], [2976.5, 40000.0]]}}}
{"jsonrpc": "2.0", "method": "subscription", "params": {"channel": "book.ETH-6FEB26.none.20.100ms", "data": {"timestamp": 1769268303796, "change_id": 105977945706, "instrument_name": "ETH-6FEB26", "bids": [[2962.25, 4531.0], [2961.5, 970.0], [2961.25, 1484.0], [2961.0, 1100.0], [2960.75, 2548.0], [2960.5, 4852.0], [2959.25, 2056.0], [2959.0, 6888.0], [2958.0, 345.0], [2957.5, 1493.0], [2957.25, 5003.0], [2956.5, 50.0], [2956.25, 4363.0], [2956.0, 14616.0], [2954.25, 69410.0], [2953.75, 400.0], [2951.75, 30115.0], [2949.0, 40000.0], [2946.25, 30759.0], [2944.75, 40000.0]], "asks": [[2962.75, 625.0], [2963.0, 8.0], [2963.25, 3531.0], [2964.25, 328.0], [2964.5, 1100.0], [2964.75, 328.0], [2965.0, 1100.0], [2965.25, 50.0], [2965.5, 5.0], [2966.0, 1478.0], [2966.25, 4951.0], [2966.5, 1478.0], [2966.75, 11334.0], [2967.0, 15067.0], [2970.5, 40000.0], [2971.5, 29957.0], [2971.75, 400.0], [2972.5, 6.0], [2972.75, 30688.0], [2976.5, 40000.0]]}}}
{"jsonrpc": "2.0", "method": "subscription", "params": {"channel": "book.ETH-6FEB26.none.20.100ms", "data": {"timestamp": 1769268304220, "change_id": 105977946165, "instrument_name": "ETH-6FEB26", "bids": [[2962.25, 13751.0], [2961.5, 625.0], [2961.25, 56.0], [2959.75, 1448.0], [2959.5, 4852.0], [2959.25, 2056.0], [2959.0, 6888.0], [2958.0, 1838.0], [2957.75, 5003.0], [2956.5, 50.0], [2956.25, 4363.0], [2956.0, 14616.0], [2954.25, 69410.0], [2953.75, 400.0], [2951.75, 30115.0], [2949.0, 40000.0], [2946.25, 30759.0], [2944.75, 40000.0], [2940.5, 30335.0], [2940.0, 25.0]], "asks": [[2962.75, 625.0], [2963.0, 3531.0], [2963.75, 8.0], [2964.25, 328.0], [2964.5, 1100.0], [2964.75, 328.0], [2965.0, 1100.0], [2965.25, 50.0], [2965.5, 5.0], [2966.0, 1478.0], [2966.25, 4951.0], [2966.5, 1478.0], [2966.75, 11334.0], [2967.0, 15067.0], [2970.5, 40000.0], [2971.25, 6.0], [2971.5, 29957.0], [2971.75, 400.0], [2972.75, 30688.0], [2976.5, 40000.0]]}}}
{"jsonrpc": "2.0", "method": "subscription", "params": {"channel": "book.ETH-6FEB26.none.20.100ms", "data": {"timestamp": 1769268305405, "change_id": 105977947195, "instrument_name": "ETH-6FEB26", "bids": [[2962.5, 1100.0], [2962.25, 13751.0], [2961.5, 625.0], [2961.25, 56.0], [2959.75, 1448.0], [2959.5, 4852.0], [2959.25, 2056.0], [2959.0, 6888.0], [2958.0, 1838.0], [2957.75, 5003.0], [2956.5, 50.0], [2956.25, 4363.0], [2956.0, 14616.0], [2954.25, 69410.0], [2953.75, 400.0], [2951.75, 30115.0], [2949.0, 40000.0], [2946.25, 30759.0], [2944.75, 40000.0], [2940.5, 30335.0]], "asks": [[2962.75, 625.0], [2963.0, 3531.0], [2963.75, 8.0], [2964.25, 328.0], [2964.5, 1100.0], [2964.75, 328.0], [2965.0, 1100.0], [2965.25, 50.0], [2965.5, 5.0], [2966.0, 1478.0], [2966.25, 4951.0], [2966.5, 1478.0], [2966.75, 11334.0], [2967.0, 15067.0], [2970.5, 40000.0], [2971.25, 6.0], [2971.5, 29957.0], [2971.75, 400.0], [2972.75, 30688.0], [2976.5, 40000.0]]}}}
{"jsonrpc": "2.0", "method": "subscription", "params": {"channel": "book.ETH-6FEB26.none.20.100ms", "data": {"timestamp": 1769268309752, "change_id": 105977950574, "instrument_name": "ETH-6FEB26", "bids": [[2962.5, 1100.0], [2962.25, 13751.0], [2961.5, 625.0], [2961.25, 56.0], [2960.25, 1448.0], [2960.0, 4852.0], [2959.25, 2056.0], [2959.0, 6888.0], [2958.25, 1596.0], [2958.0, 5348.0], [2956.5, 50.0], [2956.25, 4363.0], [2956.0, 14616.0], [2954.25, 69410.0], [2953.75, 400.0], [2951.75, 30115.0], [2949.0, 40000.0], [2946.25, 30759.0], [2944.75, 40000.0], [2940.5, 30335.0]], "asks": [[2962.75, 625.0], [2963.0, 3531.0], [2963.75, 8.0], [2964.25, 328.0], [2964.5, 1100.0], [2964.75, 328.0], [2965.0, 1100.0], [2965.25, 50.0], [2965.5, 5.0], [2966.0, 1478.0], [2966.25, 4951.0], [2966.5, 1478.0], [2966.75, 11334.0], [2967.0, 15067.0], [2970.5, 40000.0], [2971.25, 6.0], [2971.5, 29957.0], [2971.75, 400.0], [2972.75, 30688.0], [2976.5, 40000.0]]}}}
{"jsonrpc": "2.0", "method": "subscription", "params": {"channel": "book.ETH-6FEB26.none.20.100ms", "data": {"timestamp": 1769268310149, "change_id": 105977951016, "instrument_name": "ETH-6FEB26", "bids": [[2962.5, 1100.0], [2962.25, 13751.0], [2961.75, 625.0], [2961.25, 56.0], [2960.25, 1448.0], [2960.0, 4852.0], [2959.25, 2056.0], [2959.0, 6888.0], [2958.25, 1596.0], [2958.0, 5348.0], [2956.5, 50.0], [2956.25, 4363.0], [2956.0, 14616.0], [2954.25, 69410.0], [2953.75, 400.0], [2951.75, 30115.0], [2949.0, 40000.0], [2946.25, 30759.0], [2944.75, 40000.0], [2940.5, 30335.0]], "asks": [[2962.75, 625.0], [2963.0, 3531.0], [2963.75, 8.0], [2964.25, 328.0], [2964.5, 1100.0], [2964.75, 328.0], [2965.0, 1100.0], [2965.25, 50.0], [2965.5, 5.0], [2966.0, 1478.0], [2966.25, 4951.0], [2966.5, 1478.0], [2966.75, 11334.0], [2967.0, 15067.0], [2970.5, 40000.0], [2971.25, 6.0], [2971.5, 29957.0], [2971.75, 400.0], [2972.75, 30688.0], [2976.5, 40000.0]]}}}
{"jsonrpc": "2.0", "method": "subscription", "params": {"channel": "book.ETH-6FEB26.none.20.100ms", "data": {"timestamp": 1769268311754, "change_id": 105977952135, "instrument_name": "ETH-6FEB26", "bids": [[2962.5, 1100.0], [2962.25, 13751.0], [2961.75, 625.0], [2961.25, 56.0], [2960.25, 1448.0], [2960.0, 4852.0], [2959.25, 2056.0], [2959.0, 6888.0], [2958.25, 1596.0], [2958.0, 5348.0], [2956.5, 50.0], [2956.25, 4363.0], [2956.0, 14616.0], [2954.25, 69410.0], [2953.75, 400.0], [2951.75, 30115.0], [2949.0, 40000.0], [2946.25, 30759.0], [2944.75, 40000.0], [2940.5, 30335.0]], "asks": [[2962.75, 625.0], [2963.0, 3531.0], [2963.75, 8.0], [2964.25, 328.0], [2964.5, 1100.0], [2964.75, 328.0], [2965.0, 1100.0], [2965.25, 50.0], [2965.5, 5.0], [2966.0, 1478.0], [2966.25, 4951.0], [2966.5, 1478.0], [2966.75, 11334.0], [2967.0, 15067.0], [2967.25, 1000.0], [2970.5, 40000.0], [2971.25, 6.0], [2971.5, 29957.0], [2971.75, 400.0], [2972.25, 1000.0]]}}}
{"jsonrpc": "2.0", "method": "subscription", "params": {"channel": "book.ETH-6FEB26.none.20.100ms", "data": {"timestamp": 1769268312751, "change_id": 105977952897, "instrument_name": "ETH-6FEB26", "bids": [[2962.5, 1100.0], [2962.25, 13751.0], [2961.75, 625.0], [2961.25, 56.0], [2960.25, 1448.0], [2960.0, 4852.0], [2959.25, 2056.0], [2959.0, 6888.0], [2958.0, 345.0], [2957.0, 1493.0], [2956.75, 5003.0], [2956.5, 50.0], [2956.25, 4363.0], [2956.0, 14616.0], [2954.25, 69410.0], [2953.75, 400.0], [2951.75, 30115.0], [2949.0, 40000.0], [2946.25, 30759.0], [2944.75, 40000.0]], "asks": [[2962.75, 625.0], [2963.0, 3531.0], [2963.75, 8.0], [2964.25, 328.0], [2964.5, 1100.0], [2964.75, 328.0], [2965.0, 1100.0], [2965.25, 50.0], [2965.5, 5.0], [2966.0, 1478.0], [2966.25, 4951.0], [2966.5, 1478.0], [2966.75, 11334.0], [2967.0, 15067.0], [2967.25, 1000.0], [2970.5, 40000.0], [2971.25, 6.0], [2971.5, 29957.0], [2971.75, 400.0], [2972.25, 1000.0]]}}}
{"jsonrpc": "2.0", "method": "subscription", "params": {"channel": "book.ETH-6FEB26.none.20.100ms", "data": {"timestamp": 1769268315908, "change_id": 105977955322, "instrument_name": "ETH-6FEB26", "bids": [[2962.25, 10220.0], [2962.0, 3531.0], [2961.75, 625.0], [2961.25, 56.0], [2960.25, 1448.0], [2960.0, 4852.0], [2959.25, 2056.0], [2959.0, 6888.0], [2958.25, 1596.0], [2958.0, 5348.0], [2956.5, 50.0], [2955.25, 14616.0], [2954.25, 69410.0], [2953.75, 400.0], [2951.75, 30115.0], [2949.0, 40000.0], [2946.25, 30759.0], [2944.75, 40000.0], [2940.5, 30335.0], [2940.0, 25.0]], "asks": [[2962.5, 625.0], [2963.0, 3531.0], [2963.75, 8.0], [2964.25, 328.0], [2964.5, 1100.0], [2964.75, 328.0], [2965.0, 1100.0], [2965.25, 50.0], [2965.5, 5.0], [2966.0, 1478.0], [2966.25, 4951.0], [2966.5, 1478.0], [2966.75, 11334.0], [2967.0, 15067.0], [2967.25, 1000.0], [2970.5, 40000.0], [2971.25, 6.0], [2971.5, 29957.0], [2971.75, 400.0], [2972.25, 1000.0]]}}}
{"jsonrpc": "2.0", "method": "subscription", "params": {"channel": "book.ETH-6FEB26.none.20.100ms", "data": {"timestamp": 1769268316009, "change_id": 105977955541, "instrument_name": "ETH-6FEB26", "bids": [[2962.25, 10220.0], [2962.0, 3531.0], [2961.5, 203.0], [2961.25, 681.0], [2960.25, 1448.0], [2960.0, 4852.0], [2959.25, 2056.0], [2959.0, 6888.0], [2958.25, 1596.0], [2958.0, 5348.0], [2956.5, 50.0], [2955.25, 14616.0], [2954.25, 69410.0], [2953.75, 400.0], [2951.75, 30115.0], [2949.0, 40000.0], [2946.25, 30759.0], [2944.75, 40000.0], [2940.5, 30335.0], [2940.0, 25.0]], "asks": [[2962.5, 625.0], [2962.75, 3531.0], [2963.25, 8.0], [2964.25, 328.0], [2964.5, 1100.0], [2964.75, 328.0], [2965.0, 1100.0], [2965.25, 50.0], [2965.5, 5.0], [2966.0, 1478.0], [2966.25, 4951.0], [2966.5, 1478.0], [2966.75, 11334.0], [2967.0, 15067.0], [2967.25, 1000.0], [2970.5, 40000.0], [2971.25, 6.0], [2971.5, 29957.0], [2971.75, 400.0], [2972.25, 1000.0]]}}}
{"jsonrpc": "2.0", "method": "subscription", "params": {"channel": "book.ETH-6FEB26.none.20.100ms", "data": {"timestamp": 1769268316813, "change_id": 105977956269, "instrument_name": "ETH-6FEB26", "bids": [[2962.0, 3531.0], [2961.5, 203.0], [2961.25, 681.0], [2960.25, 1448.0], [2960.0, 4852.0], [2959.25, 2056.0], [2959.0, 6888.0], [2958.25, 1596.0], [2958.0, 5348.0], [2956.5, 50.0], [2955.25, 14616.0], [2954.25, 69410.0], [2953.75, 400.0], [2951.75, 30115.0], [2949.0, 40000.0], [2946.25, 30759.0], [2944.75, 40000.0], [2940.5, 30335.0], [2940.0, 25.0], [2930.75, 19750.0]], "asks": [[2962.25, 625.0], [2962.75, 3531.0], [2963.25, 8.0], [2964.25, 328.0], [2964.5, 1100.0], [2964.75, 328.0], [2965.0, 1100.0], [2965.25, 50.0], [2965.5, 5.0], [2966.0, 1478.0], [2966.25, 4951.0], [2966.5, 1478.0], [2966.75, 11334.0], [2967.0, 15067.0], [2967.25, 1000.0], [2970.5, 40000.0], [2971.25, 6.0], [2971.5, 29957.0], [2971.75, 400.0], [2972.25, 1000.0]]}}}
{"jsonrpc": "2.0", "method": "subscription", "params": {"channel": "book.ETH-6FEB26.none.20.100ms", "data": {"timestamp": 1769268317146, "change_id": 105977956597, "instrument_name": "ETH-6FEB26", "bids": [[2962.0, 3531.0], [2961.5, 203.0], [2961.25, 681.0], [2960.25, 1448.0], [2960.0, 4852.0], [2959.25, 2056.0], [2959.0, 6888.0], [2958.25, 1596.0], [2958.0, 5348.0], [2956.5, 50.0], [2955.25, 14616.0], [2954.25, 69410.0], [2953.75, 400.0], [2951.75, 30115.0], [2949.0, 40000.0], [2946.25, 30759.0], [2944.75, 40000.0], [2940.5, 30335.0], [2940.0, 25.0], [2930.75, 19750.0]], "asks": [[2962.25, 625.0], [2962.75, 3531.0], [2963.25, 8.0], [2964.25, 328.0], [2964.5, 1100.0], [2964.75, 328.0], [2965.0, 1100.0], [2965.25, 50.0], [2965.5, 5.0], [2966.0, 1478.0], [2966.25, 4951.0], [2966.5, 1478.0], [2966.75, 11334.0], [2967.0, 15067.0], [2970.5, 40000.0], [2971.25, 6.0], [2971.5, 29957.0], [2971.75, 400.0], [2972.75, 30688.0], [2976.5, 40000.0]]}}}
{"jsonrpc": "2.0", "method": "subscription", "params": {"channel": "book.ETH-6FEB26.none.20.100ms", "data": {"timestamp": 1769268317542, "change_id": 105977956826, "instrument_name": "ETH-6FEB26", "bids": [[2961.75, 3531.0], [2961.5, 203.0], [2961.25, 681.0], [2960.5, 5952.0], [2959.25, 2056.0], [2959.0, 6888.0], [2958.0, 345.0], [2957.0, 1493.0], [2956.75, 5003.0], [2956.5, 50.0], [2955.25, 14616.0], [2954.25, 69410.0], [2953.75, 400.0], [2951.75, 30115.0], [2949.0, 40000.0], [2946.25, 30759.0], [2944.75, 40000.0], [2940.5, 30335.0], [2940.0, 25.0], [2930.75, 19750.0]], "asks": [[2962.25, 625.0], [2962.5, 3531.0], [2963.25, 8.0], [2964.25, 328.0], [2964.5, 1100.0], [2964.75, 328.0], [2965.0, 1100.0], [2965.25, 50.0], [2965.5, 5.0], [2966.0, 1478.0], [2966.25, 4951.0], [2966.5, 1478.0], [2966.75, 11334.0], [2967.0, 15067.0], [2970.5, 40000.0], [2971.25, 6.0], [2971.5, 29957.0], [2971.75, 400.0], [2972.75, 30688.0], [2976.5, 40000.0]]}}}
{"jsonrpc": "2.0", "method": "subscription", "params": {"channel": "book.ETH-6FEB26.none.20.100ms", "data": {"timestamp": 1769268317704, "change_id": 105977957072, "instrument_name": "ETH-6FEB26", "bids": [[2962.0, 11872.0], [2961.5, 203.0], [2961.25, 681.0], [2960.5, 4852.0], [2959.25, 2056.0], [2959.0, 6888.0], [2958.0, 345.0], [2957.0, 1493.0], [2956.75, 5003.0], [2956.5, 50.0], [2955.25, 14616.0], [2954.25, 69410.0], [2953.75, 400.0], [2951.75, 30115.0], [2949.0, 40000.0], [2946.25, 30759.0], [2944.75, 40000.0], [2940.5, 30335.0], [2940.0, 25.0], [2930.75, 19750.0]], "asks": [[2962.25, 625.0], [2962.75, 3531.0], [2963.25, 8.0], [2964.25, 328.0], [2964.5, 1100.0], [2964.75, 328.0], [2965.0, 1100.0], [2965.25, 50.0], [2965.5, 5.0], [2966.0, 1478.0], [2966.25, 4951.0], [2966.5, 1478.0], [2966.75, 11334.0], [2967.0, 15067.0], [2970.5, 40000.0], [2971.25, 6.0], [2971.5, 29957.0], [2971.75, 400.0], [2972.75, 30688.0], [2976.5, 40000.0]]}}}
{"jsonrpc": "2.0", "method": "subscription", "params": {"channel": "book.ETH-6FEB26.none.20.100ms", "data": {"timestamp": 1769268318210, "change_id": 105977957624, "instrument_name": "ETH-6FEB26", "bids": [[2962.0, 3531.0], [2961.5, 203.0], [2961.25, 681.0], [2960.75, 1448.0], [2960.5, 4852.0], [2959.25, 2056.0], [2959.0, 6888.0], [2958.0, 345.0], [2957.0, 1493.0], [2956.75, 5003.0], [2956.5, 50.0], [2955.25, 14616.0], [2954.25, 69410.0], [2953.75, 400.0], [2951.75, 30115.0], [2949.0, 40000.0], [2946.25, 30759.0], [2944.75, 40000.0], [2940.5, 30335.0], [2940.0, 25.0]], "asks": [[2962.25, 625.0], [2962.75, 3531.0], [2963.25, 8.0], [2964.25, 328.0], [2964.5, 1100.0], [2964.75, 328.0], [2965.0, 1100.0], [2965.25, 50.0], [2965.5, 5.0], [2966.0, 1478.0], [2966.25, 4951.0], [2966.5, 1478.0], [2966.75, 11334.0], [2967.0, 15067.0], [2970.5, 40000.0], [2971.25, 6.0], [2971.5, 29957.0], [2971.75, 400.0], [2972.75, 30688.0], [2976.5, 40000.0]]}}}
{"jsonrpc": "2.0", "method": "subscription", "params": {"channel": "book.ETH-6FEB26.none.20.100ms", "data": {"timestamp": 1769268318260, "change_id": 105977957642, "instrument_name": "ETH-6FEB26", "bids": [[2962.0, 3531.0], [2961.5, 203.0], [2961.25, 681.0], [2961.0, 1100.0], [2960.75, 1448.0], [2960.5, 4852.0], [2959.25, 2056.0], [2959.0, 6888.0], [2958.0, 345.0], [2957.0, 1493.0], [2956.75, 5003.0], [2956.5, 50.0], [2955.25, 14616.0], [2954.25, 69410.0], [2953.75, 400.0], [2951.75, 30115.0], [2949.0, 40000.0], [2946.25, 30759.0], [2944.75, 40000.0], [2940.5, 30335.0]], "asks": [[2962.25, 625.0], [2962.75, 3531.0], [2963.25, 8.0], [2964.25, 328.0], [2964.5, 1100.0], [2964.75, 328.0], [2965.0, 1100.0], [2965.25, 50.0], [2965.5, 5.0], [2966.0, 1478.0], [2966.25, 4951.0], [2966.5, 1478.0], [2966.75, 11334.0], [2967.0, 15067.0], [2970.5, 40000.0], [2971.25, 6.0], [2971.5, 29957.0], [2971.75, 400.0], [2972.75, 30688.0], [2976.5, 40000.0]]}}}
{"jsonrpc": "2.0", "method": "subscription", "params": {"channel": "book.ETH-6FEB26.none.20.100ms", "data": {"timestamp": 1769268319250, "change_id": 105977958516, "instrument_name": "ETH-6FEB26", "bids": [[2962.0, 3531.0], [2961.5, 203.0], [2961.25, 1009.0], [2961.0, 1100.0], [2960.75, 2548.0], [2960.5, 4852.0], [2959.25, 2056.0], [2959.0, 6888.0], [2958.0, 345.0], [2957.0, 1493.0], [2956.75, 5003.0], [2956.5, 50.0], [2955.25, 14616.0], [2954.25, 69410.0], [2953.75, 400.0], [2951.75, 30115.0], [2949.0, 40000.0], [2946.25, 30759.0], [2944.75, 40000.0], [2940.5, 30335.0]], "asks": [[2962.25, 625.0], [2962.75, 3531.0], [2963.25, 8.0], [2964.25, 328.0], [2964.5, 1100.0], [2964.75, 328.0], [2965.0, 1100.0], [2965.25, 50.0], [2965.5, 5.0], [2966.0, 1478.0], [2966.25, 4951.0], [2966.5, 1478.0], [2966.75, 11334.0], [2967.0, 15067.0], [2970.5, 40000.0], [2971.25, 6.0], [2971.5, 29957.0], [2971.75, 400.0], [2972.75, 30688.0], [2976.5, 40000.0]]}}}
{"jsonrpc": "2.0", "method": "subscription", "params": {"channel": "book.ETH-6FEB26.none.20.100ms", "data": {"timestamp": 1769268320657, "change_id": 105977959639, "instrument_name": "ETH-6FEB26", "bids": [[2962.0, 13750.0], [2961.5, 203.0], [2961.25, 1009.0], [2961.0, 1428.0], [2960.75, 2548.0], [2960.5, 4852.0], [2959.25, 2056.0], [2959.0, 6888.0], [2958.0, 345.0], [2957.0, 1493.0], [2956.75, 5003.0], [2956.5, 50.0], [2955.25, 14616.0], [2954.25, 69410.0], [2953.75, 400.0], [2951.75, 30115.0], [2949.0, 40000.0], [2946.25, 30759.0], [2944.75, 40000.0], [2940.5, 30335.0]], "asks": [[2962.25, 625.0], [2962.75, 3531.0], [2963.25, 8.0], [2964.25, 328.0], [2964.5, 1100.0], [2964.75, 328.0], [2965.0, 1100.0], [2965.25, 50.0], [2965.5, 5.0], [2966.0, 1478.0], [2966.25, 4951.0], [2966.5, 1478.0], [2966.75, 11334.0], [2967.0, 15067.0], [2970.5, 40000.0], [2971.25, 6.0], [2971.5, 29957.0], [2971.75, 400.0], [2972.75, 30688.0], [2976.5, 40000.0]]}}}
{"jsonrpc": "2.0", "method": "subscription", "params": {"channel": "book.ETH-6FEB26.none.20.100ms", "data": {"timestamp": 1769268321157, "change_id": 105977960308, "instrument_name": "ETH-6FEB26", "bids": [[2962.0, 3531.0], [2961.5, 203.0], [2961.25, 1009.0], [2961.0, 1428.0], [2960.75, 2548.0], [2960.5, 4852.0], [2958.0, 345.0], [2957.5, 2134.0], [2957.25, 7150.0], [2957.0, 1493.0], [2956.75, 5003.0], [2956.5, 50.0], [2955.25, 14616.0], [2954.25, 69410.0], [2953.75, 400.0], [2951.75, 30115.0], [2949.0, 40000.0], [2946.25, 30759.0], [2944.75, 40000.0], [2940.5, 30335.0]], "asks": [[2962.25, 625.0], [2962.75, 3531.0], [2963.25, 8.0], [2964.25, 328.0], [2964.5, 1100.0], [2964.75, 328.0], [2965.0, 1100.0], [2965.25, 50.0], [2965.5, 5.0], [2966.0, 1478.0], [2966.25, 4951.0], [2966.5, 1478.0], [2966.75, 11334.0], [2967.0, 15067.0], [2970.5, 40000.0], [2971.25, 6.0], [2971.5, 29957.0], [2971.75, 400.0], [2972.75, 30688.0], [2976.5, 40000.0]]}}}
{"jsonrpc": "2.0", "method": "subscription", "params": {"channel": "book.ETH-6FEB26.none.20.100ms", "data": {"timestamp": 1769268321500, "change_id": 105977960501, "instrument_name": "ETH-6FEB26", "bids": [[2962.0, 13750.0], [2961.5, 203.0], [2961.25, 1009.0], [2961.0, 1428.0], [2960.75, 2548.0], [2960.5, 4852.0], [2959.75, 7106.0], [2958.25, 345.0], [2958.0, 345.0], [2957.0, 1493.0], [2956.75, 5003.0], [2956.5, 50.0], [2955.25, 14616.0], [2954.25, 69410.0], [2953.75, 400.0], [2951.75, 30115.0], [2949.0, 40000.0], [2946.25, 30759.0], [2944.75, 40000.0], [2940.5, 30335.0]], "asks": [[2962.25, 625.0], [2962.75, 3531.0], [2963.25, 8.0], [2964.25, 328.0], [2964.5, 1100.0], [2964.75, 328.0], [2965.0, 1100.0], [2965.25, 50.0], [2965.5, 5.0], [2966.0, 1478.0], [2966.25, 4951.0], [2966.5, 1478.0], [2966.75, 11334.0], [2967.0, 15067.0], [2970.5, 40000.0], [2971.25, 6.0], [2971.5, 29957.0], [2971.75, 400.0], [2972.75, 30688.0], [2976.5, 40000.0]]}}}
{"jsonrpc": "2.0", "method": "subscription", "params": {"channel": "book.ETH-6FEB26.none.20.100ms", "data": {"timestamp": 1769268321805, "change_id": 105977960860, "instrument_name": "ETH-6FEB26", "bids": [[2962.0, 13750.0], [2961.5, 203.0], [2961.25, 1009.0], [2961.0, 1428.0], [2960.75, 1100.0], [2960.0, 6973.0], [2959.75, 7106.0], [2958.25, 345.0], [2958.0, 345.0], [2957.25, 5003.0], [2956.5, 50.0], [2955.25, 14616.0], [2954.25, 69410.0], [2953.75, 400.0], [2951.75, 30115.0], [2949.0, 40000.0], [2946.25, 30759.0], [2944.75, 40000.0], [2940.5, 30335.0], [2940.0, 25.0]], "asks": [[2962.25, 625.0], [2962.75, 3531.0], [2963.25, 8.0], [2964.25, 328.0], [2964.5, 1100.0], [2964.75, 328.0], [2965.0, 1100.0], [2965.25, 50.0], [2965.5, 5.0], [2966.0, 1478.0], [2966.25, 4951.0], [2966.5, 1478.0], [2966.75, 11334.0], [2967.0, 15067.0], [2970.5, 40000.0], [2971.25, 6.0], [2971.5, 29957.0], [2971.75, 400.0], [2972.75, 30688.0], [2976.5, 40000.0]]}}}
{"jsonrpc": "2.0", "method": "subscription", "params": {"channel": "book.ETH-6FEB26.none.20.100ms", "data": {"timestamp": 1769268322216, "change_id": 105977961235, "instrument_name": "ETH-6FEB26", "bids": [[2962.0, 13750.0], [2961.5, 203.0], [2961.25, 681.0], [2960.0, 6973.0], [2959.75, 7106.0], [2958.25, 345.0], [2958.0, 345.0], [2957.25, 5003.0], [2956.5, 50.0], [2955.25, 14616.0], [2954.25, 69410.0], [2953.75, 400.0], [2951.75, 30115.0], [2949.0, 40000.0], [2946.25, 30759.0], [2944.75, 40000.0], [2940.5, 30335.0], [2940.0, 25.0], [2930.75, 19750.0], [2924.75, 20123.0]], "asks": [[2962.25, 625.0], [2962.75, 3531.0], [2963.25, 8.0], [2964.25, 328.0], [2964.5, 1100.0], [2964.75, 328.0], [2965.0, 1100.0], [2965.25, 50.0], [2965.5, 5.0], [2966.0, 1478.0], [2966.25, 4951.0], [2966.5, 1478.0], [2966.75, 11334.0], [2967.0, 15067.0], [2970.5, 40000.0], [2971.25, 6.0], [2971.5, 29957.0], [2971.75, 400.0], [2972.75, 30688.0], [2976.5, 40000.0]]}}}
{"jsonrpc": "2.0", "method": "subscription", "params": {"channel": "book.ETH-6FEB26.none.20.100ms", "data": {"timestamp": 1769268322307, "change_id": 105977961354, "instrument_name": "ETH-6FEB26", "bids": [[2962.0, 10219.0], [2961.75, 3531.0], [2961.5, 203.0], [2961.25, 681.0], [2960.0, 6973.0], [2959.75, 7106.0], [2958.25, 345.0], [2958.0, 345.0], [2957.25, 5003.0], [2956.5, 50.0], [2955.25, 14616.0], [2954.25, 69410.0], [2953.75, 400.0], [2951.75, 30115.0], [2949.0, 40000.0], [2946.25, 30759.0], [2944.75, 40000.0], [2940.5, 30335.0], [2940.0, 25.0], [2930.75, 19750.0]], "asks": [[2962.25, 625.0], [2962.75, 3531.0], [2963.25, 8.0], [2964.25, 328.0], [2964.5, 1100.0], [2964.75, 328.0], [2965.0, 1100.0], [2965.25, 50.0], [2965.5, 5.0], [2966.0, 1478.0], [2966.25, 4951.0], [2966.5, 1478.0], [2966.75, 11334.0], [2967.0, 15067.0], [2970.5, 40000.0], [2971.25, 6.0], [2971.5, 29957.0], [2971.75, 400.0], [2972.75, 30688.0], [2976.5, 40000.0]]}}}
{"jsonrpc": "2.0", "method": "subscription", "params": {"channel": "book.ETH-6FEB26.none.20.100ms", "data": {"timestamp": 1769268322926, "change_id": 105977961832, "instrument_name": "ETH-6FEB26", "bids": [[2962.0, 10219.0], [2961.75, 3531.0], [2961.5, 203.0], [2961.25, 681.0], [2960.25, 1448.0], [2960.0, 4852.0], [2959.0, 6887.0], [2958.25, 345.0], [2958.0, 345.0], [2957.5, 1493.0], [2957.25, 5003.0], [2956.5, 50.0], [2955.25, 14616.0], [2954.25, 69410.0], [2953.75, 400.0], [2951.75, 30115.0], [2949.0, 40000.0], [2946.25, 30759.0], [2944.75, 40000.0], [2940.5, 30335.0]], "asks": [[2962.25, 625.0], [2962.75, 3531.0], [2963.25, 8.0], [2964.25, 328.0], [2964.5, 1100.0], [2964.75, 328.0], [2965.0, 1100.0], [2965.25, 50.0], [2965.5, 5.0], [2966.0, 1478.0], [2966.25, 4951.0], [2966.5, 1478.0], [2966.75, 11334.0], [2967.0, 15067.0], [2970.5, 40000.0], [2971.25, 6.0], [2971.5, 29957.0], [2971.75, 400.0], [2972.75, 30688.0], [2976.5, 40000.0]]}}}
{"jsonrpc": "2.0", "method": "subscription", "params": {"channel": "book.ETH-6FEB26.none.20.100ms", "data": {"timestamp": 1769268323781, "change_id": 105977962538, "instrument_name": "ETH-6FEB26", "bids": [[2962.0, 13750.0], [2961.5, 203.0], [2961.25, 681.0], [2960.25, 1448.0], [2960.0, 4852.0], [2959.0, 6887.0], [2958.25, 345.0], [2958.0, 345.0], [2957.5, 1493.0], [2957.25, 5003.0], [2956.5, 50.0], [2955.25, 14616.0], [2954.25, 69410.0], [2953.75, 400.0], [2951.75, 30115.0], [2949.0, 40000.0], [2946.25, 30759.0], [2944.75, 40000.0], [2940.5, 30335.0], [2940.0, 25.0]], "asks": [[2962.25, 625.0], [2962.75, 3531.0], [2963.25, 8.0], [2964.25, 328.0], [2964.5, 1100.0], [2964.75, 328.0], [2965.0, 1100.0], [2965.25, 50.0], [2965.5, 5.0], [2966.0, 1478.0], [2966.25, 4951.0], [2966.5, 1478.0], [2966.75, 11334.0], [2967.0, 15067.0], [2970.5, 40000.0], [2971.25, 6.0], [2971.5, 29957.0], [2971.75, 400.0], [2972.75, 30688.0], [2976.5, 40000.0]]}}}
{"jsonrpc": "2.0", "method": "subscription", "params": {"channel": "book.ETH-6FEB26.none.20.100ms", "data": {"timestamp": 1769268324011, "change_id": 105977962830, "instrument_name": "ETH-6FEB26", "bids": [[2962.0, 10219.0], [2961.75, 3531.0], [2961.5, 203.0], [2961.25, 681.0], [2960.25, 1448.0], [2960.0, 4852.0], [2959.25, 2056.0], [2959.0, 6887.0], [2958.25, 345.0], [2958.0, 345.0], [2957.5, 1493.0], [2957.25, 5003.0], [2956.5, 50.0], [2955.25, 14616.0], [2954.25, 69410.0], [2953.75, 400.0], [2951.75, 30115.0], [2949.0, 40000.0], [2946.25, 30759.0], [2944.75, 40000.0]], "asks": [[2962.25, 625.0], [2962.75, 3531.0], [2963.25, 8.0], [2964.25, 328.0], [2964.5, 1100.0], [2964.75, 328.0], [2965.0, 1100.0], [2965.25, 50.0], [2965.5, 5.0], [2966.0, 1478.0], [2966.25, 4951.0], [2966.5, 1478.0], [2966.75, 11334.0], [2967.0, 15067.0], [2970.5, 40000.0], [2971.25, 6.0], [2971.5, 29957.0], [2971.75, 400.0], [2972.75, 30688.0], [2976.5, 40000.0]]}}}
{"jsonrpc": "2.0", "method": "subscription", "params": {"channel": "book.ETH-6FEB26.none.20.100ms", "data": {"timestamp": 1769268324807, "change_id": 105977963580, "instrument_name": "ETH-6FEB26", "bids": [[2962.0, 13750.0], [2961.5, 203.0], [2961.25, 681.0], [2960.25, 4852.0], [2959.25, 2056.0], [2959.0, 6887.0], [2958.25, 345.0], [2958.0, 345.0], [2957.75, 5003.0], [2956.5, 50.0], [2955.25, 14616.0], [2954.25, 69410.0], [2953.75, 400.0], [2951.75, 30115.0], [2949.0, 40000.0], [2946.25, 30759.0], [2944.75, 40000.0], [2940.5, 30335.0], [2940.0, 25.0], [2930.75, 19750.0]], "asks": [[2962.25, 625.0], [2962.75, 3531.0], [2963.25, 8.0], [2964.25, 328.0], [2964.5, 1100.0], [2964.75, 328.0], [2965.0, 1100.0], [2965.25, 50.0], [2965.5, 5.0], [2966.0, 1478.0], [2966.25, 4951.0], [2966.5, 1478.0], [2966.75, 11334.0], [2967.0, 15067.0], [2970.5, 40000.0], [2971.25, 6.0], [2971.5, 29957.0], [2971.75, 400.0], [2972.75, 30688.0], [2976.5, 40000.0]]}}}
{"jsonrpc": "2.0", "method": "subscription", "params": {"channel": "book.ETH-6FEB26.none.20.100ms", "data": {"timestamp": 1769268325498, "change_id": 105977964254, "instrument_name": "ETH-6FEB26", "bids": [[2962.0, 13750.0], [2961.5, 203.0], [2961.25, 681.0], [2960.5, 1448.0], [2960.25, 4852.0], [2959.25, 2056.0], [2959.0, 6887.0], [2958.25, 345.0], [2958.0, 1838.0], [2957.75, 5003.0], [2956.5, 50.0], [2955.25, 14616.0], [2954.25, 69410.0], [2953.75, 400.0], [2951.75, 30115.0], [2949.0, 40000.0], [2946.25, 30759.0], [2944.75, 40000.0], [2940.5, 30335.0], [2940.0, 25.0]], "asks": [[2962.25, 625.0], [2962.75, 3531.0], [2963.25, 8.0], [2964.25, 328.0], [2964.5, 1100.0], [2964.75, 328.0], [2965.0, 1100.0], [2965.25, 2190.0], [2965.5, 7168.0], [2966.0, 1478.0], [2966.25, 4951.0], [2966.75, 4497.0], [2967.0, 15067.0], [2970.5, 40000.0], [2971.25, 6.0], [2971.5, 29957.0], [2971.75, 400.0], [2972.75, 30688.0], [2976.5, 40000.0], [2976.75, 29347.0]]}}}
{"jsonrpc": "2.0", "method": "subscription", "params": {"channel": "book.ETH-6FEB26.none.20.100ms", "data": {"timestamp": 1769268325590, "change_id": 105977964376, "instrument_name": "ETH-6FEB26", "bids": [[2961.75, 3531.0], [2961.25, 56.0], [2960.75, 625.0], [2960.5, 1448.0], [2960.25, 4852.0], [2958.25, 345.0], [2958.0, 1838.0], [2957.75, 5003.0], [2957.0, 7072.0], [2956.5, 50.0], [2955.25, 14616.0], [2954.25, 69410.0], [2953.75, 400.0], [2951.75, 30115.0], [2949.0, 40000.0], [2946.25, 30759.0], [2944.75, 40000.0], [2940.5, 30335.0], [2940.0, 25.0], [2930.75, 19750.0]], "asks": [[2962.0, 625.0], [2962.75, 3531.0], [2963.25, 8.0], [2964.25, 328.0], [2964.5, 1100.0], [2964.75, 328.0], [2965.0, 1100.0], [2965.25, 2190.0], [2965.5, 7168.0], [2966.0, 1478.0], [2966.25, 4951.0], [2966.75, 4497.0], [2967.0, 15067.0], [2970.5, 40000.0], [2971.25, 6.0], [2971.5, 29957.0], [2971.75, 400.0], [2972.75, 30688.0], [2976.5, 40000.0], [2976.75, 29347.0]]}}}
{"jsonrpc": "2.0", "method": "subscription", "params": {"channel": "book.ETH-6FEB26.none.20.100ms", "data": {"timestamp": 1769268326171, "change_id": 105977965114, "instrument_name": "ETH-6FEB26", "bids": [[2961.75, 3531.0], [2961.5, 9481.0], [2961.25, 56.0], [2960.75, 625.0], [2960.5, 1448.0], [2960.25, 4852.0], [2959.75, 6882.0], [2958.25, 345.0], [2958.0, 1838.0], [2957.75, 5003.0], [2956.5, 50.0], [2955.25, 14616.0], [2954.25, 69410.0], [2953.75, 400.0], [2951.75, 30115.0], [2949.0, 40000.0], [2946.25, 30759.0], [2944.75, 40000.0], [2940.5, 30335.0], [2940.0, 25.0]], "asks": [[2962.0, 625.0], [2962.5, 1100.0], [2962.75, 3531.0], [2963.25, 8.0], [2964.25, 328.0], [2964.5, 1100.0], [2964.75, 328.0], [2965.0, 1100.0], [2965.25, 2190.0], [2965.5, 7168.0], [2966.0, 1478.0], [2966.25, 4951.0], [2966.75, 4497.0], [2967.0, 15067.0], [2970.5, 40000.0], [2971.25, 6.0], [2971.5, 29957.0], [2971.75, 400.0], [2972.75, 30688.0], [2976.5, 40000.0]]}}}
{"jsonrpc": "2.0", "method": "subscription", "params": {"channel": "book.ETH-6FEB26.none.20.100ms", "data": {"timestamp": 1769268326199, "change_id": 105977965115, "instrument_name": "ETH-6FEB26", "bids": [[2961.75, 3531.0], [2961.25, 56.0], [2960.75, 625.0], [2960.5, 1448.0], [2960.25, 4852.0], [2959.75, 6882.0], [2958.25, 345.0], [2958.0, 1838.0], [2957.75, 5003.0], [2956.5, 50.0], [2955.25, 14616.0], [2954.25, 69410.0], [2953.75, 400.0], [2951.75, 30115.0], [2949.0, 40000.0], [2946.25, 30759.0], [2944.75, 40000.0], [2940.5, 30335.0], [2940.0, 25.0], [2930.75, 19750.0]], "asks": [[2962.0, 625.0], [2962.5, 1100.0], [2962.75, 3531.0], [2963.25, 8.0], [2964.25, 328.0], [2964.5, 1100.0], [2964.75, 328.0], [2965.0, 1100.0], [2965.25, 2190.0], [2965.5, 7168.0], [2966.0, 1478.0], [2966.25, 4951.0], [2966.75, 4497.0], [2967.0, 15067.0], [2970.5, 40000.0], [2971.25, 6.0], [2971.5, 29957.0], [2971.75, 400.0], [2972.75, 30688.0], [2976.5, 40000.0]]}}}
{"jsonrpc": "2.0", "method": "subscription", "params": {"channel": "book.ETH-6FEB26.none.20.100ms", "data": {"timestamp": 1769268326662, "change_id": 105977965377, "instrument_name": "ETH-6FEB26", "bids": [[2961.75, 3531.0], [2961.25, 384.0], [2961.0, 1100.0], [2960.75, 625.0], [2960.5, 1448.0], [2960.25, 4852.0], [2960.0, 2054.0], [2959.75, 6882.0], [2958.25, 345.0], [2958.0, 1838.0], [2957.75, 5003.0], [2956.5, 50.0], [2955.25, 14616.0], [2954.25, 69410.0], [2953.75, 400.0], [2951.75, 30115.0], [2949.0, 40000.0], [2946.25, 30759.0], [2944.75, 40000.0], [2940.5, 30335.0]], "asks": [[2962.0, 625.0], [2962.5, 2154.0], [2962.75, 3531.0], [2963.25, 8.0], [2963.75, 239.0], [2964.0, 800.0], [2964.25, 328.0], [2964.5, 1100.0], [2964.75, 328.0], [2965.0, 1100.0], [2965.25, 2190.0], [2965.5, 7168.0], [2966.0, 1478.0], [2966.25, 4951.0], [2966.75, 4497.0], [2967.0, 15067.0], [2970.5, 40000.0], [2971.25, 6.0], [2971.5, 29957.0], [2971.75, 400.0]]}}}
{"jsonrpc": "2.0", "method": "subscription", "params": {"channel": "book.ETH-6FEB26.none.20.100ms", "data": {"timestamp": 1769268327176, "change_id": 105977966025, "instrument_name": "ETH-6FEB26", "bids": [[2961.75, 13749.0], [2961.25, 384.0], [2961.0, 1100.0], [2960.75, 1725.0], [2960.5, 1448.0], [2960.25, 4852.0], [2960.0, 2054.0], [2959.75, 6882.0], [2958.25, 345.0], [2958.0, 1838.0], [2957.75, 5003.0], [2956.5, 50.0], [2955.25, 14616.0], [2954.25, 69410.0], [2953.75, 400.0], [2951.75, 30115.0], [2949.0, 40000.0], [2946.25, 30759.0], [2944.75, 40000.0], [2940.5, 30335.0]], "asks": [[2962.0, 625.0], [2962.5, 2154.0], [2962.75, 3531.0], [2963.25, 8.0], [2963.75, 239.0], [2964.0, 800.0], [2964.25, 328.0], [2964.5, 1100.0], [2964.75, 328.0], [2965.0, 1100.0], [2965.25, 2190.0], [2965.5, 7168.0], [2966.0, 1478.0], [2966.25, 4951.0], [2966.75, 4497.0], [2967.0, 15067.0], [2970.5, 40000.0], [2971.25, 6.0], [2971.5, 29957.0], [2971.75, 400.0]]}}}
{"jsonrpc": "2.0", "method": "subscription", "params": {"channel": "book.ETH-6FEB26.none.20.100ms", "data": {"timestamp": 1769268327462, "change_id": 105977966205, "instrument_name": "ETH-6FEB26", "bids": [[2961.75, 3531.0], [2961.25, 384.0], [2961.0, 1100.0], [2960.75, 1725.0], [2960.5, 1448.0], [2960.25, 4852.0], [2960.0, 2054.0], [2959.75, 6882.0], [2958.25, 345.0], [2958.0, 1838.0], [2957.75, 5003.0], [2956.5, 50.0], [2955.25, 14616.0], [2954.25, 69410.0], [2953.75, 400.0], [2951.75, 30115.0], [2949.0, 40000.0], [2946.25, 30759.0], [2944.75, 40000.0], [2940.5, 30335.0]], "asks": [[2962.0, 625.0], [2962.5, 2154.0], [2962.75, 3531.0], [2963.25, 8.0], [2963.75, 239.0], [2964.0, 800.0], [2964.25, 328.0], [2964.5, 1100.0], [2964.75, 328.0], [2965.0, 1100.0], [2965.25, 2190.0], [2965.5, 7168.0], [2966.0, 1478.0], [2966.25, 4951.0], [2966.75, 4497.0], [2967.0, 15067.0], [2970.5, 40000.0], [2971.25, 6.0], [2971.5, 29957.0], [2971.75, 400.0]]}}}
{"jsonrpc": "2.0", "method": "subscription", "params": {"channel": "book.ETH-6FEB26.none.20.100ms", "data": {"timestamp": 1769268327809, "change_id": 105977966559, "instrument_name": "ETH-6FEB26", "bids": [[2961.75, 13749.0], [2961.25, 384.0], [2961.0, 1615.0], [2960.75, 1725.0], [2960.0, 6906.0], [2959.75, 6882.0], [2958.25, 345.0], [2958.0, 345.0], [2957.0, 1493.0], [2956.75, 5003.0], [2956.5, 50.0], [2955.25, 14616.0], [2954.25, 69410.0], [2953.75, 400.0], [2951.75, 30115.0], [2949.0, 40000.0], [2946.25, 30759.0], [2944.75, 40000.0], [2940.5, 30335.0], [2940.0, 25.0]], "asks": [[2962.0, 625.0], [2962.5, 2154.0], [2962.75, 3531.0], [2963.25, 8.0], [2963.75, 239.0], [2964.0, 800.0], [2964.25, 328.0], [2964.5, 1100.0], [2964.75, 328.0], [2965.0, 1100.0], [2965.25, 2190.0], [2965.5, 7168.0], [2966.0, 1478.0], [2966.25, 4951.0], [2966.75, 4497.0], [2967.0, 15067.0], [2970.5, 40000.0], [2971.25, 6.0], [2971.5, 29957.0], [2971.75, 400.0]]}}}
{"jsonrpc": "2.0", "method": "subscription", "params": {"channel": "book.ETH-6FEB26.none.20.100ms", "data": {"timestamp": 1769268328149, "change_id": 105977966941, "instrument_name": "ETH-6FEB26", "bids": [[2961.75, 3531.0], [2961.25, 384.0], [2961.0, 1100.0], [2960.75, 625.0], [2960.25, 1100.0], [2960.0, 6906.0], [2959.75, 6882.0], [2958.25, 345.0], [2958.0, 345.0], [2957.0, 1493.0], [2956.75, 5003.0], [2956.5, 50.0], [2955.25, 14616.0], [2954.25, 69410.0], [2953.75, 400.0], [2951.75, 30115.0], [2949.0, 40000.0], [2946.25, 30759.0], [2944.75, 40000.0], [2940.5, 30335.0]], "asks": [[2962.0, 625.0], [2962.5, 2154.0], [2962.75, 3539.0], [2963.75, 239.0], [2964.0, 800.0], [2964.25, 328.0], [2964.5, 1100.0], [2964.75, 328.0], [2965.0, 1100.0], [2965.25, 2190.0], [2965.5, 7168.0], [2966.0, 1478.0], [2966.25, 4951.0], [2966.75, 4497.0], [2967.0, 15067.0], [2970.5, 40000.0], [2971.25, 6.0], [2971.5, 29957.0], [2971.75, 400.0], [2972.75, 30688.0]]}}}
{"jsonrpc": "2.0", "method": "subscription", "params": {"channel": "book.ETH-6FEB26.none.20.100ms", "data": {"timestamp": 1769268328773, "change_id": 105977967344, "instrument_name": "ETH-6FEB26", "bids": [[2961.75, 3531.0], [2961.25, 384.0], [2961.0, 1725.0], [2960.25, 1100.0], [2960.0, 6906.0], [2959.75, 6882.0], [2958.25, 345.0], [2958.0, 345.0], [2957.0, 1493.0], [2956.75, 5003.0], [2956.5, 50.0], [2955.25, 14616.0], [2954.25, 69410.0], [2953.75, 400.0], [2951.75, 30115.0], [2949.0, 40000.0], [2946.25, 30759.0], [2944.75, 40000.0], [2940.5, 30335.0], [2940.0, 25.0]], "asks": [[2962.0, 625.0], [2962.5, 2154.0], [2962.75, 3539.0], [2963.75, 239.0], [2964.0, 800.0], [2964.25, 328.0], [2964.5, 1100.0], [2964.75, 328.0], [2965.0, 1100.0], [2965.25, 2190.0], [2965.5, 7168.0], [2966.0, 1478.0], [2966.25, 4951.0], [2966.75, 4497.0], [2967.0, 15067.0], [2970.5, 40000.0], [2971.25, 6.0], [2971.5, 29957.0], [2971.75, 400.0], [2972.75, 30688.0]]}}}
{"jsonrpc": "2.0", "method": "subscription", "params": {"channel": "book.ETH-6FEB26.none.20.100ms", "data": {"timestamp": 1769268329138, "change_id": 105977967852, "instrument_name": "ETH-6FEB26", "bids": [[2962.0, 13750.0], [2961.25, 56.0], [2961.0, 625.0], [2960.25, 2548.0], [2960.0, 6906.0], [2959.75, 6882.0], [2958.25, 345.0], [2958.0, 345.0], [2957.0, 1493.0], [2956.75, 5003.0], [2956.5, 50.0], [2955.25, 14616.0], [2954.25, 69410.0], [2953.75, 400.0], [2951.75, 30115.0], [2949.0, 40000.0], [2946.25, 30759.0], [2944.75, 40000.0], [2940.5, 30335.0], [2940.0, 25.0]], "asks": [[2962.5, 2154.0], [2962.75, 4164.0], [2963.75, 239.0], [2964.0, 800.0], [2964.25, 328.0], [2964.5, 1100.0], [2964.75, 328.0], [2965.0, 1100.0], [2965.25, 2190.0], [2965.5, 7168.0], [2966.0, 1478.0], [2966.25, 4951.0], [2966.75, 4497.0], [2967.0, 15067.0], [2970.5, 40000.0], [2971.25, 6.0], [2971.5, 29957.0], [2971.75, 400.0], [2972.75, 30688.0], [2976.5, 40000.0]]}}}
{"jsonrpc": "2.0", "method": "subscription", "params": {"channel": "book.ETH-6FEB26.none.20.100ms", "data": {"timestamp": 1769268329455, "change_id": 105977968195, "instrument_name": "ETH-6FEB26", "bids": [[2962.0, 13750.0], [2961.0, 625.0], [2960.5, 56.0], [2960.25, 2548.0], [2960.0, 4852.0], [2958.75, 2101.0], [2958.5, 7040.0], [2958.25, 345.0], [2958.0, 345.0], [2957.0, 1493.0], [2956.75, 5003.0], [2956.5, 50.0], [2955.25, 14616.0], [2954.25, 69410.0], [2951.75, 30115.0], [2951.0, 400.0], [2949.0, 40000.0], [2946.25, 30759.0], [2944.75, 40000.0], [2940.5, 30335.0]], "asks": [[2962.25, 625.0], [2962.5, 2154.0], [2962.75, 3531.0], [2963.0, 8.0], [2963.75, 239.0], [2964.0, 800.0], [2964.25, 328.0], [2964.5, 1100.0], [2964.75, 328.0], [2965.0, 1100.0], [2965.25, 2190.0], [2965.5, 7168.0], [2966.0, 1478.0], [2966.25, 4951.0], [2966.75, 4497.0], [2967.0, 15067.0], [2970.5, 40000.0], [2971.25, 6.0], [2971.5, 29957.0], [2972.75, 30688.0]]}}}
{"jsonrpc": "2.0", "method": "subscription", "params": {"channel": "book.ETH-6FEB26.none.20.100ms", "data": {"timestamp": 1769268329676, "change_id": 105977968284, "instrument_name": "ETH-6FEB26", "bids": [[2962.0, 13750.0], [2961.0, 681.0], [2960.25, 2548.0], [2960.0, 4852.0], [2959.75, 6887.0], [2958.25, 345.0], [2958.0, 345.0], [2957.0, 1493.0], [2956.75, 5003.0], [2956.5, 50.0], [2955.25, 14616.0], [2954.25, 69410.0], [2951.75, 30115.0], [2951.0, 400.0], [2949.0, 40000.0], [2946.25, 30759.0], [2944.75, 40000.0], [2940.5, 30335.0], [2940.0, 25.0], [2930.75, 19750.0]], "asks": [[2962.25, 625.0], [2962.5, 2154.0], [2962.75, 3531.0], [2963.0, 8.0], [2963.75, 239.0], [2964.0, 800.0], [2964.25, 328.0], [2964.5, 1100.0], [2964.75, 328.0], [2965.0, 1100.0], [2965.25, 2190.0], [2965.5, 7168.0], [2966.0, 1478.0], [2966.25, 4951.0], [2966.75, 4497.0], [2967.0, 15067.0], [2970.5, 40000.0], [2971.25, 6.0], [2971.5, 29957.0], [2972.75, 30688.0]]}}}
{"jsonrpc": "2.0", "method": "subscription", "params": {"channel": "book.ETH-6FEB26.none.20.100ms", "data": {"timestamp": 1769268330355, "change_id": 105977969039, "instrument_name": "ETH-6FEB26", "bids": [[2962.0, 13750.0], [2961.25, 203.0], [2961.0, 681.0], [2960.25, 1448.0], [2960.0, 4852.0], [2959.75, 6887.0], [2958.25, 345.0], [2958.0, 345.0], [2957.0, 1493.0], [2956.75, 5003.0], [2956.5, 50.0], [2955.25, 14616.0], [2954.25, 69410.0], [2953.25, 400.0], [2951.75, 30115.0], [2949.0, 40000.0], [2946.25, 30759.0], [2944.75, 40000.0], [2940.5, 30335.0], [2940.0, 25.0]], "asks": [[2962.25, 625.0], [2962.5, 2154.0], [2962.75, 3531.0], [2963.0, 8.0], [2963.75, 239.0], [2964.0, 800.0], [2964.25, 328.0], [2964.5, 1100.0], [2964.75, 328.0], [2965.0, 1100.0], [2965.25, 2190.0], [2965.5, 7168.0], [2966.0, 1478.0], [2966.25, 4951.0], [2966.75, 4497.0], [2967.0, 15067.0], [2970.5, 40000.0], [2971.0, 400.0], [2971.25, 6.0], [2971.5, 29957.0]]}}}
{"jsonrpc": "2.0", "method": "subscription", "params": {"channel": "book.ETH-6FEB26.none.20.100ms", "data": {"timestamp": 1769268330805, "change_id": 105977969481, "instrument_name": "ETH-6FEB26", "bids": [[2962.0, 13750.0], [2961.25, 203.0], [2961.0, 681.0], [2960.25, 1448.0], [2960.0, 4852.0], [2959.75, 6887.0], [2958.25, 345.0], [2958.0, 345.0], [2957.25, 5003.0], [2956.5, 50.0], [2955.25, 14616.0], [2954.25, 69410.0], [2953.25, 400.0], [2951.75, 30115.0], [2949.0, 40000.0], [2946.25, 30759.0], [2944.75, 40000.0], [2940.5, 30335.0], [2940.0, 25.0], [2930.75, 19750.0]], "asks": [[2962.25, 625.0], [2962.5, 2154.0], [2962.75, 3531.0], [2963.0, 8.0], [2963.75, 239.0], [2964.0, 800.0], [2964.25, 328.0], [2964.5, 1100.0], [2964.75, 328.0], [2965.0, 1100.0], [2965.25, 2190.0], [2965.5, 7168.0], [2966.0, 1478.0], [2966.25, 4951.0], [2966.75, 4497.0], [2967.0, 15067.0], [2970.5, 40000.0], [2971.0, 400.0], [2971.25, 6.0], [2971.5, 29957.0]]}}}
{"jsonrpc": "2.0", "method": "subscription", "params": {"channel": "book.ETH-6FEB26.none.20.100ms", "data": {"timestamp": 1769268331023, "change_id": 105977969904, "instrument_name": "ETH-6FEB26", "bids": [[2962.5, 1054.0], [2962.25, 7605.0], [2962.0, 10219.0], [2961.25, 625.0], [2961.0, 56.0], [2960.25, 4852.0], [2959.75, 6887.0], [2958.25, 345.0], [2958.0, 345.0], [2957.5, 5003.0], [2956.5, 50.0], [2955.25, 14616.0], [2954.25, 69410.0], [2953.25, 400.0], [2951.75, 30115.0], [2949.0, 40000.0], [2946.25, 30759.0], [2944.75, 40000.0], [2940.5, 30335.0], [2940.0, 25.0]], "asks": [[2963.0, 3539.0], [2963.25, 625.0], [2963.75, 239.0], [2964.0, 800.0], [2964.25, 328.0], [2964.5, 1100.0], [2964.75, 328.0], [2965.0, 1100.0], [2965.25, 50.0], [2965.5, 5.0], [2966.0, 1478.0], [2966.25, 4951.0], [2966.75, 4497.0], [2967.0, 22146.0], [2970.5, 40000.0], [2971.0, 400.0], [2971.25, 6.0], [2971.5, 29957.0], [2972.75, 30688.0], [2976.5, 40000.0]]}}}
{"jsonrpc": "2.0", "method": "subscription", "params": {"channel": "book.ETH-6FEB26.none.20.100ms", "data": {"timestamp": 1769268331278, "change_id": 105977970149, "instrument_name": "ETH-6FEB26", "bids": [[2962.5, 1054.0], [2962.25, 7605.0], [2962.0, 10219.0], [2961.25, 625.0], [2961.0, 56.0], [2960.25, 4852.0], [2959.75, 6887.0], [2958.25, 345.0], [2958.0, 345.0], [2957.5, 5003.0], [2956.5, 50.0], [2955.25, 14616.0], [2954.25, 69410.0], [2953.25, 400.0], [2951.75, 30115.0], [2949.0, 40000.0], [2946.25, 30759.0], [2944.75, 40000.0], [2940.5, 30335.0], [2940.0, 25.0]], "asks": [[2963.0, 3539.0], [2963.25, 625.0], [2963.75, 239.0], [2964.0, 800.0], [2964.25, 328.0], [2964.5, 1100.0], [2964.75, 328.0], [2965.0, 3154.0], [2965.25, 6881.0], [2965.5, 5.0], [2966.0, 1478.0], [2966.25, 4951.0], [2966.75, 4497.0], [2967.0, 15366.0], [2967.25, 1000.0], [2970.5, 40000.0], [2971.0, 400.0], [2971.25, 6.0], [2971.5, 29957.0], [2972.25, 1000.0]]}}}
{"jsonrpc": "2.0", "method": "subscription", "params": {"channel": "book.ETH-6FEB26.none.20.100ms", "data": {"timestamp": 1769268331756, "change_id": 105977970495, "instrument_name": "ETH-6FEB26", "bids": [[2962.25, 3531.0], [2962.0, 10219.0], [2961.25, 625.0], [2961.0, 56.0], [2960.25, 4852.0], [2960.0, 2056.0], [2959.75, 6887.0], [2958.25, 345.0], [2958.0, 345.0], [2957.75, 1493.0], [2957.5, 5003.0], [2956.5, 50.0], [2955.25, 14616.0], [2954.25, 69410.0], [2953.25, 400.0], [2951.75, 30115.0], [2949.0, 40000.0], [2946.25, 30759.0], [2944.75, 40000.0], [2940.5, 30335.0]], "asks": [[2962.5, 625.0], [2962.75, 800.0], [2963.0, 3539.0], [2963.75, 239.0], [2964.0, 800.0], [2964.25, 328.0], [2964.5, 1100.0], [2964.75, 328.0], [2965.0, 3154.0], [2965.25, 6881.0], [2965.5, 5.0], [2966.0, 1478.0], [2966.25, 4951.0], [2966.75, 4497.0], [2967.0, 15366.0], [2967.25, 1000.0], [2970.5, 40000.0], [2971.0, 400.0], [2971.25, 6.0], [2971.5, 29957.0]]}}}
{"jsonrpc": "2.0", "method": "subscription", "params": {"channel": "book.ETH-6FEB26.none.20.100ms", "data": {"timestamp": 1769268332104, "change_id": 105977970917, "instrument_name": "ETH-6FEB26", "bids": [[2962.25, 3531.0], [2962.0, 10219.0], [2961.25, 625.0], [2961.0, 56.0], [2960.25, 4852.0], [2960.0, 2056.0], [2959.75, 6887.0], [2958.25, 345.0], [2958.0, 345.0], [2957.75, 1493.0], [2957.5, 5003.0], [2956.5, 50.0], [2955.25, 14616.0], [2954.25, 69410.0], [2953.25, 400.0], [2951.75, 30115.0], [2949.0, 40000.0], [2946.25, 30759.0], [2944.75, 40000.0], [2940.5, 30335.0]], "asks": [[2962.5, 625.0], [2962.75, 800.0], [2963.0, 3539.0], [2963.75, 239.0], [2964.0, 800.0], [2964.25, 328.0], [2964.5, 1100.0], [2964.75, 1428.0], [2965.0, 3154.0], [2965.25, 6881.0], [2965.5, 5.0], [2966.0, 1478.0], [2966.25, 4951.0], [2966.75, 4497.0], [2967.0, 15366.0], [2967.25, 1000.0], [2970.5, 40000.0], [2971.0, 400.0], [2971.25, 6.0], [2971.5, 29957.0]]}}}
{"jsonrpc": "2.0", "method": "subscription", "params": {"channel": "book.ETH-6FEB26.none.20.100ms", "data": {"timestamp": 1769268332817, "change_id": 105977971587, "instrument_name": "ETH-6FEB26", "bids": [[2962.0, 10219.0], [2961.0, 681.0], [2960.5, 1448.0], [2960.25, 4852.0], [2958.75, 2082.0], [2958.5, 6974.0], [2958.25, 345.0], [2958.0, 345.0], [2957.75, 1493.0], [2957.5, 5003.0], [2956.5, 50.0], [2955.25, 14616.0], [2954.25, 69410.0], [2953.25, 400.0], [2951.75, 30115.0], [2949.0, 40000.0], [2946.25, 30759.0], [2944.75, 40000.0], [2940.5, 30335.0], [2940.0, 25.0]], "asks": [[2962.5, 625.0], [2962.75, 1856.0], [2963.0, 3539.0], [2963.75, 239.0], [2964.0, 800.0], [2964.25, 328.0], [2964.5, 1428.0], [2964.75, 1428.0], [2965.0, 3154.0], [2965.25, 6881.0], [2965.5, 5.0], [2966.0, 1478.0], [2966.25, 4951.0], [2966.75, 4497.0], [2967.0, 15366.0], [2967.25, 1000.0], [2970.5, 40000.0], [2971.0, 400.0], [2971.25, 6.0], [2971.5, 29957.0]]}}}
{"jsonrpc": "2.0", "method": "subscription", "params": {"channel": "book.ETH-6FEB26.none.20.100ms", "data": {"timestamp": 1769268333076, "change_id": 105977971989, "instrument_name": "ETH-6FEB26", "bids": [[2962.0, 13750.0], [2961.0, 681.0], [2959.75, 6979.0], [2959.0, 4852.0], [2958.25, 345.0], [2958.0, 345.0], [2957.75, 5003.0], [2956.5, 50.0], [2955.5, 4363.0], [2955.25, 14616.0], [2954.25, 69410.0], [2953.25, 400.0], [2951.75, 30115.0], [2949.0, 40000.0], [2946.25, 30759.0], [2944.75, 40000.0], [2940.5, 30335.0], [2940.0, 25.0], [2930.75, 19750.0], [2924.75, 20123.0]], "asks": [[2962.25, 625.0], [2962.75, 4331.0], [2963.0, 8.0], [2963.75, 239.0], [2964.0, 800.0], [2964.25, 328.0], [2964.5, 1428.0], [2964.75, 1428.0], [2965.0, 3154.0], [2965.25, 6881.0], [2965.5, 5.0], [2966.0, 1478.0], [2966.25, 4951.0], [2966.75, 4497.0], [2967.0, 15366.0], [2967.25, 1000.0], [2970.5, 40000.0], [2971.0, 400.0], [2971.25, 6.0], [2971.5, 29957.0]]}}}
{"jsonrpc": "2.0", "method": "subscription", "params": {"channel": "book.ETH-6FEB26.none.20.100ms", "data": {"timestamp": 1769268333706, "change_id": 105977972409, "instrument_name": "ETH-6FEB26", "bids": [[2962.0, 13750.0], [2961.0, 681.0], [2959.0, 4852.0], [2958.5, 6814.0], [2958.25, 345.0], [2958.0, 345.0], [2957.75, 5003.0], [2956.5, 50.0], [2955.5, 4363.0], [2955.25, 14616.0], [2954.25, 69410.0], [2953.25, 400.0], [2951.75, 30115.0], [2949.0, 40000.0], [2946.25, 30759.0], [2944.75, 40000.0], [2940.5, 30335.0], [2940.0, 25.0], [2930.75, 19750.0], [2924.75, 20123.0]], "asks": [[2962.25, 625.0], [2962.75, 4331.0], [2963.0, 8.0], [2963.75, 239.0], [2964.0, 800.0], [2964.25, 328.0], [2964.5, 1428.0], [2964.75, 1428.0], [2965.0, 3154.0], [2965.25, 6881.0], [2965.5, 5.0], [2966.0, 1478.0], [2966.25, 4951.0], [2966.75, 4497.0], [2967.0, 15366.0], [2967.25, 1000.0], [2970.5, 40000.0], [2971.0, 400.0], [2971.25, 6.0], [2971.5, 29957.0]]}}}
{"jsonrpc": "2.0", "method": "subscription", "params": {"channel": "book.ETH-6FEB26.none.20.100ms", "data": {"timestamp": 1769268333976, "change_id": 105977972771, "instrument_name": "ETH-6FEB26", "bids": [[2962.0, 13750.0], [2961.25, 203.0], [2961.0, 681.0], [2959.75, 7010.0], [2959.25, 1448.0], [2959.0, 4852.0], [2958.25, 345.0], [2958.0, 345.0], [2957.75, 5003.0], [2956.5, 50.0], [2955.5, 4363.0], [2955.25, 14616.0], [2954.25, 69410.0], [2953.25, 400.0], [2951.75, 30115.0], [2949.0, 40000.0], [2946.25, 30759.0], [2944.75, 40000.0], [2940.5, 30335.0], [2940.0, 25.0]], "asks": [[2962.25, 625.0], [2962.75, 4331.0], [2963.0, 8.0], [2963.75, 239.0], [2964.0, 800.0], [2964.25, 328.0], [2964.5, 1428.0], [2964.75, 1428.0], [2965.0, 3154.0], [2965.25, 6881.0], [2965.5, 5.0], [2966.0, 1478.0], [2966.25, 4951.0], [2966.75, 4497.0], [2967.0, 15366.0], [2967.25, 1000.0], [2970.5, 40000.0], [2971.0, 400.0], [2971.25, 6.0], [2971.5, 29957.0]]}}}
{"jsonrpc": "2.0", "method": "subscription", "params": {"channel": "book.ETH-6FEB26.none.20.100ms", "data": {"timestamp": 1769268334437, "change_id": 105977973214, "instrument_name": "ETH-6FEB26", "bids": [[2962.0, 10219.0], [2961.75, 3531.0], [2961.25, 203.0], [2961.0, 681.0], [2959.75, 7010.0], [2959.25, 1448.0], [2959.0, 4852.0], [2958.25, 345.0], [2958.0, 345.0], [2957.75, 5003.0], [2956.5, 50.0], [2955.5, 4363.0], [2955.25, 14616.0], [2954.25, 29410.0], [2953.25, 400.0], [2952.5, 40000.0], [2951.75, 30115.0], [2949.0, 40000.0], [2946.25, 30759.0], [2940.5, 70335.0]], "asks": [[2962.25, 625.0], [2962.5, 3770.0], [2962.75, 800.0], [2963.0, 8.0], [2963.75, 239.0], [2964.0, 800.0], [2964.25, 328.0], [2964.5, 1428.0], [2964.75, 1428.0], [2965.0, 3154.0], [2965.25, 6881.0], [2965.5, 5.0], [2966.0, 1478.0], [2966.25, 4951.0], [2966.75, 4497.0], [2967.0, 15366.0], [2967.25, 1000.0], [2970.5, 40000.0], [2971.0, 400.0], [2971.25, 6.0]]}}}
{"jsonrpc": "2.0", "method": "subscription", "params": {"channel": "book.ETH-6FEB26.none.20.100ms", "data": {"timestamp": 1769268334688, "change_id": 105977973577, "instrument_name": "ETH-6FEB26", "bids": [[2961.75, 3531.0], [2961.25, 203.0], [2961.0, 681.0], [2959.75, 7010.0], [2959.25, 1448.0], [2959.0, 4852.0], [2958.25, 345.0], [2958.0, 345.0], [2957.75, 5003.0], [2956.5, 50.0], [2955.5, 4363.0], [2955.25, 14616.0], [2954.25, 29410.0], [2953.25, 400.0], [2952.5, 40000.0], [2951.75, 30115.0], [2949.0, 40000.0], [2946.25, 30759.0], [2940.5, 70335.0], [2940.0, 25.0]], "asks": [[2962.0, 625.0], [2962.5, 3770.0], [2963.0, 8.0], [2963.75, 239.0], [2964.0, 800.0], [2964.25, 328.0], [2964.5, 1428.0], [2964.75, 1428.0], [2965.0, 3154.0], [2965.25, 6881.0], [2965.5, 5.0], [2966.0, 1478.0], [2966.25, 4951.0], [2966.75, 4497.0], [2967.0, 15067.0], [2970.5, 40000.0], [2971.0, 400.0], [2971.25, 6.0], [2971.5, 29957.0], [2972.75, 30688.0]]}}}
{"jsonrpc": "2.0", "method": "subscription", "params": {"channel": "book.ETH-6FEB26.none.20.100ms", "data": {"timestamp": 1769268335072, "change_id": 105977974195, "instrument_name": "ETH-6FEB26", "bids": [[2961.75, 3531.0], [2961.25, 203.0], [2961.0, 681.0], [2960.25, 1100.0], [2960.0, 6944.0], [2959.75, 7010.0], [2958.25, 345.0], [2958.0, 345.0], [2957.0, 1493.0], [2956.75, 5003.0], [2956.5, 50.0], [2955.5, 4363.0], [2955.25, 14616.0], [2954.25, 29410.0], [2953.25, 400.0], [2952.5, 40000.0], [2951.75, 30115.0], [2949.0, 40000.0], [2946.25, 30759.0], [2940.5, 70335.0]], "asks": [[2962.0, 625.0], [2962.5, 3770.0], [2963.0, 8.0], [2963.75, 239.0], [2964.0, 800.0], [2964.25, 328.0], [2964.5, 1428.0], [2964.75, 1428.0], [2965.0, 3154.0], [2965.25, 6881.0], [2965.5, 5.0], [2966.0, 1478.0], [2966.25, 4951.0], [2966.75, 4497.0], [2967.0, 15067.0], [2970.5, 40000.0], [2971.0, 400.0], [2971.25, 6.0], [2971.5, 29957.0], [2972.75, 30688.0]]}}}
{"jsonrpc": "2.0", "method": "subscription", "params": {"channel": "book.ETH-6FEB26.none.20.100ms", "data": {"timestamp": 1769268335331, "change_id": 105977974354, "instrument_name": "ETH-6FEB26", "bids": [[2961.75, 3531.0], [2961.25, 203.0], [2961.0, 681.0], [2960.25, 1100.0], [2960.0, 6944.0], [2959.75, 7010.0], [2958.25, 345.0], [2958.0, 345.0], [2957.0, 1493.0], [2956.75, 5003.0], [2956.5, 50.0], [2955.5, 4363.0], [2955.25, 14616.0], [2954.25, 29410.0], [2953.25, 400.0], [2952.5, 40000.0], [2951.75, 30115.0], [2949.0, 40000.0], [2946.25, 30759.0], [2940.5, 70335.0]], "asks": [[2962.0, 625.0], [2962.5, 3770.0], [2963.0, 8.0], [2963.75, 239.0], [2964.0, 800.0], [2964.25, 328.0], [2964.5, 1428.0], [2964.75, 1428.0], [2965.0, 3154.0], [2965.25, 6881.0], [2965.5, 5.0], [2966.0, 1478.0], [2966.25, 4951.0], [2966.75, 5497.0], [2967.0, 15067.0], [2970.5, 40000.0], [2971.0, 400.0], [2971.25, 6.0], [2971.5, 29957.0], [2971.75, 1000.0]]}}}
{"jsonrpc": "2.0", "method": "subscription", "params": {"channel": "book.ETH-6FEB26.none.20.100ms", "data": {"timestamp": 1769268335658, "change_id": 105977974475, "instrument_name": "ETH-6FEB26", "bids": [[2961.75, 13749.0], [2961.25, 203.0], [2961.0, 681.0], [2960.25, 1100.0], [2960.0, 6944.0], [2959.75, 7010.0], [2958.25, 345.0], [2958.0, 345.0], [2957.0, 1493.0], [2956.75, 5003.0], [2956.5, 50.0], [2955.5, 4363.0], [2955.25, 14616.0], [2954.25, 29410.0], [2953.25, 400.0], [2952.5, 40000.0], [2951.75, 30115.0], [2949.0, 40000.0], [2946.25, 30759.0], [2940.5, 70335.0]], "asks": [[2962.0, 625.0], [2962.5, 3770.0], [2963.0, 8.0], [2963.75, 239.0], [2964.0, 800.0], [2964.25, 328.0], [2964.5, 1428.0], [2964.75, 1428.0], [2965.0, 3154.0], [2965.25, 6881.0], [2965.5, 5.0], [2966.0, 1478.0], [2966.25, 4951.0], [2966.75, 5497.0], [2967.0, 15067.0], [2970.5, 40000.0], [2971.0, 400.0], [2971.25, 6.0], [2971.5, 29957.0], [2971.75, 1000.0]]}}}
{"jsonrpc": "2.0", "method": "subscription", "params": {"channel": "book.ETH-6FEB26.none.20.100ms", "data": {"timestamp": 1769268336311, "change_id": 105977975346, "instrument_name": "ETH-6FEB26", "bids": [[2961.75, 13749.0], [2961.25, 203.0], [2961.0, 681.0], [2960.25, 2548.0], [2960.0, 6944.0], [2959.75, 7010.0], [2958.25, 345.0], [2958.0, 345.0], [2957.0, 1493.0], [2956.75, 5003.0], [2956.5, 50.0], [2955.5, 4363.0], [2955.25, 14616.0], [2954.25, 29410.0], [2953.25, 400.0], [2952.5, 40000.0], [2951.75, 30115.0], [2949.0, 40000.0], [2946.25, 30759.0], [2940.5, 70335.0]], "asks": [[2962.0, 625.0], [2962.5, 3770.0], [2963.0, 8.0], [2963.75, 239.0], [2964.0, 800.0], [2964.25, 328.0], [2964.5, 1428.0], [2964.75, 1428.0], [2965.0, 3154.0], [2965.25, 6881.0], [2965.5, 5.0], [2966.0, 1478.0], [2966.25, 4951.0], [2966.75, 5497.0], [2967.0, 15067.0], [2970.5, 40000.0], [2971.0, 400.0], [2971.25, 6.0], [2971.5, 29957.0], [2971.75, 1000.0]]}}}
{"jsonrpc": "2.0", "method": "subscription", "params": {"channel": "book.ETH-6FEB26.none.20.100ms", "data": {"timestamp": 1769268339721, "change_id": 105977978321, "instrument_name": "ETH-6FEB26", "bids": [[2961.75, 13749.0], [2961.25, 203.0], [2961.0, 681.0], [2960.25, 1448.0], [2960.0, 6944.0], [2959.75, 7010.0], [2958.25, 345.0], [2958.0, 345.0], [2957.0, 1493.0], [2956.75, 5003.0], [2956.5, 50.0], [2955.5, 4363.0], [2955.25, 14616.0], [2954.25, 29410.0], [2953.25, 400.0], [2952.5, 40000.0], [2951.75, 30115.0], [2949.0, 40000.0], [2946.25, 30759.0], [2940.5, 70335.0]], "asks": [[2962.0, 625.0], [2962.5, 3770.0], [2963.0, 8.0], [2963.75, 239.0], [2964.0, 800.0], [2964.25, 328.0], [2964.5, 1428.0], [2964.75, 1428.0], [2965.0, 3154.0], [2965.25, 6881.0], [2965.5, 5.0], [2966.0, 1478.0], [2966.25, 4951.0], [2966.75, 5497.0], [2967.0, 15067.0], [2970.5, 40000.0], [2971.0, 400.0], [2971.25, 6.0], [2971.5, 29957.0], [2971.75, 1000.0]]}}}
{"jsonrpc": "2.0", "method": "subscription", "params": {"channel": "book.ETH-6FEB26.none.20.100ms", "data": {"timestamp": 1769268340088, "change_id": 105977978803, "instrument_name": "ETH-6FEB26", "bids": [[2961.75, 13749.0], [2961.25, 203.0], [2961.0, 681.0], [2960.25, 1448.0], [2960.0, 4852.0], [2959.0, 2047.0], [2958.75, 6858.0], [2958.25, 345.0], [2958.0, 345.0], [2957.5, 1493.0], [2957.25, 5003.0], [2956.5, 50.0], [2955.5, 4363.0], [2955.25, 14616.0], [2954.25, 29410.0], [2953.25, 400.0], [2952.5, 40000.0], [2951.75, 30115.0], [2949.0, 40000.0], [2946.25, 30759.0]], "asks": [[2962.0, 625.0], [2962.5, 3770.0], [2963.0, 8.0], [2963.75, 239.0], [2964.0, 800.0], [2964.25, 328.0], [2964.5, 1428.0], [2964.75, 1428.0], [2965.0, 3154.0], [2965.25, 6881.0], [2965.5, 5.0], [2966.0, 1478.0], [2966.25, 4951.0], [2966.75, 5497.0], [2967.0, 15067.0], [2970.5, 40000.0], [2971.0, 400.0], [2971.25, 6.0], [2971.5, 29957.0], [2971.75, 1000.0]]}}}
{"jsonrpc": "2.0", "method": "subscription", "params": {"channel": "book.ETH-6FEB26.none.20.100ms", "data": {"timestamp": 1769268341312, "change_id": 105977979819, "instrument_name": "ETH-6FEB26", "bids": [[2961.75, 13749.0], [2961.25, 203.0], [2961.0, 681.0], [2960.25, 1448.0], [2960.0, 4852.0], [2959.0, 2047.0], [2958.75, 6858.0], [2958.25, 345.0], [2958.0, 345.0], [2957.5, 1493.0], [2957.25, 5003.0], [2956.5, 50.0], [2955.5, 4363.0], [2955.25, 14616.0], [2954.25, 29410.0], [2953.25, 400.0], [2952.5, 40000.0], [2951.75, 30115.0], [2949.0, 40000.0], [2946.25, 30759.0]], "asks": [[2962.0, 625.0], [2962.5, 1054.0], [2962.75, 3531.0], [2963.0, 8.0], [2963.75, 239.0], [2964.0, 800.0], [2964.25, 328.0], [2964.5, 1428.0], [2964.75, 1428.0], [2965.0, 3154.0], [2965.25, 6881.0], [2965.5, 5.0], [2966.0, 1478.0], [2966.25, 4951.0], [2966.75, 5497.0], [2967.0, 15067.0], [2970.5, 40000.0], [2971.0, 400.0], [2971.25, 6.0], [2971.5, 29957.0]]}}}
{"jsonrpc": "2.0", "method": "subscription", "params": {"channel": "book.ETH-6FEB26.none.20.100ms", "data": {"timestamp": 1769268341993, "change_id": 105977980464, "instrument_name": "ETH-6FEB26", "bids": [[2961.75, 13749.0], [2961.25, 203.0], [2961.0, 681.0], [2960.25, 1448.0], [2960.0, 4852.0], [2959.0, 2047.0], [2958.75, 6858.0], [2958.25, 345.0], [2958.0, 345.0], [2957.5, 1493.0], [2957.25, 5003.0], [2956.5, 50.0], [2955.5, 4363.0], [2955.25, 14616.0], [2954.25, 29410.0], [2953.25, 400.0], [2952.5, 40000.0], [2951.75, 30115.0], [2949.0, 40000.0], [2946.25, 30759.0]], "asks": [[2962.0, 625.0], [2962.5, 1054.0], [2962.75, 3531.0], [2963.0, 8.0], [2963.75, 239.0], [2964.0, 800.0], [2964.25, 328.0], [2964.5, 1100.0], [2964.75, 328.0], [2965.0, 1100.0], [2965.25, 50.0], [2965.5, 5.0], [2966.0, 1478.0], [2966.25, 4951.0], [2966.75, 5497.0], [2967.0, 22079.0], [2970.5, 40000.0], [2971.0, 400.0], [2971.25, 6.0], [2971.5, 29957.0]]}}}
{"jsonrpc": "2.0", "method": "subscription", "params": {"channel": "book.ETH-6FEB26.none.20.100ms", "data": {"timestamp": 1769268342278, "change_id": 105977980647, "instrument_name": "ETH-6FEB26", "bids": [[2961.75, 13749.0], [2961.25, 203.0], [2961.0, 681.0], [2960.25, 1448.0], [2960.0, 4852.0], [2959.0, 2047.0], [2958.75, 6858.0], [2958.25, 345.0], [2958.0, 345.0], [2957.5, 1493.0], [2957.25, 5003.0], [2956.5, 50.0], [2955.5, 4363.0], [2955.25, 14616.0], [2954.25, 29410.0], [2953.25, 400.0], [2952.5, 40000.0], [2951.75, 30115.0], [2949.0, 40000.0], [2946.25, 30759.0]], "asks": [[2962.0, 625.0], [2962.5, 1054.0], [2962.75, 3531.0], [2963.0, 8.0], [2963.75, 239.0], [2964.0, 800.0], [2964.25, 328.0], [2964.5, 1100.0], [2964.75, 328.0], [2965.0, 3241.0], [2965.25, 7174.0], [2965.5, 5.0], [2966.0, 1478.0], [2966.25, 4951.0], [2966.75, 5497.0], [2967.0, 15067.0], [2970.5, 40000.0], [2971.0, 400.0], [2971.25, 6.0], [2971.5, 29957.0]]}}}
{"jsonrpc": "2.0", "method": "subscription", "params": {"channel": "book.ETH-6FEB26.none.20.100ms", "data": {"timestamp": 1769268351950, "change_id": 105977988915, "instrument_name": "ETH-6FEB26", "bids": [[2961.75, 3531.0], [2961.25, 203.0], [2961.0, 681.0], [2960.25, 1448.0], [2960.0, 4852.0], [2959.0, 2047.0], [2958.75, 6858.0], [2958.25, 345.0], [2958.0, 345.0], [2957.5, 1493.0], [2957.25, 5003.0], [2956.5, 50.0], [2955.5, 4363.0], [2955.25, 14616.0], [2954.25, 29410.0], [2953.25, 400.0], [2952.5, 40000.0], [2951.75, 30115.0], [2949.0, 40000.0], [2946.25, 30759.0]], "asks": [[2962.0, 625.0], [2962.5, 1054.0], [2962.75, 3531.0], [2963.0, 8.0], [2963.75, 239.0], [2964.0, 800.0], [2964.25, 328.0], [2964.5, 1100.0], [2964.75, 328.0], [2965.0, 3241.0], [2965.25, 7174.0], [2965.5, 5.0], [2966.0, 1478.0], [2966.25, 4951.0], [2966.75, 5497.0], [2967.0, 15067.0], [2970.5, 40000.0], [2971.0, 400.0], [2971.25, 6.0], [2971.5, 29957.0]]}}}
{"jsonrpc": "2.0", "method": "subscription", "params": {"channel": "book.ETH-6FEB26.none.20.100ms", "data": {"timestamp": 1769268352322, "change_id": 105977989320, "instrument_name": "ETH-6FEB26", "bids": [[2961.75, 13749.0], [2961.25, 203.0], [2961.0, 681.0], [2960.25, 1448.0], [2960.0, 4852.0], [2959.0, 2047.0], [2958.75, 6858.0], [2958.25, 345.0], [2958.0, 345.0], [2957.5, 1493.0], [2957.25, 5003.0], [2956.5, 50.0], [2955.5, 4363.0], [2955.25, 14616.0], [2954.25, 29410.0], [2953.25, 400.0], [2952.5, 40000.0], [2951.75, 30115.0], [2949.0, 40000.0], [2946.25, 30759.0]], "asks": [[2962.0, 625.0], [2962.5, 1054.0], [2962.75, 3531.0], [2963.0, 8.0], [2963.75, 239.0], [2964.0, 800.0], [2964.25, 328.0], [2964.5, 1100.0], [2964.75, 328.0], [2965.0, 3241.0], [2965.25, 7174.0], [2965.5, 5.0], [2966.0, 1478.0], [2966.25, 4951.0], [2966.75, 5497.0], [2967.0, 15067.0], [2970.5, 40000.0], [2971.0, 400.0], [2971.25, 6.0], [2971.5, 29957.0]]}}}
{"jsonrpc": "2.0", "method": "subscription", "params": {"channel": "book.ETH-6FEB26.none.20.100ms", "data": {"timestamp": 1769268352678, "change_id": 105977989797, "instrument_name": "ETH-6FEB26", "bids": [[2960.25, 56.0], [2959.5, 1448.0], [2959.25, 4852.0], [2958.25, 345.0], [2958.0, 345.0], [2956.5, 50.0], [2955.5, 4363.0], [2955.25, 14616.0], [2954.5, 8779.0], [2954.25, 29410.0], [2953.25, 400.0], [2952.5, 40000.0], [2951.75, 30115.0], [2949.0, 40000.0], [2946.25, 30759.0], [2940.5, 70335.0], [2940.0, 25.0], [2930.75, 19750.0], [2924.75, 20123.0], [2905.0, 19832.0]], "asks": [[2961.75, 625.0], [2962.5, 8.0], [2963.75, 239.0], [2964.0, 800.0], [2964.25, 328.0], [2964.5, 1100.0], [2964.75, 328.0], [2965.0, 3241.0], [2965.25, 7174.0], [2965.5, 5.0], [2966.75, 5497.0], [2967.0, 15067.0], [2970.5, 40000.0], [2971.0, 400.0], [2971.25, 6.0], [2971.75, 1000.0], [2972.75, 30688.0], [2976.5, 40000.0], [2976.75, 29347.0], [2978.0, 6.0]]}}}
{"jsonrpc": "2.0", "method": "subscription", "params": {"channel": "book.ETH-6FEB26.none.20.100ms", "data": {"timestamp": 1769268352954, "change_id": 105977991638, "instrument_name": "ETH-6FEB26", "bids": [[2961.5, 3531.0], [2960.75, 3335.0], [2960.5, 11659.0], [2960.25, 1156.0], [2959.5, 328.0], [2959.25, 1100.0], [2958.25, 345.0], [2958.0, 345.0], [2957.5, 2096.0], [2957.25, 7021.0], [2956.5, 50.0], [2956.0, 1493.0], [2955.75, 5003.0], [2955.25, 14616.0], [2954.25, 29410.0], [2953.25, 400.0], [2952.5, 40000.0], [2951.75, 30115.0], [2946.25, 30759.0], [2946.0, 40000.0]], "asks": [[2961.75, 625.0], [2962.5, 1062.0], [2962.75, 3531.0], [2963.75, 239.0], [2964.0, 800.0], [2964.25, 328.0], [2964.5, 1100.0], [2964.75, 1201.0], [2965.0, 8192.0], [2965.25, 7174.0], [2965.5, 5.0], [2966.75, 4497.0], [2967.0, 15067.0], [2968.25, 29957.0], [2970.5, 40000.0], [2971.0, 400.0], [2971.25, 6.0], [2972.75, 30688.0], [2976.5, 40000.0], [2976.75, 29347.0]]}}}
{"jsonrpc": "2.0", "method": "subscription", "params": {"channel": "book.ETH-6FEB26.none.20.100ms", "data": {"timestamp": 1769268353178, "change_id": 105977991932, "instrument_name": "ETH-6FEB26", "bids": [[2961.5, 3531.0], [2961.0, 203.0], [2960.75, 4016.0], [2960.5, 11659.0], [2960.25, 1100.0], [2959.5, 2438.0], [2959.25, 8308.0], [2958.25, 345.0], [2958.0, 345.0], [2956.5, 50.0], [2956.0, 1493.0], [2955.75, 5003.0], [2955.25, 14616.0], [2954.25, 29410.0], [2953.25, 400.0], [2952.5, 40000.0], [2951.75, 30115.0], [2946.25, 30759.0], [2946.0, 40000.0], [2940.5, 70335.0]], "asks": [[2961.75, 625.0], [2962.5, 1062.0], [2962.75, 3531.0], [2963.75, 239.0], [2964.0, 800.0], [2964.25, 328.0], [2964.5, 1100.0], [2964.75, 1201.0], [2965.0, 8192.0], [2965.25, 7174.0], [2965.5, 5.0], [2966.75, 4497.0], [2967.0, 15067.0], [2968.25, 29957.0], [2970.5, 40000.0], [2971.0, 400.0], [2971.25, 6.0], [2972.75, 30688.0], [2976.5, 40000.0], [2976.75, 29347.0]]}}}
{"jsonrpc": "2.0", "method": "subscription", "params": {"channel": "book.ETH-6FEB26.none.20.100ms", "data": {"timestamp": 1769268353453, "change_id": 105977992185, "instrument_name": "ETH-6FEB26", "bids": [[2961.5, 3531.0], [2961.0, 203.0], [2960.75, 1009.0], [2960.5, 1445.0], [2960.25, 1100.0], [2959.5, 2438.0], [2959.25, 8308.0], [2958.25, 345.0], [2958.0, 345.0], [2956.5, 50.0], [2956.0, 1493.0], [2955.75, 5003.0], [2955.25, 14616.0], [2954.25, 29410.0], [2953.25, 400.0], [2952.5, 40000.0], [2951.75, 30115.0], [2946.25, 30759.0], [2946.0, 40000.0], [2940.5, 70335.0]], "asks": [[2961.75, 625.0], [2962.5, 1062.0], [2962.75, 3531.0], [2963.75, 239.0], [2964.0, 800.0], [2964.25, 328.0], [2964.5, 1100.0], [2964.75, 1201.0], [2965.0, 8192.0], [2965.25, 7174.0], [2965.5, 5.0], [2966.75, 4497.0], [2967.0, 15067.0], [2968.25, 29957.0], [2970.5, 40000.0], [2971.0, 400.0], [2971.25, 6.0], [2972.75, 30688.0], [2976.5, 40000.0], [2976.75, 29347.0]]}}}
{"jsonrpc": "2.0", "method": "subscription", "params": {"channel": "book.ETH-6FEB26.none.20.100ms", "data": {"timestamp": 1769268353877, "change_id": 105977992740, "instrument_name": "ETH-6FEB26", "bids": [[2961.5, 3531.0], [2961.25, 10216.0], [2961.0, 203.0], [2960.75, 1009.0], [2960.5, 1100.0], [2959.5, 2438.0], [2959.25, 7208.0], [2958.25, 345.0], [2958.0, 345.0], [2956.5, 50.0], [2956.0, 1493.0], [2955.75, 5003.0], [2955.25, 14616.0], [2954.25, 29410.0], [2953.25, 400.0], [2952.5, 40000.0], [2951.75, 30115.0], [2946.25, 30759.0], [2946.0, 40000.0], [2940.5, 70335.0]], "asks": [[2961.75, 625.0], [2962.25, 1100.0], [2962.5, 1054.0], [2962.75, 3531.0], [2963.75, 239.0], [2964.0, 800.0], [2964.25, 328.0], [2964.5, 1100.0], [2964.75, 1201.0], [2965.0, 8192.0], [2965.25, 7174.0], [2965.5, 5.0], [2966.75, 4497.0], [2967.0, 15067.0], [2968.25, 29957.0], [2970.5, 40000.0], [2971.0, 400.0], [2971.25, 6.0], [2972.75, 30688.0], [2976.5, 40000.0]]}}}
