{"jsonrpc": "2.0", "method": "subscription", "params": {"channel": "book.ETH-17OCT25.none.20.100ms", "data": {"timestamp": 1760128265638, "change_id": 90541886001, "instrument_name": "ETH-17OCT25", "bids": [[4019.75, 2500.0], [4019.5, 26923.0], [4019.25, 6203.0], [4019.0, 20782.0], [4018.75, 757.0], [4018.5, 7303.0], [4018.25, 17761.0], [4017.75, 600.0], [4016.75, 587.0], [4016.0, 4144.0], [4015.75, 16793.0], [4015.5, 9750.0], [4014.75, 585.0], [4014.25, 605.0], [4012.75, 2.0], [4012.5, 5994.0], [4012.25, 20082.0], [4010.75, 600.0], [4010.25, 845.0], [4010.0, 853.0]], "asks": [[4020.0, 10203.0], [4020.25, 49943.0], [4020.5, 24896.0], [4020.75, 20391.0], [4021.0, 21508.0], [4021.25, 12554.0], [4022.25, 601.0], [4023.25, 601.0], [4023.75, 4778.0], [4024.0, 14040.0], [4025.5, 572.0], [4025.75, 9750.0], [4026.25, 596.0], [4032.0, 593.0], [4032.5, 62863.0], [4033.0, 976.0], [4034.0, 45600.0], [4034.25, 7.0], [4034.5, 576.0], [4035.0, 50887.0]]}}}
{"jsonrpc": "2.0", "method": "subscription", "params": {"channel": "book.ETH-24OCT25.none.20.100ms", "data": {"timestamp": 1760128265633, "change_id": 90541885997, "instrument_name": "ETH-24OCT25", "bids": [[4021.75, 6567.0], [4021.5, 22000.0], [4021.0, 160.0], [4020.0, 5300.0], [4019.75, 22058.0], [4019.5, 14418.0], [4018.25, 5.0], [4015.5, 255.0], [4015.25, 855.0], [4013.0, 1010.0], [4012.75, 3383.0], [4012.5, 11940.0], [4012.25, 40000.0], [4012.0, 400.0], [4010.25, 5.0], [4007.75, 13567.0], [4005.0, 18363.0], [4003.5, 77027.0], [4002.25, 5.0], [3999.5, 36390.0]], "asks": [[4022.25, 6444.0], [4022.5, 22000.0], [4022.75, 5300.0], [4023.0, 17754.0], [4023.25, 160.0], [4024.0, 3104.0], [4024.25, 10399.0], [4027.5, 4238.0], [4027.75, 14199.0], [4033.25, 18996.0], [4034.25, 5.0], [4034.75, 38536.0], [4035.0, 40000.0], [4035.75, 400.0], [4036.0, 6352.0], [4037.0, 2.0], [4038.0, 38508.0], [4038.75, 38361.0], [4042.25, 5.0], [4043.25, 8.0]]}}}
{"jsonrpc": "2.0", "method": "subscription", "params": {"channel": "book.ETH-24OCT25.none.20.100ms", "data": {"timestamp": 1760128265998, "change_id": 90541887386, "instrument_name": "ETH-24OCT25", "bids": [[4021.25, 9797.0], [4021.0, 34406.0], [4020.0, 5300.0], [4019.75, 22058.0], [4019.5, 14418.0], [4018.25, 5.0], [4016.0, 1867.0], [4015.75, 6256.0], [4015.5, 255.0], [4015.25, 855.0], [4013.0, 1010.0], [4012.75, 3383.0], [4012.5, 11940.0], [4012.25, 40000.0], [4012.0, 400.0], [4010.25, 5.0], [4009.0, 18363.0], [4007.75, 50594.0], [4005.25, 36781.0], [4003.5, 40000.0]], "asks": [[4022.0, 4783.0], [4022.25, 22000.0], [4022.75, 5460.0], [4023.0, 17754.0], [4023.25, 9668.0], [4023.5, 32389.0], [4024.0, 3104.0], [4024.25, 10399.0], [4027.5, 4238.0], [4027.75, 14199.0], [4029.25, 5670.0], [4029.5, 18996.0], [4030.5, 38536.0], [4032.75, 6352.0], [4033.25, 38508.0], [4034.25, 5.0], [4035.0, 40000.0], [4035.75, 400.0], [4037.0, 2.0], [4038.75, 38361.0]]}}}
{"jsonrpc": "2.0", "method": "subscription", "params": {"channel": "book.ETH-17OCT25.none.20.100ms", "data": {"timestamp": 1760128265979, "change_id": 90541887296, "instrument_name": "ETH-17OCT25", "bids": [[4019.5, 4923.0], [4019.25, 8582.0], [4019.0, 25818.0], [4018.75, 33618.0], [4018.25, 5302.0], [4018.0, 17921.0], [4017.75, 600.0], [4017.5, 597.0], [4017.25, 2001.0], [4016.75, 587.0], [4016.0, 4144.0], [4015.75, 16793.0], [4015.5, 9750.0], [4014.75, 585.0], [4014.25, 605.0], [4012.75, 2.0], [4012.5, 5994.0], [4012.25, 20082.0], [4010.75, 600.0], [4010.25, 845.0]], "asks": [[4020.0, 38338.0], [4020.25, 28103.0], [4020.5, 24896.0], [4020.75, 22731.0], [4021.0, 21508.0], [4021.25, 10054.0], [4022.25, 601.0], [4023.25, 601.0], [4023.75, 4778.0], [4024.0, 14040.0], [4024.25, 587.0], [4025.5, 3482.0], [4025.75, 9750.0], [4026.25, 596.0], [4030.25, 26109.0], [4031.0, 50887.0], [4031.25, 587.0], [4031.75, 25677.0], [4032.0, 593.0], [4032.5, 62863.0]]}}}
{"jsonrpc": "2.0", "method": "subscription", "params": {"channel": "book.ETH-17OCT25.none.20.100ms", "data": {"timestamp": 1760128266293, "change_id": 90541888264, "instrument_name": "ETH-17OCT25", "bids": [[4019.5, 20.0], [4019.25, 7403.0], [4019.0, 25818.0], [4018.75, 12836.0], [4018.25, 5302.0], [4018.0, 17921.0], [4017.75, 600.0], [4017.5, 597.0], [4017.25, 2001.0], [4016.75, 587.0], [4016.0, 4144.0], [4015.75, 13883.0], [4015.5, 2910.0], [4015.25, 9750.0], [4014.75, 585.0], [4014.25, 605.0], [4012.75, 2.0], [4012.5, 5994.0], [4012.25, 20082.0], [4010.75, 600.0]], "asks": [[4020.0, 38338.0], [4020.25, 28103.0], [4020.5, 24896.0], [4020.75, 22731.0], [4021.0, 21508.0], [4021.25, 10054.0], [4022.25, 601.0], [4023.25, 601.0], [4023.75, 4778.0], [4024.0, 14040.0], [4024.25, 587.0], [4025.5, 3482.0], [4025.75, 9750.0], [4026.25, 596.0], [4030.25, 587.0], [4031.25, 587.0], [4032.0, 593.0], [4032.5, 62863.0], [4033.0, 976.0], [4034.0, 20078.0]]}}}
{"jsonrpc": "2.0", "method": "subscription", "params": {"channel": "book.ETH-24OCT25.none.20.100ms", "data": {"timestamp": 1760128266318, "change_id": 90541888314, "instrument_name": "ETH-24OCT25", "bids": [[4021.25, 9797.0], [4021.0, 34406.0], [4020.0, 5300.0], [4019.75, 22058.0], [4019.5, 14418.0], [4018.25, 5.0], [4015.5, 255.0], [4015.25, 855.0], [4013.0, 1010.0], [4012.75, 3383.0], [4012.0, 400.0], [4010.25, 5.0], [4009.75, 40000.0], [4008.0, 6256.0], [4007.75, 13567.0], [4003.5, 40000.0], [4002.25, 5.0], [3998.75, 18363.0], [3997.75, 40000.0], [3997.25, 37027.0]], "asks": [[4021.75, 6241.0], [4022.0, 22000.0], [4022.75, 5460.0], [4023.0, 17754.0], [4023.25, 9668.0], [4023.5, 32389.0], [4024.0, 3104.0], [4024.25, 10399.0], [4027.5, 4238.0], [4027.75, 14199.0], [4034.25, 5.0], [4035.0, 40000.0], [4035.75, 400.0], [4037.0, 2.0], [4039.75, 18996.0], [4040.25, 6352.0], [4041.25, 38536.0], [4042.25, 5.0], [4042.75, 38508.0], [4043.25, 8.0]]}}}
{"jsonrpc": "2.0", "method": "subscription", "params": {"channel": "book.ETH-17OCT25.none.20.100ms", "data": {"timestamp": 1760128266669, "change_id": 90541889167, "instrument_name": "ETH-17OCT25", "bids": [[4019.5, 20.0], [4019.25, 2500.0], [4019.0, 30721.0], [4018.75, 13227.0], [4018.25, 5302.0], [4018.0, 17921.0], [4017.75, 600.0], [4017.5, 597.0], [4017.25, 2001.0], [4016.75, 587.0], [4016.0, 4144.0], [4015.75, 13883.0], [4015.5, 2910.0], [4015.25, 9750.0], [4014.75, 585.0], [4014.25, 605.0], [4012.75, 2.0], [4012.5, 5994.0], [4012.25, 20082.0], [4010.75, 600.0]], "asks": [[4020.0, 38338.0], [4020.25, 28103.0], [4020.5, 24896.0], [4020.75, 22731.0], [4021.0, 21508.0], [4021.25, 10054.0], [4023.25, 601.0], [4023.75, 4778.0], [4024.0, 14040.0], [4024.25, 587.0], [4025.5, 3482.0], [4025.75, 9750.0], [4026.25, 596.0], [4027.5, 22350.0], [4030.25, 587.0], [4031.25, 587.0], [4032.0, 593.0], [4032.5, 40586.0], [4033.0, 976.0], [4034.0, 20078.0]]}}}
{"jsonrpc": "2.0", "method": "subscription", "params": {"channel": "book.ETH-24OCT25.none.20.100ms", "data": {"timestamp": 1760128266993, "change_id": 90541891353, "instrument_name": "ETH-24OCT25", "bids": [[4020.5, 22000.0], [4020.25, 160.0], [4019.0, 17754.0], [4018.25, 5.0], [4017.75, 14024.0], [4015.25, 855.0], [4012.75, 3383.0], [4010.25, 5.0], [4009.75, 40000.0], [4009.5, 400.0], [4007.75, 13567.0], [4003.5, 40000.0], [4002.25, 5.0], [4001.75, 6256.0], [3997.75, 40000.0], [3994.25, 5.0], [3990.75, 38360.0], [3986.25, 5.0], [3981.75, 131.0], [3981.5, 24670.0]], "asks": [[4021.75, 22000.0], [4022.25, 17754.0], [4022.75, 10057.0], [4023.0, 160.0], [4024.25, 340.0], [4027.75, 14199.0], [4033.25, 400.0], [4034.25, 5.0], [4035.0, 40000.0], [4037.0, 2.0], [4040.25, 6352.0], [4042.25, 5.0], [4043.25, 8.0], [4044.0, 38361.0], [4045.5, 40000.0], [4046.0, 32.0], [4046.5, 18996.0], [4048.0, 38536.0], [4049.5, 38508.0], [4050.5, 5.0]]}}}
{"jsonrpc": "2.0", "method": "subscription", "params": {"channel": "book.ETH-17OCT25.none.20.100ms", "data": {"timestamp": 1760128266975, "change_id": 90541891242, "instrument_name": "ETH-17OCT25", "bids": [[4019.5, 20.0], [4018.75, 4600.0], [4018.5, 23464.0], [4018.25, 4903.0], [4017.5, 5870.0], [4017.25, 19922.0], [4016.75, 587.0], [4015.25, 2910.0], [4015.0, 9750.0], [4014.75, 585.0], [4014.5, 4493.0], [4014.25, 15052.0], [4012.75, 2.0], [4012.25, 582.0], [4010.75, 600.0], [4010.25, 845.0], [4010.0, 853.0], [4009.75, 576.0], [4009.0, 596.0], [4008.75, 20499.0]], "asks": [[4019.75, 5300.0], [4020.0, 65723.0], [4020.25, 27385.0], [4020.5, 22892.0], [4021.0, 587.0], [4023.25, 601.0], [4023.75, 4778.0], [4024.0, 14040.0], [4024.25, 587.0], [4025.5, 3482.0], [4025.75, 9750.0], [4026.25, 596.0], [4027.5, 22350.0], [4030.25, 587.0], [4031.25, 587.0], [4032.0, 593.0], [4032.5, 40586.0], [4033.0, 976.0], [4034.0, 20078.0], [4034.25, 7.0]]}}}
{"jsonrpc": "2.0", "method": "subscription", "params": {"channel": "book.ETH-17OCT25.none.20.100ms", "data": {"timestamp": 1760128267330, "change_id": 90541892962, "instrument_name": "ETH-17OCT25", "bids": [[4019.5, 20.0], [4019.0, 2661.0], [4018.75, 16070.0], [4018.5, 5349.0], [4018.25, 17921.0], [4018.0, 391.0], [4017.5, 1184.0], [4017.25, 2001.0], [4016.75, 587.0], [4016.5, 4266.0], [4016.25, 14292.0], [4015.25, 2910.0], [4015.0, 9750.0], [4014.75, 585.0], [4014.25, 605.0], [4012.75, 2.0], [4012.25, 582.0], [4010.75, 600.0], [4010.25, 845.0], [4010.0, 853.0]], "asks": [[4019.75, 10003.0], [4020.0, 58151.0], [4020.25, 20392.0], [4020.5, 5302.0], [4020.75, 17761.0], [4021.0, 160.0], [4023.25, 601.0], [4023.5, 3086.0], [4023.75, 14528.0], [4024.0, 14040.0], [4024.25, 587.0], [4025.5, 572.0], [4026.25, 596.0], [4027.25, 7258.0], [4027.5, 22350.0], [4030.25, 587.0], [4031.25, 587.0], [4032.0, 593.0], [4032.5, 40586.0], [4033.0, 976.0]]}}}
{"jsonrpc": "2.0", "method": "subscription", "params": {"channel": "book.ETH-24OCT25.none.20.100ms", "data": {"timestamp": 1760128267332, "change_id": 90541892971, "instrument_name": "ETH-24OCT25", "bids": [[4021.25, 160.0], [4020.25, 32363.0], [4020.0, 31556.0], [4018.25, 5.0], [4015.25, 855.0], [4012.75, 3383.0], [4010.25, 5.0], [4009.75, 40000.0], [4009.5, 400.0], [4007.75, 13567.0], [4003.5, 40000.0], [4002.25, 5.0], [3997.75, 40000.0], [3994.25, 5.0], [3992.0, 18363.0], [3990.75, 38360.0], [3990.5, 37027.0], [3989.0, 36781.0], [3987.75, 36390.0], [3986.25, 5.0]], "asks": [[4021.75, 22000.0], [4022.75, 10057.0], [4023.0, 160.0], [4023.25, 17754.0], [4024.25, 340.0], [4027.75, 14199.0], [4033.25, 400.0], [4034.25, 5.0], [4035.0, 40000.0], [4037.0, 2.0], [4042.25, 5.0], [4043.25, 8.0], [4044.0, 38361.0], [4045.5, 40000.0], [4046.0, 32.0], [4046.5, 18996.0], [4048.0, 38536.0], [4049.5, 38508.0], [4050.5, 5.0], [4055.25, 40000.0]]}}}
{"jsonrpc": "2.0", "method": "subscription", "params": {"channel": "book.ETH-17OCT25.none.20.100ms", "data": {"timestamp": 1760128267659, "change_id": 90541894102, "instrument_name": "ETH-17OCT25", "bids": [[4019.5, 20.0], [4019.0, 12715.0], [4018.75, 26600.0], [4018.25, 17761.0], [4018.0, 551.0], [4017.5, 587.0], [4017.25, 2001.0], [4016.75, 587.0], [4015.25, 9750.0], [4014.75, 585.0], [4014.5, 14415.0], [4014.25, 605.0], [4012.75, 2.0], [4012.25, 582.0], [4010.75, 600.0], [4010.25, 845.0], [4010.0, 853.0], [4009.75, 576.0], [4009.0, 596.0], [4008.75, 20499.0]], "asks": [[4019.75, 10003.0], [4020.0, 48099.0], [4020.25, 20392.0], [4020.5, 5462.0], [4020.75, 17761.0], [4021.0, 10052.0], [4021.25, 2500.0], [4023.25, 601.0], [4023.75, 14528.0], [4024.0, 14040.0], [4024.25, 587.0], [4025.5, 572.0], [4026.25, 596.0], [4027.25, 587.0], [4027.5, 22350.0], [4030.25, 587.0], [4031.25, 587.0], [4032.0, 593.0], [4032.5, 40586.0], [4033.0, 976.0]]}}}
{"jsonrpc": "2.0", "method": "subscription", "params": {"channel": "book.ETH-24OCT25.none.20.100ms", "data": {"timestamp": 1760128267619, "change_id": 90541894041, "instrument_name": "ETH-24OCT25", "bids": [[4021.25, 160.0], [4020.25, 5300.0], [4020.0, 17754.0], [4018.75, 4303.0], [4018.5, 14414.0], [4018.25, 5.0], [4015.5, 255.0], [4015.25, 855.0], [4013.0, 1010.0], [4012.75, 3383.0], [4010.25, 5.0], [4009.75, 40000.0], [4009.5, 400.0], [4007.75, 13567.0], [4003.5, 40000.0], [4002.75, 6256.0], [4002.25, 5.0], [3997.75, 40000.0], [3994.25, 5.0], [3992.0, 18363.0]], "asks": [[4022.25, 5300.0], [4022.5, 17754.0], [4023.0, 160.0], [4023.75, 3002.0], [4024.0, 10057.0], [4024.25, 340.0], [4027.5, 4238.0], [4027.75, 14199.0], [4033.25, 400.0], [4034.25, 5.0], [4035.0, 40000.0], [4037.0, 2.0], [4042.25, 5.0], [4043.25, 8.0], [4044.0, 38361.0], [4045.5, 40000.0], [4046.0, 32.0], [4046.5, 18996.0], [4047.25, 6352.0], [4048.0, 38536.0]]}}}
{"jsonrpc": "2.0", "method": "subscription", "params": {"channel": "book.ETH-17OCT25.none.20.100ms", "data": {"timestamp": 1760128267990, "change_id": 90541895273, "instrument_name": "ETH-17OCT25", "bids": [[4019.5, 20.0], [4018.75, 2500.0], [4018.5, 22000.0], [4018.0, 5853.0], [4017.75, 17761.0], [4017.5, 587.0], [4017.25, 2001.0], [4016.75, 587.0], [4014.75, 4888.0], [4014.5, 14415.0], [4014.25, 605.0], [4012.75, 2.0], [4012.25, 582.0], [4010.75, 600.0], [4010.25, 845.0], [4010.0, 853.0], [4009.75, 576.0], [4009.0, 596.0], [4008.75, 20499.0], [4008.5, 576.0]], "asks": [[4019.75, 10003.0], [4020.0, 48290.0], [4020.25, 43260.0], [4020.5, 17429.0], [4020.75, 587.0], [4021.0, 10052.0], [4023.25, 601.0], [4023.75, 14528.0], [4024.0, 14040.0], [4024.25, 587.0], [4025.5, 572.0], [4026.25, 596.0], [4027.25, 587.0], [4027.5, 22350.0], [4030.25, 587.0], [4031.25, 587.0], [4032.0, 593.0], [4032.5, 40586.0], [4033.0, 976.0], [4034.0, 20078.0]]}}}
{"jsonrpc": "2.0", "method": "subscription", "params": {"channel": "book.ETH-24OCT25.none.20.100ms", "data": {"timestamp": 1760128267973, "change_id": 90541895236, "instrument_name": "ETH-24OCT25", "bids": [[4020.75, 6615.0], [4020.5, 22160.0], [4019.5, 5300.0], [4019.25, 17754.0], [4018.5, 14414.0], [4018.25, 5.0], [4015.5, 255.0], [4015.25, 855.0], [4012.75, 3383.0], [4010.25, 5.0], [4009.75, 40000.0], [4009.5, 400.0], [4007.75, 13567.0], [4003.5, 40000.0], [4002.25, 5.0], [3998.0, 6256.0], [3997.75, 40000.0], [3994.25, 5.0], [3992.0, 18363.0], [3990.75, 38360.0]], "asks": [[4021.5, 22000.0], [4022.5, 17914.0], [4023.0, 9667.0], [4023.25, 32385.0], [4024.0, 10057.0], [4024.25, 340.0], [4027.5, 4238.0], [4027.75, 14199.0], [4033.25, 400.0], [4034.25, 5.0], [4035.0, 40000.0], [4037.0, 2.0], [4042.25, 5.0], [4043.25, 8.0], [4044.0, 38361.0], [4045.5, 40000.0], [4046.0, 32.0], [4046.5, 18996.0], [4047.25, 6352.0], [4048.0, 38536.0]]}}}
{"jsonrpc": "2.0", "method": "subscription", "params": {"channel": "book.ETH-24OCT25.none.20.100ms", "data": {"timestamp": 1760128268225, "change_id": 90541896292, "instrument_name": "ETH-24OCT25", "bids": [[4020.75, 6615.0], [4020.5, 22160.0], [4019.5, 5300.0], [4019.25, 17754.0], [4018.75, 4303.0], [4018.5, 14414.0], [4018.25, 5.0], [4015.25, 2.0], [4013.0, 1018.0], [4012.75, 4228.0], [4010.25, 5.0], [4009.75, 40000.0], [4009.5, 400.0], [4007.75, 13567.0], [4003.5, 40000.0], [4002.25, 5.0], [3998.0, 6256.0], [3997.75, 40000.0], [3994.25, 5.0], [3992.0, 18363.0]], "asks": [[4021.5, 22000.0], [4022.25, 5347.0], [4022.5, 17914.0], [4023.0, 9667.0], [4023.25, 32385.0], [4023.75, 3002.0], [4024.0, 10057.0], [4024.25, 340.0], [4027.5, 4238.0], [4027.75, 14199.0], [4033.25, 400.0], [4034.25, 5.0], [4035.0, 40000.0], [4037.0, 2.0], [4042.25, 5.0], [4043.25, 8.0], [4044.0, 38361.0], [4045.5, 40000.0], [4046.0, 32.0], [4046.5, 18996.0]]}}}
{"jsonrpc": "2.0", "method": "subscription", "params": {"channel": "book.ETH-17OCT25.none.20.100ms", "data": {"timestamp": 1760128268170, "change_id": 90541896071, "instrument_name": "ETH-17OCT25", "bids": [[4019.5, 20.0], [4018.5, 26903.0], [4018.0, 5853.0], [4017.75, 17761.0], [4017.5, 587.0], [4017.25, 2001.0], [4016.75, 587.0], [4014.75, 14638.0], [4014.5, 14415.0], [4014.25, 605.0], [4012.75, 2.0], [4012.25, 582.0], [4010.75, 600.0], [4010.25, 845.0], [4010.0, 853.0], [4009.75, 576.0], [4009.0, 596.0], [4008.75, 20499.0], [4008.5, 576.0], [4008.0, 624.0]], "asks": [[4019.75, 10003.0], [4020.0, 53207.0], [4020.25, 43260.0], [4020.5, 27265.0], [4020.75, 32952.0], [4021.0, 10052.0], [4023.25, 601.0], [4023.75, 14528.0], [4024.0, 14040.0], [4024.25, 587.0], [4025.5, 572.0], [4026.25, 596.0], [4027.25, 587.0], [4027.5, 22350.0], [4030.25, 587.0], [4031.25, 587.0], [4032.0, 593.0], [4032.5, 40586.0], [4033.0, 976.0], [4034.0, 20078.0]]}}}
{"jsonrpc": "2.0", "method": "subscription", "params": {"channel": "book.ETH-24OCT25.none.20.100ms", "data": {"timestamp": 1760128268382, "change_id": 90541896470, "instrument_name": "ETH-24OCT25", "bids": [[4020.75, 6615.0], [4020.5, 31821.0], [4020.25, 32364.0], [4019.5, 5300.0], [4019.25, 17754.0], [4018.75, 4303.0], [4018.5, 14414.0], [4018.25, 5.0], [4015.25, 2.0], [4013.0, 1018.0], [4012.75, 4228.0], [4010.25, 5.0], [4009.75, 40000.0], [4009.5, 400.0], [4007.75, 13567.0], [4003.5, 40000.0], [4002.25, 5.0], [3998.0, 6256.0], [3997.75, 40000.0], [3994.25, 5.0]], "asks": [[4021.5, 22000.0], [4022.25, 5347.0], [4022.5, 17914.0], [4023.0, 9667.0], [4023.25, 32385.0], [4023.75, 3002.0], [4024.0, 10057.0], [4024.25, 340.0], [4027.5, 4238.0], [4027.75, 14199.0], [4033.25, 400.0], [4034.25, 5.0], [4035.0, 40000.0], [4037.0, 2.0], [4042.25, 5.0], [4043.25, 8.0], [4044.0, 38361.0], [4045.5, 40000.0], [4046.0, 32.0], [4046.5, 18996.0]]}}}
{"jsonrpc": "2.0", "method": "subscription", "params": {"channel": "book.ETH-17OCT25.none.20.100ms", "data": {"timestamp": 1760128268608, "change_id": 90541896944, "instrument_name": "ETH-17OCT25", "bids": [[4019.5, 20.0], [4018.75, 2500.0], [4018.5, 26903.0], [4018.0, 5852.0], [4017.75, 17761.0], [4017.5, 587.0], [4017.25, 2001.0], [4016.75, 587.0], [4014.75, 14638.0], [4014.5, 14415.0], [4014.25, 605.0], [4012.75, 2.0], [4012.25, 582.0], [4010.75, 600.0], [4010.25, 845.0], [4010.0, 853.0], [4009.75, 576.0], [4009.0, 596.0], [4008.75, 20499.0], [4008.5, 576.0]], "asks": [[4019.75, 10003.0], [4020.0, 55707.0], [4020.25, 43260.0], [4020.5, 24765.0], [4020.75, 32952.0], [4021.0, 10052.0], [4023.25, 601.0], [4023.75, 14528.0], [4024.0, 14040.0], [4024.25, 587.0], [4025.5, 572.0], [4026.25, 596.0], [4027.25, 587.0], [4027.5, 22350.0], [4030.25, 587.0], [4031.25, 587.0], [4032.0, 593.0], [4032.5, 40586.0], [4033.0, 976.0], [4034.0, 20078.0]]}}}
{"jsonrpc": "2.0", "method": "subscription", "params": {"channel": "book.ETH-17OCT25.none.20.100ms", "data": {"timestamp": 1760128268932, "change_id": 90541897809, "instrument_name": "ETH-17OCT25", "bids": [[4019.5, 20.0], [4018.5, 2500.0], [4018.25, 11470.0], [4018.0, 22000.0], [4017.75, 390.0], [4017.25, 19922.0], [4016.75, 587.0], [4014.75, 4888.0], [4014.5, 24165.0], [4014.25, 605.0], [4012.75, 2.0], [4012.25, 582.0], [4010.75, 600.0], [4010.25, 845.0], [4010.0, 853.0], [4009.75, 576.0], [4009.0, 596.0], [4008.75, 20499.0], [4008.5, 576.0], [4008.0, 624.0]], "asks": [[4019.75, 10003.0], [4020.0, 55707.0], [4020.25, 43260.0], [4020.5, 14929.0], [4020.75, 587.0], [4021.0, 10052.0], [4023.25, 601.0], [4023.75, 14528.0], [4024.0, 14040.0], [4024.25, 587.0], [4025.5, 572.0], [4026.25, 596.0], [4027.25, 587.0], [4027.5, 22350.0], [4030.25, 587.0], [4031.25, 587.0], [4032.0, 593.0], [4032.5, 40586.0], [4033.0, 976.0], [4034.0, 20078.0]]}}}
{"jsonrpc": "2.0", "method": "subscription", "params": {"channel": "book.ETH-24OCT25.none.20.100ms", "data": {"timestamp": 1760128268964, "change_id": 90541897907, "instrument_name": "ETH-24OCT25", "bids": [[4020.5, 160.0], [4020.25, 6567.0], [4020.0, 22000.0], [4019.5, 5300.0], [4019.25, 17754.0], [4018.75, 4303.0], [4018.5, 14414.0], [4018.25, 5.0], [4015.25, 2.0], [4013.0, 1018.0], [4012.75, 4228.0], [4010.25, 5.0], [4009.75, 40000.0], [4009.5, 400.0], [4007.75, 13567.0], [4003.5, 40000.0], [4002.25, 5.0], [3998.0, 6256.0], [3997.75, 40000.0], [3994.25, 5.0]], "asks": [[4021.25, 22000.0], [4021.5, 5300.0], [4021.75, 17754.0], [4022.0, 160.0], [4023.75, 3002.0], [4024.0, 10057.0], [4024.25, 340.0], [4027.5, 4238.0], [4027.75, 14199.0], [4033.25, 400.0], [4034.25, 5.0], [4035.0, 40000.0], [4037.0, 2.0], [4042.25, 5.0], [4043.25, 8.0], [4044.0, 38361.0], [4045.5, 40000.0], [4046.0, 32.0], [4046.5, 18996.0], [4047.25, 6352.0]]}}}
{"jsonrpc": "2.0", "method": "subscription", "params": {"channel": "book.ETH-17OCT25.none.20.100ms", "data": {"timestamp": 1760128269257, "change_id": 90541899111, "instrument_name": "ETH-17OCT25", "bids": [[4019.5, 20.0], [4018.5, 2500.0], [4018.25, 11470.0], [4018.0, 22000.0], [4017.75, 390.0], [4017.5, 5947.0], [4017.25, 19922.0], [4016.75, 587.0], [4014.75, 7248.0], [4014.5, 24165.0], [4014.25, 605.0], [4012.75, 2.0], [4010.75, 600.0], [4010.25, 845.0], [4010.0, 853.0], [4009.75, 576.0], [4009.0, 596.0], [4008.75, 20499.0], [4008.5, 576.0], [4008.0, 624.0]], "asks": [[4019.75, 10003.0], [4020.0, 64738.0], [4020.25, 75621.0], [4020.5, 14929.0], [4020.75, 3588.0], [4021.0, 10052.0], [4023.25, 601.0], [4023.5, 3086.0], [4023.75, 14528.0], [4024.0, 14040.0], [4025.5, 572.0], [4026.25, 596.0], [4027.25, 587.0], [4027.5, 22350.0], [4030.25, 587.0], [4031.25, 587.0], [4032.0, 593.0], [4032.5, 40586.0], [4033.0, 976.0], [4034.0, 20078.0]]}}}
{"jsonrpc": "2.0", "method": "subscription", "params": {"channel": "book.ETH-24OCT25.none.20.100ms", "data": {"timestamp": 1760128269102, "change_id": 90541898646, "instrument_name": "ETH-24OCT25", "bids": [[4020.5, 160.0], [4020.25, 6567.0], [4020.0, 22000.0], [4019.5, 5300.0], [4019.25, 17754.0], [4018.75, 4303.0], [4018.5, 14414.0], [4018.25, 5.0], [4015.25, 2.0], [4013.0, 1018.0], [4012.75, 4228.0], [4010.25, 5.0], [4009.75, 40000.0], [4009.5, 400.0], [4007.75, 13567.0], [4003.5, 40000.0], [4002.25, 5.0], [3998.5, 6256.0], [3997.75, 40000.0], [3994.25, 5.0]], "asks": [[4021.0, 6567.0], [4021.25, 22000.0], [4021.5, 5300.0], [4021.75, 17754.0], [4022.0, 160.0], [4023.75, 3002.0], [4024.0, 10057.0], [4024.25, 340.0], [4027.5, 4238.0], [4027.75, 14199.0], [4033.25, 400.0], [4034.25, 5.0], [4035.0, 40000.0], [4037.0, 2.0], [4042.25, 5.0], [4043.25, 8.0], [4045.5, 40000.0], [4046.0, 32.0], [4046.5, 18996.0], [4047.25, 6352.0]]}}}
{"jsonrpc": "2.0", "method": "subscription", "params": {"channel": "book.ETH-17OCT25.none.20.100ms", "data": {"timestamp": 1760128269508, "change_id": 90541899510, "instrument_name": "ETH-17OCT25", "bids": [[4019.5, 20.0], [4018.5, 2500.0], [4018.25, 11470.0], [4018.0, 22000.0], [4017.75, 390.0], [4017.5, 5947.0], [4017.25, 19922.0], [4016.75, 587.0], [4014.75, 7248.0], [4014.5, 24165.0], [4014.25, 605.0], [4010.75, 600.0], [4010.25, 847.0], [4010.0, 853.0], [4009.75, 576.0], [4009.0, 596.0], [4008.75, 20499.0], [4008.5, 576.0], [4008.0, 624.0], [4007.25, 40000.0]], "asks": [[4019.75, 10003.0], [4020.0, 74787.0], [4020.25, 75621.0], [4020.5, 14929.0], [4020.75, 587.0], [4023.25, 601.0], [4023.5, 3086.0], [4023.75, 14528.0], [4024.0, 14040.0], [4025.5, 572.0], [4026.25, 596.0], [4027.25, 587.0], [4027.5, 22350.0], [4030.25, 587.0], [4031.25, 587.0], [4032.0, 593.0], [4032.5, 40586.0], [4033.0, 976.0], [4034.0, 20078.0], [4034.25, 7.0]]}}}
{"jsonrpc": "2.0", "method": "subscription", "params": {"channel": "book.ETH-24OCT25.none.20.100ms", "data": {"timestamp": 1760128269510, "change_id": 90541899514, "instrument_name": "ETH-24OCT25", "bids": [[4020.5, 160.0], [4020.25, 15387.0], [4020.0, 54362.0], [4019.5, 5300.0], [4019.25, 17754.0], [4018.75, 4303.0], [4018.5, 14414.0], [4018.25, 5.0], [4015.25, 2.0], [4013.0, 1018.0], [4012.75, 4228.0], [4010.25, 5.0], [4009.75, 40000.0], [4009.5, 400.0], [4007.75, 13567.0], [4003.5, 40000.0], [4002.25, 5.0], [3998.5, 6256.0], [3997.75, 40000.0], [3994.25, 5.0]], "asks": [[4021.0, 1921.0], [4021.25, 22000.0], [4021.5, 5300.0], [4021.75, 17754.0], [4022.0, 160.0], [4022.5, 3001.0], [4022.75, 10054.0], [4024.25, 340.0], [4027.5, 4238.0], [4027.75, 14199.0], [4033.25, 400.0], [4034.25, 5.0], [4035.0, 40000.0], [4037.0, 2.0], [4042.25, 5.0], [4043.25, 8.0], [4045.5, 40000.0], [4046.0, 32.0], [4046.5, 18996.0], [4047.25, 6352.0]]}}}
{"jsonrpc": "2.0", "method": "subscription", "params": {"channel": "book.ETH-17OCT25.none.20.100ms", "data": {"timestamp": 1760128269930, "change_id": 90541900204, "instrument_name": "ETH-17OCT25", "bids": [[4018.5, 2500.0], [4018.25, 11470.0], [4018.0, 42392.0], [4017.75, 20782.0], [4017.5, 5947.0], [4017.25, 19922.0], [4016.75, 587.0], [4014.75, 7248.0], [4014.5, 24165.0], [4014.25, 605.0], [4010.75, 600.0], [4010.25, 847.0], [4010.0, 853.0], [4009.75, 576.0], [4009.0, 6715.0], [4008.75, 20499.0], [4008.5, 576.0], [4008.0, 624.0], [4007.25, 40000.0], [4007.0, 19900.0]], "asks": [[4018.75, 5300.0], [4019.0, 44340.0], [4019.25, 27778.0], [4019.5, 6937.0], [4019.75, 5500.0], [4020.0, 29735.0], [4020.25, 50122.0], [4020.75, 587.0], [4023.25, 601.0], [4023.5, 3086.0], [4023.75, 14528.0], [4024.0, 14040.0], [4025.5, 572.0], [4026.25, 596.0], [4027.25, 587.0], [4027.5, 22350.0], [4030.25, 587.0], [4030.5, 400.0], [4031.25, 587.0], [4032.0, 593.0]]}}}
{"jsonrpc": "2.0", "method": "subscription", "params": {"channel": "book.ETH-17OCT25.none.20.100ms", "data": {"timestamp": 1760128270299, "change_id": 90541901896, "instrument_name": "ETH-17OCT25", "bids": [[4017.5, 22000.0], [4017.25, 390.0], [4017.0, 20392.0], [4016.75, 38153.0], [4016.5, 2551.0], [4015.75, 587.0], [4014.75, 585.0], [4014.25, 605.0], [4014.0, 9750.0], [4010.75, 600.0], [4010.25, 592.0], [4010.0, 853.0], [4009.75, 576.0], [4009.0, 596.0], [4008.75, 20499.0], [4008.5, 576.0], [4008.0, 624.0], [4007.5, 587.0], [4007.25, 40000.0], [4007.0, 19900.0]], "asks": [[4018.25, 5300.0], [4018.5, 47692.0], [4018.75, 16554.0], [4019.0, 14929.0], [4019.25, 20392.0], [4019.75, 3087.0], [4020.0, 10049.0], [4020.25, 32361.0], [4020.75, 587.0], [4023.25, 601.0], [4023.75, 10337.0], [4024.0, 14040.0], [4025.5, 572.0], [4026.25, 596.0], [4027.25, 587.0], [4027.5, 22350.0], [4030.25, 587.0], [4030.5, 400.0], [4031.25, 587.0], [4032.0, 593.0]]}}}
{"jsonrpc": "2.0", "method": "subscription", "params": {"channel": "book.ETH-24OCT25.none.20.100ms", "data": {"timestamp": 1760128270304, "change_id": 90541901933, "instrument_name": "ETH-24OCT25", "bids": [[4019.75, 6567.0], [4019.5, 22000.0], [4019.0, 5300.0], [4018.25, 5.0], [4015.25, 2.0], [4013.0, 1018.0], [4012.75, 4228.0], [4010.25, 5.0], [4009.75, 40000.0], [4009.5, 400.0], [4007.75, 13567.0], [4003.5, 40000.0], [4002.25, 5.0], [3994.25, 5.0], [3992.0, 40000.0], [3990.5, 37027.0], [3989.0, 36781.0], [3987.75, 36390.0], [3986.25, 5.0], [3983.75, 18363.0]], "asks": [[4020.5, 6567.0], [4020.75, 22000.0], [4021.5, 5460.0], [4021.75, 17754.0], [4022.5, 3001.0], [4022.75, 10054.0], [4024.25, 340.0], [4027.5, 4238.0], [4027.75, 14199.0], [4033.25, 400.0], [4034.25, 5.0], [4035.0, 40000.0], [4037.0, 2.0], [4041.5, 40000.0], [4042.25, 5.0], [4043.25, 8.0], [4045.5, 40000.0], [4046.0, 32.0], [4047.25, 6352.0], [4050.5, 5.0]]}}}
{"jsonrpc": "2.0", "method": "subscription", "params": {"channel": "book.ETH-17OCT25.none.20.100ms", "data": {"timestamp": 1760128270631, "change_id": 90541903573, "instrument_name": "ETH-17OCT25", "bids": [[4017.5, 5300.0], [4017.25, 26903.0], [4016.75, 390.0], [4016.5, 38153.0], [4016.25, 22553.0], [4015.75, 587.0], [4014.75, 15113.0], [4014.25, 605.0], [4014.0, 9750.0], [4010.75, 600.0], [4010.25, 592.0], [4010.0, 853.0], [4009.75, 576.0], [4009.0, 596.0], [4008.75, 20499.0], [4008.5, 576.0], [4008.0, 624.0], [4007.5, 587.0], [4007.25, 40000.0], [4007.0, 19900.0]], "asks": [[4018.25, 10203.0], [4018.5, 47692.0], [4018.75, 11651.0], [4019.0, 17429.0], [4019.25, 17761.0], [4019.75, 587.0], [4020.0, 10049.0], [4020.75, 587.0], [4023.25, 601.0], [4023.75, 10337.0], [4024.0, 14040.0], [4025.5, 572.0], [4026.25, 596.0], [4027.25, 587.0], [4027.5, 22350.0], [4030.25, 587.0], [4030.5, 400.0], [4031.25, 587.0], [4032.0, 593.0], [4032.5, 40586.0]]}}}
{"jsonrpc": "2.0", "method": "subscription", "params": {"channel": "book.ETH-24OCT25.none.20.100ms", "data": {"timestamp": 1760128270630, "change_id": 90541903571, "instrument_name": "ETH-24OCT25", "bids": [[4019.25, 22000.0], [4019.0, 160.0], [4018.5, 14391.0], [4018.25, 5.0], [4018.0, 17754.0], [4015.25, 2.0], [4013.0, 8.0], [4012.75, 4228.0], [4010.25, 5.0], [4009.75, 40000.0], [4009.5, 400.0], [4007.75, 13567.0], [4003.5, 40000.0], [4002.25, 5.0], [3994.25, 5.0], [3992.0, 40000.0], [3991.5, 6256.0], [3990.5, 37027.0], [3989.0, 36781.0], [3987.75, 36390.0]], "asks": [[4020.5, 22000.0], [4021.0, 17754.0], [4021.5, 160.0], [4022.5, 3001.0], [4022.75, 10054.0], [4024.25, 340.0], [4027.75, 14199.0], [4033.25, 400.0], [4034.25, 5.0], [4035.0, 40000.0], [4037.0, 2.0], [4041.5, 40000.0], [4042.25, 5.0], [4043.25, 8.0], [4045.5, 40000.0], [4046.0, 32.0], [4047.25, 6352.0], [4050.5, 5.0], [4055.75, 38361.0], [4056.75, 18996.0]]}}}
{"jsonrpc": "2.0", "method": "subscription", "params": {"channel": "book.ETH-24OCT25.none.20.100ms", "data": {"timestamp": 1760128270949, "change_id": 90541904690, "instrument_name": "ETH-24OCT25", "bids": [[4019.5, 1289.0], [4019.25, 4655.0], [4019.0, 22160.0], [4018.25, 5.0], [4018.0, 5300.0], [4017.75, 21946.0], [4017.5, 14045.0], [4015.25, 2.0], [4013.0, 1270.0], [4012.75, 4228.0], [4010.25, 5.0], [4009.75, 40000.0], [4009.5, 400.0], [4007.75, 13567.0], [4003.5, 40000.0], [4002.25, 5.0], [3994.25, 5.0], [3992.0, 40000.0], [3991.5, 6256.0], [3990.5, 37027.0]], "asks": [[4020.0, 22000.0], [4020.75, 5347.0], [4021.0, 17914.0], [4022.5, 3001.0], [4022.75, 10054.0], [4024.25, 340.0], [4025.75, 13849.0], [4033.25, 400.0], [4034.25, 5.0], [4035.0, 40000.0], [4037.0, 2.0], [4041.5, 40000.0], [4042.25, 5.0], [4043.25, 8.0], [4045.5, 40000.0], [4046.0, 32.0], [4047.25, 6352.0], [4050.5, 5.0], [4055.75, 38361.0], [4056.75, 18996.0]]}}}
{"jsonrpc": "2.0", "method": "subscription", "params": {"channel": "book.ETH-17OCT25.none.20.100ms", "data": {"timestamp": 1760128270941, "change_id": 90541904665, "instrument_name": "ETH-17OCT25", "bids": [[4017.5, 2500.0], [4017.25, 4903.0], [4017.0, 22000.0], [4016.75, 390.0], [4016.5, 5219.0], [4016.25, 19922.0], [4015.75, 587.0], [4014.75, 585.0], [4014.25, 3515.0], [4014.0, 9750.0], [4013.75, 4234.0], [4013.5, 14185.0], [4010.75, 600.0], [4010.25, 847.0], [4010.0, 853.0], [4009.75, 576.0], [4009.0, 6715.0], [4008.75, 20499.0], [4008.5, 576.0], [4008.0, 624.0]], "asks": [[4017.75, 5300.0], [4018.0, 24991.0], [4018.25, 12732.0], [4018.5, 27305.0], [4018.75, 24698.0], [4019.0, 2500.0], [4019.25, 587.0], [4019.75, 3587.0], [4020.0, 10049.0], [4020.75, 587.0], [4021.5, 4355.0], [4021.75, 14590.0], [4023.25, 601.0], [4023.5, 3086.0], [4023.75, 10337.0], [4025.5, 572.0], [4026.25, 596.0], [4027.25, 587.0], [4027.5, 22350.0], [4030.25, 587.0]]}}}
{"jsonrpc": "2.0", "method": "subscription", "params": {"channel": "book.ETH-24OCT25.none.20.100ms", "data": {"timestamp": 1760128271279, "change_id": 90541907027, "instrument_name": "ETH-24OCT25", "bids": [[4018.25, 5.0], [4018.0, 160.0], [4015.25, 2.0], [4015.0, 14540.0], [4013.0, 8.0], [4012.75, 4228.0], [4010.25, 5.0], [4007.75, 32.0], [4007.25, 40000.0], [4007.0, 400.0], [4004.0, 13535.0], [4002.25, 5.0], [3999.0, 40000.0], [3994.25, 5.0], [3992.0, 40000.0], [3990.5, 37027.0], [3989.0, 36781.0], [3987.75, 36390.0], [3986.25, 5.0], [3983.75, 18363.0]], "asks": [[4021.0, 160.0], [4022.75, 10054.0], [4024.25, 340.0], [4025.75, 13849.0], [4033.25, 400.0], [4034.25, 5.0], [4035.0, 40000.0], [4037.0, 2.0], [4041.5, 40000.0], [4042.25, 5.0], [4043.25, 8.0], [4045.5, 40000.0], [4046.0, 32.0], [4047.25, 6352.0], [4050.5, 5.0], [4055.75, 38361.0], [4056.75, 18996.0], [4057.5, 37101.0], [4058.5, 38541.0], [4059.25, 24683.0]]}}}
{"jsonrpc": "2.0", "method": "subscription", "params": {"channel": "book.ETH-17OCT25.none.20.100ms", "data": {"timestamp": 1760128271283, "change_id": 90541907062, "instrument_name": "ETH-17OCT25", "bids": [[4017.0, 3938.0], [4016.75, 5200.0], [4016.5, 20392.0], [4016.25, 20392.0], [4016.0, 24216.0], [4015.75, 20392.0], [4015.5, 390.0], [4015.25, 160.0], [4014.75, 585.0], [4014.25, 605.0], [4013.75, 587.0], [4012.0, 9750.0], [4011.25, 14368.0], [4010.75, 600.0], [4010.25, 592.0], [4010.0, 853.0], [4009.75, 576.0], [4009.0, 596.0], [4008.75, 20499.0], [4008.5, 576.0]], "asks": [[4017.25, 5300.0], [4017.5, 16394.0], [4018.0, 20392.0], [4018.25, 160.0], [4019.25, 587.0], [4019.75, 587.0], [4020.0, 10049.0], [4020.75, 587.0], [4021.75, 14590.0], [4023.25, 601.0], [4023.75, 10337.0], [4025.5, 572.0], [4026.25, 596.0], [4027.25, 587.0], [4027.5, 22350.0], [4030.25, 587.0], [4030.5, 400.0], [4031.25, 587.0], [4032.0, 593.0], [4032.5, 40586.0]]}}}
{"jsonrpc": "2.0", "method": "subscription", "params": {"channel": "book.ETH-17OCT25.none.20.100ms", "data": {"timestamp": 1760128271578, "change_id": 90541908808, "instrument_name": "ETH-17OCT25", "bids": [[4017.0, 4238.0], [4016.75, 53679.0], [4016.5, 31498.0], [4016.25, 27239.0], [4016.0, 18406.0], [4015.75, 2001.0], [4014.75, 585.0], [4014.5, 4377.0], [4014.25, 14663.0], [4013.75, 587.0], [4012.25, 2910.0], [4012.0, 9750.0], [4010.75, 600.0], [4010.25, 847.0], [4010.0, 853.0], [4009.75, 576.0], [4009.0, 6715.0], [4008.75, 20499.0], [4008.5, 576.0], [4008.0, 624.0]], "asks": [[4017.25, 5300.0], [4017.5, 22481.0], [4017.75, 32268.0], [4018.0, 42392.0], [4018.25, 160.0], [4018.75, 20261.0], [4019.25, 587.0], [4019.75, 3587.0], [4020.0, 10049.0], [4020.75, 587.0], [4021.5, 4355.0], [4021.75, 14590.0], [4023.25, 601.0], [4023.75, 10337.0], [4025.5, 572.0], [4026.25, 596.0], [4027.25, 587.0], [4027.5, 22350.0], [4030.0, 40000.0], [4030.25, 587.0]]}}}
{"jsonrpc": "2.0", "method": "subscription", "params": {"channel": "book.ETH-24OCT25.none.20.100ms", "data": {"timestamp": 1760128271578, "change_id": 90541908807, "instrument_name": "ETH-24OCT25", "bids": [[4019.25, 6567.0], [4019.0, 22160.0], [4018.25, 4346.0], [4018.0, 14542.0], [4017.25, 5300.0], [4017.0, 17754.0], [4015.25, 2.0], [4013.0, 1270.0], [4012.75, 4228.0], [4010.25, 5.0], [4007.75, 32.0], [4007.25, 40000.0], [4007.0, 400.0], [4004.0, 13535.0], [4002.25, 5.0], [3999.0, 40000.0], [3994.25, 5.0], [3992.0, 40000.0], [3990.5, 37027.0], [3989.0, 36781.0]], "asks": [[4020.0, 22000.0], [4020.25, 17754.0], [4021.0, 160.0], [4022.5, 3001.0], [4022.75, 10054.0], [4024.25, 340.0], [4025.75, 13849.0], [4032.5, 40000.0], [4033.25, 400.0], [4034.25, 5.0], [4037.0, 2.0], [4041.5, 40000.0], [4042.25, 5.0], [4043.25, 8.0], [4045.5, 40000.0], [4046.0, 32.0], [4047.25, 6352.0], [4050.5, 5.0], [4055.75, 38361.0], [4056.75, 18996.0]]}}}
{"jsonrpc": "2.0", "method": "subscription", "params": {"channel": "book.ETH-24OCT25.none.20.100ms", "data": {"timestamp": 1760128271875, "change_id": 90541909340, "instrument_name": "ETH-24OCT25", "bids": [[4019.25, 6567.0], [4019.0, 22160.0], [4018.75, 9656.0], [4018.5, 32349.0], [4018.25, 4346.0], [4018.0, 19842.0], [4017.75, 17754.0], [4015.25, 2.0], [4013.0, 1270.0], [4012.75, 4228.0], [4010.25, 5.0], [4007.75, 32.0], [4007.25, 40000.0], [4007.0, 400.0], [4004.0, 13535.0], [4002.25, 5.0], [3999.0, 40000.0], [3994.25, 5.0], [3992.0, 40000.0], [3990.5, 37027.0]], "asks": [[4019.75, 4433.0], [4020.0, 27300.0], [4020.25, 17754.0], [4021.0, 160.0], [4022.5, 3001.0], [4022.75, 10054.0], [4024.25, 340.0], [4025.75, 13849.0], [4032.5, 40000.0], [4033.25, 400.0], [4034.25, 5.0], [4037.0, 2.0], [4041.5, 40000.0], [4042.25, 5.0], [4043.25, 8.0], [4045.5, 40000.0], [4046.0, 32.0], [4047.25, 6352.0], [4050.5, 5.0], [4055.75, 38361.0]]}}}
{"jsonrpc": "2.0", "method": "subscription", "params": {"channel": "book.ETH-17OCT25.none.20.100ms", "data": {"timestamp": 1760128271893, "change_id": 90541909355, "instrument_name": "ETH-17OCT25", "bids": [[4017.0, 7038.0], [4016.75, 53679.0], [4016.5, 40404.0], [4016.25, 59569.0], [4016.0, 18406.0], [4015.75, 2001.0], [4014.75, 585.0], [4014.5, 4377.0], [4014.25, 14663.0], [4013.75, 587.0], [4012.25, 2910.0], [4012.0, 9750.0], [4010.75, 600.0], [4010.25, 847.0], [4010.0, 853.0], [4009.75, 576.0], [4009.0, 6715.0], [4008.75, 20499.0], [4008.5, 576.0], [4008.0, 624.0]], "asks": [[4017.25, 5300.0], [4017.5, 28270.0], [4017.75, 48479.0], [4018.0, 20392.0], [4018.25, 160.0], [4018.5, 6048.0], [4018.75, 18507.0], [4019.0, 2500.0], [4019.25, 587.0], [4019.75, 3587.0], [4020.0, 10049.0], [4020.75, 587.0], [4021.5, 4355.0], [4021.75, 14590.0], [4023.25, 601.0], [4023.75, 10337.0], [4025.5, 572.0], [4026.25, 596.0], [4027.25, 587.0], [4027.5, 22350.0]]}}}
{"jsonrpc": "2.0", "method": "subscription", "params": {"channel": "book.ETH-24OCT25.none.20.100ms", "data": {"timestamp": 1760128272239, "change_id": 90541910214, "instrument_name": "ETH-24OCT25", "bids": [[4019.25, 6567.0], [4019.0, 22160.0], [4018.75, 9656.0], [4018.5, 32349.0], [4018.25, 4346.0], [4018.0, 19842.0], [4017.75, 17754.0], [4015.25, 2.0], [4013.0, 260.0], [4012.75, 845.0], [4010.25, 5.0], [4007.75, 32.0], [4007.25, 40000.0], [4007.0, 400.0], [4004.0, 13535.0], [4002.25, 5.0], [4002.0, 3383.0], [3999.0, 40000.0], [3994.25, 5.0], [3992.0, 40000.0]], "asks": [[4019.75, 4433.0], [4020.0, 27300.0], [4020.25, 17754.0], [4021.0, 160.0], [4022.5, 3001.0], [4022.75, 10054.0], [4024.25, 340.0], [4025.75, 13849.0], [4032.5, 40000.0], [4033.25, 400.0], [4034.25, 5.0], [4037.0, 2.0], [4041.5, 40000.0], [4042.25, 5.0], [4043.25, 8.0], [4045.5, 40000.0], [4046.0, 32.0], [4047.25, 6352.0], [4050.5, 5.0], [4055.75, 38361.0]]}}}
{"jsonrpc": "2.0", "method": "subscription", "params": {"channel": "book.ETH-17OCT25.none.20.100ms", "data": {"timestamp": 1760128272285, "change_id": 90541910266, "instrument_name": "ETH-17OCT25", "bids": [[4017.0, 4238.0], [4016.75, 48479.0], [4016.5, 40404.0], [4016.25, 59569.0], [4016.0, 18406.0], [4015.75, 2001.0], [4014.75, 585.0], [4014.5, 4377.0], [4014.25, 14663.0], [4013.75, 587.0], [4012.25, 2910.0], [4012.0, 9750.0], [4010.75, 600.0], [4010.25, 847.0], [4010.0, 853.0], [4009.75, 576.0], [4009.0, 6715.0], [4008.75, 20499.0], [4008.5, 576.0], [4008.0, 624.0]], "asks": [[4017.25, 5300.0], [4017.5, 28270.0], [4017.75, 48479.0], [4018.0, 20392.0], [4018.25, 906.0], [4018.5, 8548.0], [4018.75, 17761.0], [4019.25, 587.0], [4019.75, 3587.0], [4020.0, 10049.0], [4020.75, 587.0], [4021.5, 4355.0], [4021.75, 14590.0], [4023.25, 601.0], [4023.75, 10337.0], [4025.5, 572.0], [4026.25, 596.0], [4027.25, 587.0], [4027.5, 22350.0], [4030.0, 40000.0]]}}}
{"jsonrpc": "2.0", "method": "subscription", "params": {"channel": "book.ETH-17OCT25.none.20.100ms", "data": {"timestamp": 1760128272619, "change_id": 90541911631, "instrument_name": "ETH-17OCT25", "bids": [[4017.75, 1738.0], [4017.5, 27771.0], [4017.25, 28979.0], [4017.0, 31772.0], [4016.75, 25854.0], [4016.5, 26783.0], [4016.25, 32720.0], [4016.0, 645.0], [4015.75, 2001.0], [4014.75, 585.0], [4014.5, 4377.0], [4014.25, 14663.0], [4013.75, 587.0], [4012.25, 2910.0], [4012.0, 9750.0], [4010.75, 600.0], [4010.25, 847.0], [4010.0, 853.0], [4009.75, 576.0], [4009.0, 6715.0]], "asks": [[4018.0, 10203.0], [4018.25, 28087.0], [4018.5, 29095.0], [4018.75, 40184.0], [4019.0, 32850.0], [4019.75, 587.0], [4020.75, 587.0], [4021.5, 6709.0], [4021.75, 24340.0], [4023.25, 601.0], [4023.75, 587.0], [4025.5, 572.0], [4026.25, 596.0], [4027.25, 587.0], [4027.5, 22350.0], [4030.0, 40000.0], [4030.25, 587.0], [4030.5, 400.0], [4032.0, 593.0], [4032.5, 586.0]]}}}
{"jsonrpc": "2.0", "method": "subscription", "params": {"channel": "book.ETH-24OCT25.none.20.100ms", "data": {"timestamp": 1760128272618, "change_id": 90541911627, "instrument_name": "ETH-24OCT25", "bids": [[4019.75, 1961.0], [4019.5, 6727.0], [4019.25, 22000.0], [4018.75, 9656.0], [4018.5, 32349.0], [4018.25, 4346.0], [4018.0, 19842.0], [4017.75, 17754.0], [4015.25, 2.0], [4013.0, 260.0], [4012.75, 845.0], [4010.25, 5.0], [4007.75, 32.0], [4007.25, 40000.0], [4007.0, 400.0], [4004.0, 13535.0], [4002.25, 5.0], [4002.0, 3383.0], [3999.0, 40000.0], [3994.25, 5.0]], "asks": [[4020.5, 5300.0], [4020.75, 17754.0], [4021.25, 3001.0], [4021.5, 10054.0], [4021.75, 160.0], [4024.25, 340.0], [4025.75, 13849.0], [4032.5, 40000.0], [4033.25, 400.0], [4034.25, 5.0], [4037.0, 2.0], [4041.5, 40000.0], [4042.25, 5.0], [4043.25, 8.0], [4045.5, 40000.0], [4046.0, 32.0], [4047.25, 6352.0], [4050.5, 5.0], [4055.75, 38361.0], [4056.75, 18996.0]]}}}
{"jsonrpc": "2.0", "method": "subscription", "params": {"channel": "book.ETH-17OCT25.none.20.100ms", "data": {"timestamp": 1760128272902, "change_id": 90541912471, "instrument_name": "ETH-17OCT25", "bids": [[4017.75, 1738.0], [4017.5, 33532.0], [4017.25, 53145.0], [4017.0, 20782.0], [4016.75, 5302.0], [4016.5, 26783.0], [4016.25, 32490.0], [4016.0, 645.0], [4015.75, 2001.0], [4014.75, 585.0], [4014.5, 4377.0], [4014.25, 14663.0], [4013.75, 587.0], [4012.25, 2910.0], [4012.0, 9750.0], [4010.75, 600.0], [4010.25, 847.0], [4010.0, 853.0], [4009.75, 576.0], [4009.0, 6715.0]], "asks": [[4018.0, 10203.0], [4018.25, 48479.0], [4018.5, 23047.0], [4018.75, 10049.0], [4019.0, 160.0], [4019.25, 5302.0], [4019.5, 17761.0], [4019.75, 587.0], [4020.75, 587.0], [4021.5, 6709.0], [4021.75, 24340.0], [4023.25, 601.0], [4023.75, 587.0], [4025.5, 572.0], [4026.25, 596.0], [4027.25, 587.0], [4027.5, 22350.0], [4030.0, 40000.0], [4030.25, 587.0], [4030.5, 400.0]]}}}
{"jsonrpc": "2.0", "method": "subscription", "params": {"channel": "book.ETH-24OCT25.none.20.100ms", "data": {"timestamp": 1760128272898, "change_id": 90541912466, "instrument_name": "ETH-24OCT25", "bids": [[4019.5, 1975.0], [4019.25, 6615.0], [4019.0, 22160.0], [4018.75, 9656.0], [4018.5, 32349.0], [4018.25, 3993.0], [4018.0, 19842.0], [4017.75, 17754.0], [4015.25, 2.0], [4013.0, 260.0], [4012.75, 845.0], [4010.25, 5.0], [4007.75, 32.0], [4007.5, 3383.0], [4007.25, 40000.0], [4007.0, 400.0], [4004.0, 13535.0], [4002.25, 5.0], [3999.0, 40000.0], [3994.25, 5.0]], "asks": [[4020.25, 22000.0], [4020.5, 5300.0], [4020.75, 17754.0], [4021.25, 3001.0], [4021.5, 10054.0], [4021.75, 160.0], [4024.25, 340.0], [4025.75, 13849.0], [4032.5, 40000.0], [4033.25, 400.0], [4034.25, 5.0], [4037.0, 2.0], [4041.5, 40000.0], [4042.25, 5.0], [4043.25, 8.0], [4045.5, 40000.0], [4046.0, 32.0], [4047.25, 6352.0], [4050.5, 5.0], [4055.75, 38361.0]]}}}
{"jsonrpc": "2.0", "method": "subscription", "params": {"channel": "book.ETH-24OCT25.none.20.100ms", "data": {"timestamp": 1760128273038, "change_id": 90541912939, "instrument_name": "ETH-24OCT25", "bids": [[4019.75, 1961.0], [4019.5, 6567.0], [4019.25, 22000.0], [4019.0, 160.0], [4018.25, 3993.0], [4018.0, 19842.0], [4017.75, 17754.0], [4013.0, 260.0], [4012.75, 845.0], [4010.25, 5.0], [4010.0, 2.0], [4007.75, 32.0], [4007.5, 3383.0], [4007.25, 40000.0], [4007.0, 400.0], [4004.0, 13535.0], [4002.25, 5.0], [3999.0, 40000.0], [3994.25, 5.0], [3992.0, 40000.0]], "asks": [[4020.25, 22000.0], [4020.5, 5300.0], [4020.75, 17754.0], [4021.25, 3161.0], [4021.5, 10054.0], [4024.25, 340.0], [4025.75, 13849.0], [4032.5, 40000.0], [4033.25, 400.0], [4034.25, 5.0], [4037.0, 2.0], [4041.5, 40000.0], [4042.25, 5.0], [4043.25, 8.0], [4045.5, 40000.0], [4046.0, 32.0], [4047.25, 6352.0], [4050.5, 5.0], [4055.75, 38361.0], [4056.75, 18996.0]]}}}
{"jsonrpc": "2.0", "method": "subscription", "params": {"channel": "book.ETH-17OCT25.none.20.100ms", "data": {"timestamp": 1760128273281, "change_id": 90541913453, "instrument_name": "ETH-17OCT25", "bids": [[4017.5, 2500.0], [4017.25, 53145.0], [4017.0, 20782.0], [4016.75, 25694.0], [4016.5, 20580.0], [4016.25, 160.0], [4016.0, 645.0], [4015.75, 2001.0], [4014.75, 585.0], [4014.5, 4377.0], [4014.25, 14663.0], [4013.75, 587.0], [4012.25, 2910.0], [4012.0, 9750.0], [4010.75, 600.0], [4010.25, 847.0], [4010.0, 853.0], [4009.75, 576.0], [4009.0, 6715.0], [4008.75, 20499.0]], "asks": [[4018.0, 22857.0], [4018.25, 48479.0], [4018.5, 27668.0], [4018.75, 25724.0], [4019.0, 2500.0], [4019.25, 5302.0], [4019.5, 17761.0], [4019.75, 587.0], [4020.75, 587.0], [4021.5, 6709.0], [4021.75, 24340.0], [4023.25, 601.0], [4023.75, 587.0], [4025.5, 572.0], [4026.25, 596.0], [4027.25, 587.0], [4027.5, 22350.0], [4030.0, 40000.0], [4030.25, 587.0], [4030.5, 400.0]]}}}
{"jsonrpc": "2.0", "method": "subscription", "params": {"channel": "book.ETH-17OCT25.none.20.100ms", "data": {"timestamp": 1760128273501, "change_id": 90541913902, "instrument_name": "ETH-17OCT25", "bids": [[4017.5, 7402.0], [4017.25, 27850.0], [4017.0, 26869.0], [4016.75, 25694.0], [4016.5, 20580.0], [4016.25, 160.0], [4016.0, 645.0], [4015.75, 2001.0], [4014.75, 585.0], [4014.5, 4377.0], [4014.25, 14663.0], [4014.0, 3086.0], [4013.75, 10337.0], [4010.75, 600.0], [4010.25, 847.0], [4010.0, 853.0], [4009.75, 576.0], [4009.0, 6715.0], [4008.75, 20499.0], [4008.5, 576.0]], "asks": [[4018.0, 38450.0], [4018.25, 26479.0], [4018.5, 27508.0], [4018.75, 30931.0], [4019.0, 20261.0], [4019.75, 587.0], [4020.75, 587.0], [4021.5, 6709.0], [4021.75, 24340.0], [4023.25, 601.0], [4023.75, 587.0], [4025.5, 572.0], [4026.25, 596.0], [4027.25, 587.0], [4027.5, 22350.0], [4030.0, 40000.0], [4030.25, 587.0], [4030.5, 400.0], [4032.0, 593.0], [4032.5, 586.0]]}}}
{"jsonrpc": "2.0", "method": "subscription", "params": {"channel": "book.ETH-24OCT25.none.20.100ms", "data": {"timestamp": 1760128273419, "change_id": 90541913700, "instrument_name": "ETH-24OCT25", "bids": [[4019.5, 6567.0], [4019.25, 22000.0], [4019.0, 9817.0], [4018.75, 32351.0], [4018.25, 3993.0], [4018.0, 19842.0], [4017.75, 17754.0], [4013.0, 260.0], [4012.75, 845.0], [4010.25, 5.0], [4010.0, 2.0], [4007.75, 32.0], [4007.5, 3383.0], [4007.25, 40000.0], [4007.0, 400.0], [4004.0, 13535.0], [4002.25, 5.0], [3999.0, 40000.0], [3994.25, 5.0], [3992.0, 40000.0]], "asks": [[4020.0, 6567.0], [4020.25, 22000.0], [4020.5, 5300.0], [4020.75, 17914.0], [4021.25, 3001.0], [4021.5, 10054.0], [4024.25, 340.0], [4025.75, 13849.0], [4032.5, 40000.0], [4033.25, 400.0], [4034.25, 5.0], [4037.0, 2.0], [4041.5, 40000.0], [4042.25, 5.0], [4043.25, 8.0], [4045.5, 40000.0], [4046.0, 32.0], [4047.25, 6352.0], [4050.5, 5.0], [4055.75, 38361.0]]}}}
{"jsonrpc": "2.0", "method": "subscription", "params": {"channel": "book.ETH-17OCT25.none.20.100ms", "data": {"timestamp": 1760128273861, "change_id": 90541914644, "instrument_name": "ETH-17OCT25", "bids": [[4017.5, 7402.0], [4017.25, 48242.0], [4017.0, 26869.0], [4016.75, 34667.0], [4016.5, 52913.0], [4016.25, 160.0], [4016.0, 645.0], [4015.75, 2001.0], [4014.75, 585.0], [4014.5, 4377.0], [4014.25, 14663.0], [4014.0, 3086.0], [4013.75, 10337.0], [4010.75, 600.0], [4010.25, 847.0], [4010.0, 853.0], [4009.75, 576.0], [4009.0, 6715.0], [4008.75, 20499.0], [4008.5, 576.0]], "asks": [[4017.75, 15343.0], [4018.0, 39341.0], [4018.25, 26479.0], [4018.5, 21138.0], [4018.75, 8453.0], [4019.0, 17761.0], [4019.75, 587.0], [4020.75, 587.0], [4021.5, 6709.0], [4021.75, 24340.0], [4023.25, 601.0], [4023.75, 587.0], [4025.5, 572.0], [4026.25, 596.0], [4027.25, 587.0], [4027.5, 22350.0], [4030.0, 40000.0], [4030.25, 587.0], [4030.5, 400.0], [4032.0, 593.0]]}}}
{"jsonrpc": "2.0", "method": "subscription", "params": {"channel": "book.ETH-24OCT25.none.20.100ms", "data": {"timestamp": 1760128273675, "change_id": 90541914313, "instrument_name": "ETH-24OCT25", "bids": [[4019.5, 6567.0], [4019.25, 22000.0], [4019.0, 9817.0], [4018.75, 32351.0], [4018.25, 3993.0], [4018.0, 19842.0], [4017.75, 17754.0], [4013.0, 260.0], [4012.75, 845.0], [4010.25, 5.0], [4010.0, 2.0], [4007.75, 32.0], [4007.5, 3383.0], [4007.25, 40000.0], [4007.0, 400.0], [4004.0, 13535.0], [4002.25, 5.0], [3999.0, 40000.0], [3994.25, 5.0], [3992.0, 40000.0]], "asks": [[4020.0, 6567.0], [4020.25, 32048.0], [4020.5, 5300.0], [4020.75, 17914.0], [4024.25, 340.0], [4025.75, 13849.0], [4032.5, 40000.0], [4033.25, 400.0], [4034.25, 5.0], [4037.0, 2.0], [4041.5, 40000.0], [4042.25, 5.0], [4043.25, 8.0], [4045.5, 40000.0], [4046.0, 32.0], [4047.25, 6352.0], [4050.5, 5.0], [4055.75, 38361.0], [4056.75, 18996.0], [4057.5, 37101.0]]}}}
{"jsonrpc": "2.0", "method": "subscription", "params": {"channel": "book.ETH-17OCT25.none.20.100ms", "data": {"timestamp": 1760128274249, "change_id": 90541916089, "instrument_name": "ETH-17OCT25", "bids": [[4017.25, 4902.0], [4017.0, 2500.0], [4016.75, 27302.0], [4016.5, 23601.0], [4016.25, 5462.0], [4016.0, 18406.0], [4015.75, 2001.0], [4014.75, 585.0], [4014.5, 4377.0], [4014.25, 14663.0], [4013.5, 2910.0], [4013.25, 9750.0], [4010.75, 600.0], [4010.25, 847.0], [4010.0, 853.0], [4009.75, 576.0], [4009.0, 6715.0], [4008.75, 20499.0], [4008.5, 576.0], [4008.0, 624.0]], "asks": [[4017.5, 34616.0], [4017.75, 29831.0], [4018.0, 17341.0], [4018.25, 25694.0], [4018.5, 21007.0], [4020.75, 587.0], [4021.5, 6709.0], [4021.75, 24340.0], [4023.25, 601.0], [4023.75, 587.0], [4025.5, 572.0], [4026.25, 596.0], [4027.25, 587.0], [4027.5, 22350.0], [4027.75, 595.0], [4030.0, 40000.0], [4030.25, 587.0], [4030.5, 400.0], [4032.0, 593.0], [4032.5, 586.0]]}}}
{"jsonrpc": "2.0", "method": "subscription", "params": {"channel": "book.ETH-24OCT25.none.20.100ms", "data": {"timestamp": 1760128274177, "change_id": 90541915919, "instrument_name": "ETH-24OCT25", "bids": [[4019.0, 6727.0], [4018.75, 22000.0], [4018.25, 3993.0], [4018.0, 19842.0], [4017.75, 17754.0], [4013.0, 260.0], [4012.75, 845.0], [4010.25, 5.0], [4010.0, 2.0], [4007.75, 32.0], [4007.5, 3383.0], [4007.25, 40000.0], [4007.0, 400.0], [4004.0, 13535.0], [4002.25, 5.0], [3999.0, 40000.0], [3994.25, 5.0], [3992.0, 40000.0], [3990.75, 6256.0], [3990.5, 37027.0]], "asks": [[4019.5, 4177.0], [4019.75, 22000.0], [4020.0, 2999.0], [4020.25, 10048.0], [4020.5, 5300.0], [4020.75, 17914.0], [4024.25, 340.0], [4025.75, 13849.0], [4032.5, 40000.0], [4033.25, 400.0], [4034.25, 5.0], [4037.0, 2.0], [4041.5, 40000.0], [4042.25, 5.0], [4043.25, 8.0], [4045.5, 40000.0], [4046.0, 32.0], [4047.25, 6352.0], [4050.5, 5.0], [4055.75, 38361.0]]}}}
{"jsonrpc": "2.0", "method": "subscription", "params": {"channel": "book.ETH-24OCT25.none.20.100ms", "data": {"timestamp": 1760128274297, "change_id": 90541916184, "instrument_name": "ETH-24OCT25", "bids": [[4019.0, 6727.0], [4018.75, 22000.0], [4018.25, 3993.0], [4018.0, 19842.0], [4017.75, 17754.0], [4013.0, 260.0], [4012.75, 845.0], [4010.25, 5.0], [4010.0, 2.0], [4007.75, 32.0], [4007.5, 3383.0], [4007.25, 40000.0], [4007.0, 400.0], [4004.0, 13535.0], [4002.25, 5.0], [3999.0, 40000.0], [3994.25, 5.0], [3992.0, 40000.0], [3990.5, 37027.0], [3990.25, 6256.0]], "asks": [[4019.5, 4177.0], [4019.75, 22000.0], [4020.0, 2999.0], [4020.25, 10048.0], [4020.5, 5300.0], [4020.75, 17914.0], [4024.25, 340.0], [4025.75, 13849.0], [4032.5, 40000.0], [4033.25, 400.0], [4034.25, 5.0], [4037.0, 2.0], [4041.5, 40000.0], [4042.25, 5.0], [4043.25, 8.0], [4045.5, 40000.0], [4046.0, 32.0], [4047.25, 6352.0], [4050.5, 5.0], [4055.75, 38361.0]]}}}
{"jsonrpc": "2.0", "method": "subscription", "params": {"channel": "book.ETH-17OCT25.none.20.100ms", "data": {"timestamp": 1760128274603, "change_id": 90541916994, "instrument_name": "ETH-17OCT25", "bids": [[4017.0, 7402.0], [4016.75, 47694.0], [4016.5, 26556.0], [4016.25, 25854.0], [4016.0, 18406.0], [4015.75, 2001.0], [4014.75, 585.0], [4014.5, 4377.0], [4014.25, 14663.0], [4013.25, 3505.0], [4013.0, 9750.0], [4010.75, 600.0], [4010.25, 847.0], [4010.0, 853.0], [4009.75, 576.0], [4009.0, 6715.0], [4008.75, 20499.0], [4008.5, 576.0], [4008.0, 624.0], [4007.5, 587.0]], "asks": [[4017.5, 39518.0], [4017.75, 26868.0], [4018.0, 12438.0], [4018.25, 25694.0], [4018.5, 21007.0], [4020.75, 587.0], [4021.5, 6709.0], [4021.75, 24340.0], [4023.25, 601.0], [4023.75, 587.0], [4025.5, 572.0], [4026.25, 596.0], [4027.25, 587.0], [4027.5, 22350.0], [4027.75, 595.0], [4030.0, 40000.0], [4030.25, 587.0], [4030.5, 400.0], [4032.0, 593.0], [4032.5, 586.0]]}}}
{"jsonrpc": "2.0", "method": "subscription", "params": {"channel": "book.ETH-24OCT25.none.20.100ms", "data": {"timestamp": 1760128274874, "change_id": 90541918063, "instrument_name": "ETH-24OCT25", "bids": [[4019.0, 6567.0], [4018.75, 22160.0], [4018.25, 5.0], [4018.0, 5300.0], [4017.75, 17754.0], [4016.25, 4137.0], [4016.0, 13858.0], [4013.0, 260.0], [4012.75, 845.0], [4010.25, 5.0], [4010.0, 2.0], [4007.75, 1042.0], [4007.5, 3383.0], [4007.25, 40000.0], [4007.0, 400.0], [4004.0, 13535.0], [4002.25, 5.0], [3999.0, 40000.0], [3994.25, 5.0], [3992.0, 40000.0]], "asks": [[4019.75, 6567.0], [4020.0, 24999.0], [4020.25, 10048.0], [4020.5, 5300.0], [4020.75, 17914.0], [4024.25, 340.0], [4025.75, 13849.0], [4032.5, 40000.0], [4033.25, 400.0], [4034.25, 5.0], [4037.0, 2.0], [4041.5, 40000.0], [4042.25, 5.0], [4043.25, 8.0], [4045.5, 40000.0], [4046.0, 32.0], [4047.25, 6352.0], [4050.5, 5.0], [4055.75, 38361.0], [4056.75, 18996.0]]}}}
{"jsonrpc": "2.0", "method": "subscription", "params": {"channel": "book.ETH-17OCT25.none.20.100ms", "data": {"timestamp": 1760128274931, "change_id": 90541918230, "instrument_name": "ETH-17OCT25", "bids": [[4017.0, 7863.0], [4016.75, 10204.0], [4016.5, 35829.0], [4016.25, 58185.0], [4016.0, 18406.0], [4015.75, 2001.0], [4014.75, 585.0], [4014.25, 605.0], [4013.25, 3505.0], [4013.0, 9750.0], [4012.25, 4288.0], [4012.0, 14365.0], [4010.75, 600.0], [4010.25, 847.0], [4010.0, 853.0], [4009.75, 576.0], [4009.0, 6715.0], [4008.75, 20499.0], [4008.5, 576.0], [4008.0, 624.0]], "asks": [[4017.5, 34218.0], [4017.75, 26868.0], [4018.0, 12438.0], [4018.25, 25694.0], [4018.5, 21007.0], [4020.75, 587.0], [4021.5, 6709.0], [4021.75, 24340.0], [4023.25, 601.0], [4023.75, 587.0], [4025.5, 572.0], [4026.25, 596.0], [4027.25, 587.0], [4027.5, 22350.0], [4027.75, 595.0], [4030.0, 40000.0], [4030.25, 587.0], [4030.5, 400.0], [4032.0, 593.0], [4032.5, 586.0]]}}}
{"jsonrpc": "2.0", "method": "subscription", "params": {"channel": "book.ETH-24OCT25.none.20.100ms", "data": {"timestamp": 1760128275153, "change_id": 90541919004, "instrument_name": "ETH-24OCT25", "bids": [[4019.0, 6567.0], [4018.75, 22160.0], [4018.5, 13265.0], [4018.25, 46210.0], [4018.0, 5300.0], [4017.75, 17754.0], [4013.0, 260.0], [4012.75, 845.0], [4010.25, 5.0], [4010.0, 2.0], [4007.75, 1042.0], [4007.5, 3383.0], [4007.25, 40000.0], [4007.0, 400.0], [4004.0, 13535.0], [4002.25, 5.0], [3999.0, 40000.0], [3994.25, 5.0], [3992.0, 40000.0], [3990.5, 37027.0]], "asks": [[4019.5, 6567.0], [4019.75, 22000.0], [4020.0, 2999.0], [4020.25, 10048.0], [4020.5, 5300.0], [4020.75, 17914.0], [4024.25, 340.0], [4025.75, 13849.0], [4032.5, 40000.0], [4033.25, 400.0], [4034.25, 5.0], [4037.0, 2.0], [4041.5, 40000.0], [4042.25, 5.0], [4043.25, 8.0], [4045.5, 40000.0], [4046.0, 32.0], [4047.25, 6352.0], [4050.5, 5.0], [4055.75, 38361.0]]}}}
{"jsonrpc": "2.0", "method": "subscription", "params": {"channel": "book.ETH-17OCT25.none.20.100ms", "data": {"timestamp": 1760128275223, "change_id": 90541919229, "instrument_name": "ETH-17OCT25", "bids": [[4016.75, 7402.0], [4016.5, 35439.0], [4016.25, 58185.0], [4016.0, 39187.0], [4015.75, 2001.0], [4014.75, 585.0], [4014.5, 4529.0], [4014.25, 15174.0], [4013.25, 3505.0], [4013.0, 9750.0], [4010.75, 600.0], [4010.25, 847.0], [4010.0, 853.0], [4009.75, 576.0], [4009.0, 6715.0], [4008.75, 20499.0], [4008.5, 576.0], [4008.0, 624.0], [4007.5, 587.0], [4007.0, 19500.0]], "asks": [[4017.0, 3600.0], [4017.25, 33483.0], [4017.5, 54610.0], [4017.75, 24972.0], [4018.0, 160.0], [4018.25, 5302.0], [4018.5, 21007.0], [4020.75, 587.0], [4021.5, 6709.0], [4021.75, 24340.0], [4023.25, 601.0], [4023.75, 587.0], [4025.5, 572.0], [4026.25, 596.0], [4027.25, 587.0], [4027.5, 22350.0], [4027.75, 595.0], [4030.0, 40000.0], [4030.25, 587.0], [4030.5, 400.0]]}}}
{"jsonrpc": "2.0", "method": "subscription", "params": {"channel": "book.ETH-17OCT25.none.20.100ms", "data": {"timestamp": 1760128275922, "change_id": 90541920196, "instrument_name": "ETH-17OCT25", "bids": [[4017.25, 4238.0], [4017.0, 26684.0], [4016.75, 31381.0], [4016.5, 35828.0], [4016.25, 58574.0], [4016.0, 18406.0], [4015.75, 2001.0], [4014.75, 585.0], [4014.5, 4529.0], [4014.25, 15174.0], [4013.25, 3505.0], [4013.0, 9750.0], [4010.75, 600.0], [4010.25, 847.0], [4010.0, 853.0], [4009.75, 576.0], [4009.0, 6715.0], [4008.75, 20499.0], [4008.5, 576.0], [4008.0, 624.0]], "asks": [[4017.5, 34218.0], [4017.75, 31107.0], [4018.0, 26544.0], [4018.25, 25694.0], [4018.5, 18507.0], [4018.75, 746.0], [4019.0, 2500.0], [4020.75, 587.0], [4021.5, 6709.0], [4021.75, 24340.0], [4023.25, 601.0], [4023.75, 587.0], [4025.5, 572.0], [4026.25, 596.0], [4027.25, 587.0], [4027.5, 22350.0], [4027.75, 595.0], [4030.0, 40000.0], [4030.25, 587.0], [4030.5, 400.0]]}}}
{"jsonrpc": "2.0", "method": "subscription", "params": {"channel": "book.ETH-24OCT25.none.20.100ms", "data": {"timestamp": 1760128275874, "change_id": 90541920074, "instrument_name": "ETH-24OCT25", "bids": [[4019.0, 6567.0], [4018.75, 22160.0], [4018.5, 13265.0], [4018.25, 46210.0], [4018.0, 5300.0], [4017.75, 17754.0], [4013.0, 260.0], [4012.75, 845.0], [4010.25, 5.0], [4010.0, 2.0], [4007.75, 1042.0], [4007.5, 3383.0], [4007.25, 40000.0], [4007.0, 400.0], [4004.0, 13535.0], [4002.25, 5.0], [3999.0, 40000.0], [3994.25, 5.0], [3992.0, 40000.0], [3990.5, 37027.0]], "asks": [[4019.75, 22000.0], [4020.0, 2999.0], [4020.25, 10048.0], [4020.5, 5300.0], [4020.75, 17914.0], [4024.25, 340.0], [4025.75, 13849.0], [4032.5, 40000.0], [4033.25, 400.0], [4034.25, 5.0], [4037.0, 2.0], [4041.5, 40000.0], [4042.25, 5.0], [4043.25, 8.0], [4045.5, 40000.0], [4046.0, 32.0], [4047.25, 6352.0], [4050.5, 5.0], [4055.75, 38361.0], [4056.75, 18996.0]]}}}
{"jsonrpc": "2.0", "method": "subscription", "params": {"channel": "book.ETH-17OCT25.none.20.100ms", "data": {"timestamp": 1760128276233, "change_id": 90541920977, "instrument_name": "ETH-17OCT25", "bids": [[4017.25, 4238.0], [4017.0, 6292.0], [4016.75, 31381.0], [4016.5, 29857.0], [4016.25, 37793.0], [4016.0, 18406.0], [4015.75, 2001.0], [4014.75, 585.0], [4014.5, 4529.0], [4014.25, 15174.0], [4013.25, 3505.0], [4013.0, 9750.0], [4010.75, 600.0], [4010.25, 847.0], [4010.0, 853.0], [4009.75, 576.0], [4009.0, 6715.0], [4008.75, 20499.0], [4008.5, 576.0], [4008.0, 624.0]], "asks": [[4017.5, 34218.0], [4017.75, 31107.0], [4018.0, 26544.0], [4018.25, 25694.0], [4018.5, 21007.0], [4020.75, 587.0], [4021.5, 6709.0], [4021.75, 24340.0], [4023.25, 601.0], [4023.75, 587.0], [4025.5, 572.0], [4026.25, 596.0], [4027.25, 587.0], [4027.5, 22350.0], [4027.75, 595.0], [4030.0, 40000.0], [4030.25, 587.0], [4030.5, 400.0], [4032.0, 593.0], [4032.5, 586.0]]}}}
{"jsonrpc": "2.0", "method": "subscription", "params": {"channel": "book.ETH-24OCT25.none.20.100ms", "data": {"timestamp": 1760128276558, "change_id": 90541921635, "instrument_name": "ETH-24OCT25", "bids": [[4019.5, 1961.0], [4019.25, 6567.0], [4019.0, 22000.0], [4018.75, 160.0], [4018.5, 13265.0], [4018.25, 46210.0], [4018.0, 5300.0], [4017.75, 17754.0], [4013.5, 1867.0], [4013.25, 6256.0], [4013.0, 260.0], [4012.75, 845.0], [4010.25, 5.0], [4010.0, 2.0], [4009.25, 18363.0], [4008.5, 11053.0], [4008.25, 37027.0], [4007.75, 1042.0], [4007.5, 3383.0], [4007.25, 40000.0]], "asks": [[4020.25, 32048.0], [4020.5, 5300.0], [4020.75, 17914.0], [4024.25, 340.0], [4025.5, 4134.0], [4025.75, 13849.0], [4028.75, 5670.0], [4029.0, 18996.0], [4030.0, 38536.0], [4032.25, 6352.0], [4032.5, 40000.0], [4033.0, 38508.0], [4033.25, 400.0], [4034.25, 5.0], [4037.0, 2.0], [4041.25, 38361.0], [4041.5, 40000.0], [4042.25, 5.0], [4043.25, 8.0], [4045.25, 37101.0]]}}}
{"jsonrpc": "2.0", "method": "subscription", "params": {"channel": "book.ETH-17OCT25.none.20.100ms", "data": {"timestamp": 1760128276588, "change_id": 90541921688, "instrument_name": "ETH-17OCT25", "bids": [[4017.25, 2500.0], [4017.0, 33705.0], [4016.75, 53381.0], [4016.5, 29857.0], [4016.25, 37793.0], [4016.0, 18406.0], [4015.75, 2001.0], [4014.75, 585.0], [4014.5, 4529.0], [4014.25, 15174.0], [4013.75, 7477.0], [4013.5, 25050.0], [4013.25, 3505.0], [4013.0, 9750.0], [4010.75, 600.0], [4010.25, 847.0], [4010.0, 853.0], [4009.75, 576.0], [4009.0, 6715.0], [4008.75, 28346.0]], "asks": [[4017.5, 4902.0], [4017.75, 36889.0], [4018.0, 48544.0], [4018.25, 20392.0], [4019.0, 18507.0], [4019.25, 2500.0], [4020.75, 587.0], [4021.5, 6709.0], [4021.75, 24340.0], [4023.25, 601.0], [4023.75, 587.0], [4025.5, 572.0], [4025.75, 7665.0], [4026.0, 25677.0], [4026.25, 596.0], [4027.25, 587.0], [4027.5, 22350.0], [4027.75, 595.0], [4029.5, 25522.0], [4030.0, 40000.0]]}}}
{"jsonrpc": "2.0", "method": "subscription", "params": {"channel": "book.ETH-24OCT25.none.20.100ms", "data": {"timestamp": 1760128276792, "change_id": 90541921840, "instrument_name": "ETH-24OCT25", "bids": [[4019.25, 6727.0], [4019.0, 22000.0], [4018.5, 13265.0], [4018.25, 46210.0], [4018.0, 5300.0], [4017.75, 17754.0], [4013.5, 1867.0], [4013.25, 6256.0], [4013.0, 260.0], [4012.75, 845.0], [4010.25, 5.0], [4010.0, 2.0], [4009.25, 18363.0], [4008.5, 11053.0], [4008.25, 37027.0], [4007.75, 1042.0], [4007.5, 3383.0], [4007.25, 40000.0], [4007.0, 400.0], [4005.25, 36781.0]], "asks": [[4019.75, 2392.0], [4020.0, 9566.0], [4020.25, 32048.0], [4020.5, 5300.0], [4020.75, 17914.0], [4024.25, 340.0], [4025.5, 4134.0], [4025.75, 13849.0], [4028.75, 5670.0], [4029.0, 18996.0], [4030.0, 38536.0], [4032.25, 6352.0], [4032.5, 40000.0], [4033.0, 38508.0], [4033.25, 400.0], [4034.25, 5.0], [4037.0, 2.0], [4041.25, 38361.0], [4041.5, 40000.0], [4042.25, 5.0]]}}}
{"jsonrpc": "2.0", "method": "subscription", "params": {"channel": "book.ETH-17OCT25.none.20.100ms", "data": {"timestamp": 1760128276829, "change_id": 90541922020, "instrument_name": "ETH-17OCT25", "bids": [[4017.25, 2500.0], [4017.0, 13313.0], [4016.75, 53381.0], [4016.5, 29857.0], [4016.25, 37793.0], [4016.0, 18406.0], [4015.75, 2001.0], [4014.75, 585.0], [4014.5, 4529.0], [4014.25, 15174.0], [4013.75, 7477.0], [4013.5, 25050.0], [4013.25, 3505.0], [4013.0, 9750.0], [4010.75, 600.0], [4010.25, 847.0], [4010.0, 853.0], [4009.75, 576.0], [4009.0, 6715.0], [4008.75, 28346.0]], "asks": [[4017.5, 10202.0], [4017.75, 36889.0], [4018.0, 48544.0], [4018.25, 20392.0], [4018.5, 746.0], [4018.75, 7802.0], [4019.0, 18507.0], [4020.75, 587.0], [4021.5, 6709.0], [4021.75, 24340.0], [4023.75, 587.0], [4025.5, 572.0], [4025.75, 7665.0], [4026.0, 25677.0], [4026.25, 596.0], [4027.25, 587.0], [4027.5, 22350.0], [4027.75, 595.0], [4029.5, 25522.0], [4029.75, 595.0]]}}}
{"jsonrpc": "2.0", "method": "subscription", "params": {"channel": "book.ETH-17OCT25.none.20.100ms", "data": {"timestamp": 1760128277160, "change_id": 90541922650, "instrument_name": "ETH-17OCT25", "bids": [[4017.25, 2500.0], [4017.0, 13313.0], [4016.75, 53381.0], [4016.5, 29857.0], [4016.25, 37793.0], [4016.0, 18406.0], [4015.75, 2001.0], [4014.75, 585.0], [4014.5, 4529.0], [4014.25, 15174.0], [4013.75, 7477.0], [4013.5, 25050.0], [4013.25, 3505.0], [4013.0, 9750.0], [4010.75, 600.0], [4010.25, 847.0], [4010.0, 853.0], [4009.75, 576.0], [4009.0, 6715.0], [4008.75, 28346.0]], "asks": [[4017.5, 10202.0], [4017.75, 36889.0], [4018.0, 48544.0], [4018.25, 21138.0], [4018.5, 2500.0], [4018.75, 5302.0], [4019.0, 18507.0], [4020.75, 587.0], [4021.5, 6709.0], [4021.75, 24340.0], [4023.75, 587.0], [4025.5, 572.0], [4025.75, 7665.0], [4026.0, 25677.0], [4026.25, 596.0], [4027.25, 587.0], [4027.5, 22350.0], [4027.75, 595.0], [4029.5, 25522.0], [4029.75, 595.0]]}}}
{"jsonrpc": "2.0", "method": "subscription", "params": {"channel": "book.ETH-24OCT25.none.20.100ms", "data": {"timestamp": 1760128277344, "change_id": 90541922854, "instrument_name": "ETH-24OCT25", "bids": [[4019.25, 6567.0], [4019.0, 22000.0], [4018.5, 4298.0], [4018.25, 13863.0], [4018.0, 5300.0], [4017.75, 17754.0], [4013.5, 1867.0], [4013.25, 6256.0], [4013.0, 260.0], [4012.75, 845.0], [4010.25, 5.0], [4010.0, 2.0], [4009.25, 18363.0], [4008.5, 11053.0], [4008.25, 37027.0], [4007.75, 1042.0], [4007.5, 3383.0], [4007.25, 40000.0], [4007.0, 400.0], [4005.25, 36781.0]], "asks": [[4019.75, 7348.0], [4020.0, 24999.0], [4020.25, 10048.0], [4020.5, 5300.0], [4020.75, 17914.0], [4024.25, 340.0], [4025.5, 4134.0], [4025.75, 13849.0], [4028.75, 5670.0], [4029.0, 18996.0], [4030.0, 38536.0], [4032.25, 6352.0], [4032.5, 40000.0], [4033.0, 38508.0], [4033.25, 400.0], [4034.25, 5.0], [4037.0, 2.0], [4041.25, 38361.0], [4041.5, 40000.0], [4042.25, 5.0]]}}}
{"jsonrpc": "2.0", "method": "subscription", "params": {"channel": "book.ETH-17OCT25.none.20.100ms", "data": {"timestamp": 1760128277569, "change_id": 90541923282, "instrument_name": "ETH-17OCT25", "bids": [[4017.25, 2500.0], [4017.0, 6292.0], [4016.75, 53381.0], [4016.5, 29857.0], [4016.25, 37633.0], [4016.0, 18566.0], [4015.75, 2001.0], [4014.75, 585.0], [4014.5, 4529.0], [4014.25, 15174.0], [4013.75, 7477.0], [4013.5, 25050.0], [4013.25, 3505.0], [4013.0, 9750.0], [4010.75, 600.0], [4010.25, 847.0], [4010.0, 853.0], [4009.75, 576.0], [4009.0, 6715.0], [4008.75, 28346.0]], "asks": [[4017.5, 10202.0], [4017.75, 53107.0], [4018.0, 26544.0], [4018.25, 20392.0], [4018.75, 5302.0], [4019.0, 21007.0], [4020.75, 587.0], [4021.5, 6709.0], [4021.75, 24340.0], [4023.75, 587.0], [4025.5, 572.0], [4025.75, 7665.0], [4026.0, 25677.0], [4026.25, 596.0], [4027.25, 587.0], [4027.5, 22350.0], [4027.75, 595.0], [4029.5, 25522.0], [4029.75, 595.0], [4030.0, 40000.0]]}}}
{"jsonrpc": "2.0", "method": "subscription", "params": {"channel": "book.ETH-24OCT25.none.20.100ms", "data": {"timestamp": 1760128277775, "change_id": 90541923415, "instrument_name": "ETH-24OCT25", "bids": [[4019.25, 6567.0], [4019.0, 22160.0], [4018.75, 6262.0], [4018.5, 25116.0], [4018.25, 13863.0], [4018.0, 5300.0], [4017.75, 17754.0], [4013.5, 1867.0], [4013.25, 6256.0], [4013.0, 260.0], [4012.75, 845.0], [4010.25, 5.0], [4010.0, 2.0], [4009.25, 18363.0], [4008.5, 11053.0], [4008.25, 37027.0], [4007.75, 1042.0], [4007.5, 3383.0], [4007.25, 40000.0], [4007.0, 400.0]], "asks": [[4019.75, 7348.0], [4020.0, 24999.0], [4020.5, 5300.0], [4020.75, 17914.0], [4021.25, 3000.0], [4021.5, 10050.0], [4024.25, 340.0], [4025.5, 4134.0], [4025.75, 13849.0], [4028.75, 5670.0], [4029.0, 18996.0], [4030.0, 38536.0], [4032.25, 6352.0], [4032.5, 40000.0], [4033.0, 38508.0], [4033.25, 400.0], [4034.25, 5.0], [4037.0, 2.0], [4041.25, 38361.0], [4041.5, 40000.0]]}}}
{"jsonrpc": "2.0", "method": "subscription", "params": {"channel": "book.ETH-17OCT25.none.20.100ms", "data": {"timestamp": 1760128277778, "change_id": 90541923418, "instrument_name": "ETH-17OCT25", "bids": [[4017.25, 2500.0], [4017.0, 6292.0], [4016.75, 53381.0], [4016.5, 29857.0], [4016.25, 37633.0], [4016.0, 18566.0], [4015.75, 2001.0], [4014.75, 585.0], [4014.5, 4529.0], [4014.25, 15174.0], [4013.75, 7477.0], [4013.5, 25050.0], [4013.25, 3505.0], [4013.0, 9750.0], [4010.75, 600.0], [4010.25, 847.0], [4010.0, 853.0], [4009.75, 576.0], [4009.0, 6715.0], [4008.75, 28346.0]], "asks": [[4017.5, 10202.0], [4017.75, 43064.0], [4018.0, 26544.0], [4018.25, 23390.0], [4018.5, 10791.0], [4018.75, 7802.0], [4019.0, 18507.0], [4020.75, 587.0], [4021.5, 6709.0], [4021.75, 24340.0], [4023.75, 587.0], [4025.5, 572.0], [4025.75, 7665.0], [4026.0, 25677.0], [4026.25, 596.0], [4027.25, 587.0], [4027.5, 22350.0], [4027.75, 595.0], [4029.5, 25522.0], [4029.75, 595.0]]}}}
{"jsonrpc": "2.0", "method": "subscription", "params": {"channel": "book.ETH-17OCT25.none.20.100ms", "data": {"timestamp": 1760128277915, "change_id": 90541923635, "instrument_name": "ETH-17OCT25", "bids": [[4017.25, 2500.0], [4017.0, 6292.0], [4016.75, 53381.0], [4016.5, 29857.0], [4016.25, 37633.0], [4016.0, 18566.0], [4015.75, 2001.0], [4014.75, 585.0], [4014.5, 4529.0], [4014.25, 15174.0], [4013.75, 7477.0], [4013.5, 25050.0], [4013.25, 3505.0], [4013.0, 9750.0], [4010.75, 600.0], [4010.25, 847.0], [4010.0, 853.0], [4009.75, 576.0], [4009.0, 6715.0], [4008.75, 28346.0]], "asks": [[4017.5, 10202.0], [4017.75, 43064.0], [4018.0, 26544.0], [4018.25, 23390.0], [4018.5, 13291.0], [4018.75, 5302.0], [4019.0, 18507.0], [4020.75, 587.0], [4021.5, 6709.0], [4021.75, 24340.0], [4023.75, 587.0], [4025.5, 572.0], [4025.75, 7665.0], [4026.0, 25677.0], [4026.25, 596.0], [4027.25, 587.0], [4027.5, 22350.0], [4027.75, 595.0], [4029.5, 25522.0], [4029.75, 595.0]]}}}
{"jsonrpc": "2.0", "method": "subscription", "params": {"channel": "book.ETH-24OCT25.none.20.100ms", "data": {"timestamp": 1760128278612, "change_id": 90541924859, "instrument_name": "ETH-24OCT25", "bids": [[4019.25, 6567.0], [4019.0, 22160.0], [4018.75, 6262.0], [4018.5, 25116.0], [4018.25, 13863.0], [4018.0, 5300.0], [4017.75, 17754.0], [4013.5, 1867.0], [4013.25, 6256.0], [4013.0, 260.0], [4012.75, 845.0], [4010.25, 5.0], [4010.0, 2.0], [4009.5, 5481.0], [4009.25, 18363.0], [4008.5, 11053.0], [4008.25, 37027.0], [4007.75, 1042.0], [4007.5, 3383.0], [4007.25, 40000.0]], "asks": [[4019.75, 22000.0], [4020.5, 5300.0], [4020.75, 17914.0], [4021.25, 3000.0], [4021.5, 10050.0], [4024.25, 340.0], [4025.5, 4134.0], [4025.75, 13849.0], [4028.75, 5670.0], [4029.0, 18996.0], [4030.0, 38536.0], [4032.25, 6352.0], [4032.5, 40000.0], [4033.0, 38508.0], [4033.25, 400.0], [4034.25, 5.0], [4037.0, 2.0], [4041.25, 38361.0], [4041.5, 40000.0], [4042.25, 5.0]]}}}
{"jsonrpc": "2.0", "method": "subscription", "params": {"channel": "book.ETH-17OCT25.none.20.100ms", "data": {"timestamp": 1760128278885, "change_id": 90541925277, "instrument_name": "ETH-17OCT25", "bids": [[4017.0, 2500.0], [4016.75, 28087.0], [4016.5, 29857.0], [4016.25, 58025.0], [4016.0, 18566.0], [4015.75, 2001.0], [4014.75, 585.0], [4014.5, 4529.0], [4014.25, 15174.0], [4013.75, 7477.0], [4013.5, 25050.0], [4013.25, 595.0], [4010.75, 600.0], [4010.25, 847.0], [4010.0, 853.0], [4009.75, 576.0], [4009.0, 6715.0], [4008.75, 28346.0], [4008.5, 26288.0], [4008.0, 15327.0]], "asks": [[4017.25, 5300.0], [4017.5, 27416.0], [4017.75, 43064.0], [4018.0, 21298.0], [4018.25, 5498.0], [4018.5, 10791.0], [4018.75, 5302.0], [4019.0, 18507.0], [4020.75, 587.0], [4021.5, 6709.0], [4021.75, 24340.0], [4023.75, 587.0], [4025.5, 572.0], [4025.75, 7665.0], [4026.0, 25677.0], [4026.25, 596.0], [4027.25, 587.0], [4027.5, 22350.0], [4027.75, 595.0], [4029.5, 25522.0]]}}}
{"jsonrpc": "2.0", "method": "subscription", "params": {"channel": "book.ETH-17OCT25.none.20.100ms", "data": {"timestamp": 1760128279226, "change_id": 90541926034, "instrument_name": "ETH-17OCT25", "bids": [[4017.0, 7402.0], [4016.75, 48479.0], [4016.5, 29857.0], [4016.25, 58025.0], [4016.0, 18566.0], [4015.75, 2001.0], [4014.75, 585.0], [4014.5, 4529.0], [4014.25, 15174.0], [4013.75, 7477.0], [4013.5, 28138.0], [4013.25, 10345.0], [4010.75, 600.0], [4010.25, 847.0], [4010.0, 853.0], [4009.75, 576.0], [4009.0, 6715.0], [4008.75, 28346.0], [4008.5, 26288.0], [4008.0, 15327.0]], "asks": [[4017.25, 5300.0], [4017.5, 22116.0], [4017.75, 43064.0], [4018.0, 21298.0], [4018.25, 2998.0], [4018.5, 10791.0], [4018.75, 7802.0], [4019.0, 18507.0], [4020.75, 587.0], [4021.5, 6709.0], [4021.75, 24340.0], [4023.75, 587.0], [4025.5, 572.0], [4025.75, 7665.0], [4026.0, 25677.0], [4026.25, 596.0], [4027.25, 587.0], [4027.5, 22350.0], [4027.75, 595.0], [4029.5, 25522.0]]}}}
{"jsonrpc": "2.0", "method": "subscription", "params": {"channel": "book.ETH-17OCT25.none.20.100ms", "data": {"timestamp": 1760128279544, "change_id": 90541926442, "instrument_name": "ETH-17OCT25", "bids": [[4017.0, 7402.0], [4016.75, 28087.0], [4016.5, 29857.0], [4016.25, 58025.0], [4016.0, 18566.0], [4015.75, 2001.0], [4014.75, 585.0], [4014.5, 4529.0], [4014.25, 15174.0], [4013.75, 7477.0], [4013.5, 28138.0], [4013.25, 10345.0], [4010.75, 600.0], [4010.25, 847.0], [4010.0, 853.0], [4009.75, 576.0], [4009.0, 6715.0], [4008.75, 28346.0], [4008.5, 26288.0], [4008.0, 15327.0]], "asks": [[4017.25, 5300.0], [4017.5, 22116.0], [4017.75, 43064.0], [4018.0, 21298.0], [4018.25, 2998.0], [4018.5, 10791.0], [4018.75, 7802.0], [4019.0, 18507.0], [4020.75, 587.0], [4021.5, 6709.0], [4021.75, 24340.0], [4025.5, 572.0], [4025.75, 7665.0], [4026.0, 25677.0], [4026.25, 596.0], [4027.25, 587.0], [4027.5, 22350.0], [4027.75, 595.0], [4029.5, 25522.0], [4029.75, 595.0]]}}}
{"jsonrpc": "2.0", "method": "subscription", "params": {"channel": "book.ETH-17OCT25.none.20.100ms", "data": {"timestamp": 1760128279726, "change_id": 90541926585, "instrument_name": "ETH-17OCT25", "bids": [[4017.0, 7402.0], [4016.75, 48479.0], [4016.5, 29857.0], [4016.25, 58025.0], [4016.0, 18566.0], [4015.75, 2001.0], [4014.75, 585.0], [4014.5, 4529.0], [4014.25, 15174.0], [4013.75, 7477.0], [4013.5, 28138.0], [4013.25, 10345.0], [4010.75, 600.0], [4010.25, 847.0], [4010.0, 853.0], [4009.75, 576.0], [4009.0, 6715.0], [4008.75, 28346.0], [4008.5, 26288.0], [4008.0, 15327.0]], "asks": [[4017.25, 5300.0], [4017.5, 22116.0], [4017.75, 43064.0], [4018.0, 21298.0], [4018.25, 2998.0], [4018.5, 13291.0], [4018.75, 5302.0], [4019.0, 18507.0], [4020.75, 587.0], [4021.5, 6709.0], [4021.75, 24340.0], [4025.5, 572.0], [4025.75, 7665.0], [4026.0, 25677.0], [4026.25, 596.0], [4027.25, 587.0], [4027.5, 22350.0], [4027.75, 595.0], [4029.5, 25522.0], [4029.75, 595.0]]}}}
{"jsonrpc": "2.0", "method": "subscription", "params": {"channel": "book.ETH-17OCT25.none.20.100ms", "data": {"timestamp": 1760128280225, "change_id": 90541927416, "instrument_name": "ETH-17OCT25", "bids": [[4017.0, 7402.0], [4016.75, 48479.0], [4016.5, 29857.0], [4016.25, 58025.0], [4016.0, 18566.0], [4015.75, 2001.0], [4014.75, 585.0], [4014.5, 4529.0], [4014.25, 15174.0], [4013.75, 7477.0], [4013.5, 28138.0], [4013.25, 10345.0], [4010.75, 600.0], [4010.25, 847.0], [4010.0, 853.0], [4009.75, 576.0], [4009.0, 6715.0], [4008.75, 28346.0], [4008.5, 26288.0], [4008.0, 15327.0]], "asks": [[4017.25, 5300.0], [4017.5, 22116.0], [4017.75, 43064.0], [4018.0, 21298.0], [4018.25, 5498.0], [4018.5, 10791.0], [4018.75, 5302.0], [4019.0, 18507.0], [4020.75, 587.0], [4021.5, 6709.0], [4021.75, 24340.0], [4025.5, 572.0], [4025.75, 7665.0], [4026.0, 25677.0], [4026.25, 596.0], [4027.25, 587.0], [4027.5, 22350.0], [4027.75, 595.0], [4029.5, 25522.0], [4029.75, 595.0]]}}}
{"jsonrpc": "2.0", "method": "subscription", "params": {"channel": "book.ETH-17OCT25.none.20.100ms", "data": {"timestamp": 1760128280482, "change_id": 90541927590, "instrument_name": "ETH-17OCT25", "bids": [[4017.0, 7402.0], [4016.75, 48479.0], [4016.5, 35358.0], [4016.25, 58025.0], [4016.0, 18566.0], [4015.75, 2001.0], [4014.75, 585.0], [4014.5, 4529.0], [4014.25, 15174.0], [4013.75, 7477.0], [4013.5, 28138.0], [4013.25, 10345.0], [4010.75, 600.0], [4010.25, 847.0], [4010.0, 853.0], [4009.75, 576.0], [4009.0, 6715.0], [4008.75, 28346.0], [4008.5, 26288.0], [4008.0, 15327.0]], "asks": [[4017.25, 5300.0], [4017.5, 22116.0], [4017.75, 43064.0], [4018.0, 21298.0], [4018.25, 2998.0], [4018.5, 10791.0], [4018.75, 7802.0], [4019.0, 18507.0], [4020.75, 587.0], [4021.5, 6709.0], [4021.75, 24340.0], [4025.5, 572.0], [4025.75, 7665.0], [4026.0, 25677.0], [4026.25, 596.0], [4027.25, 587.0], [4027.5, 22350.0], [4027.75, 595.0], [4029.5, 25522.0], [4029.75, 595.0]]}}}
{"jsonrpc": "2.0", "method": "subscription", "params": {"channel": "book.ETH-17OCT25.none.20.100ms", "data": {"timestamp": 1760128280647, "change_id": 90541927852, "instrument_name": "ETH-17OCT25", "bids": [[4017.0, 7402.0], [4016.75, 48479.0], [4016.5, 35358.0], [4016.25, 58025.0], [4016.0, 18566.0], [4015.75, 2001.0], [4014.75, 585.0], [4014.5, 4529.0], [4014.25, 15174.0], [4013.75, 7477.0], [4013.5, 28138.0], [4013.25, 10345.0], [4010.75, 600.0], [4010.25, 847.0], [4010.0, 853.0], [4009.75, 576.0], [4009.0, 6715.0], [4008.75, 28346.0], [4008.5, 26288.0], [4008.0, 15327.0]], "asks": [[4017.25, 5300.0], [4017.5, 22116.0], [4017.75, 43064.0], [4018.0, 21298.0], [4018.25, 2998.0], [4018.5, 13291.0], [4018.75, 5302.0], [4019.0, 18507.0], [4020.75, 587.0], [4021.5, 6709.0], [4021.75, 24340.0], [4025.5, 572.0], [4025.75, 7665.0], [4026.0, 25677.0], [4026.25, 596.0], [4027.25, 587.0], [4027.5, 22350.0], [4027.75, 595.0], [4029.5, 25522.0], [4029.75, 595.0]]}}}
{"jsonrpc": "2.0", "method": "subscription", "params": {"channel": "book.ETH-17OCT25.none.20.100ms", "data": {"timestamp": 1760128281163, "change_id": 90541928665, "instrument_name": "ETH-17OCT25", "bids": [[4017.0, 7402.0], [4016.75, 48479.0], [4016.5, 35358.0], [4016.25, 58025.0], [4016.0, 18566.0], [4015.75, 2001.0], [4014.75, 585.0], [4014.5, 4529.0], [4014.25, 15174.0], [4013.75, 7477.0], [4013.5, 28138.0], [4013.25, 10345.0], [4010.75, 600.0], [4010.25, 847.0], [4010.0, 853.0], [4009.75, 576.0], [4009.0, 6715.0], [4008.75, 28346.0], [4008.5, 26288.0], [4008.0, 15327.0]], "asks": [[4017.25, 5300.0], [4017.5, 22116.0], [4017.75, 43064.0], [4018.0, 21298.0], [4018.25, 2998.0], [4018.5, 10791.0], [4018.75, 7802.0], [4019.0, 18507.0], [4020.75, 587.0], [4021.5, 6709.0], [4021.75, 24340.0], [4025.5, 572.0], [4025.75, 7665.0], [4026.0, 25677.0], [4026.25, 596.0], [4027.25, 587.0], [4027.5, 22350.0], [4027.75, 595.0], [4029.5, 25522.0], [4029.75, 595.0]]}}}
{"jsonrpc": "2.0", "method": "subscription", "params": {"channel": "book.ETH-17OCT25.none.20.100ms", "data": {"timestamp": 1760128281257, "change_id": 90541928759, "instrument_name": "ETH-17OCT25", "bids": [[4017.0, 7402.0], [4016.75, 48479.0], [4016.5, 35358.0], [4016.25, 58025.0], [4016.0, 18566.0], [4015.75, 2001.0], [4014.75, 585.0], [4014.5, 4529.0], [4014.25, 15174.0], [4013.75, 7477.0], [4013.5, 28138.0], [4013.25, 10345.0], [4010.75, 600.0], [4010.25, 847.0], [4010.0, 853.0], [4009.75, 576.0], [4009.0, 6715.0], [4008.75, 28346.0], [4008.5, 26288.0], [4008.0, 15327.0]], "asks": [[4017.25, 5300.0], [4017.5, 22116.0], [4017.75, 43064.0], [4018.0, 21298.0], [4018.25, 2998.0], [4018.5, 13291.0], [4018.75, 5302.0], [4019.0, 18507.0], [4020.75, 587.0], [4021.5, 6709.0], [4021.75, 24340.0], [4025.5, 572.0], [4025.75, 7665.0], [4026.0, 25677.0], [4026.25, 596.0], [4027.25, 587.0], [4027.5, 22350.0], [4027.75, 595.0], [4029.5, 25522.0], [4029.75, 595.0]]}}}
{"jsonrpc": "2.0", "method": "subscription", "params": {"channel": "book.ETH-17OCT25.none.20.100ms", "data": {"timestamp": 1760128281871, "change_id": 90541929649, "instrument_name": "ETH-17OCT25", "bids": [[4017.0, 7402.0], [4016.75, 28203.0], [4016.5, 26555.0], [4016.25, 25694.0], [4016.0, 18566.0], [4015.75, 2001.0], [4014.75, 585.0], [4014.25, 605.0], [4013.75, 7477.0], [4013.5, 25050.0], [4013.25, 10345.0], [4012.5, 4275.0], [4012.25, 14322.0], [4010.75, 600.0], [4010.25, 847.0], [4010.0, 853.0], [4009.75, 576.0], [4009.0, 6715.0], [4008.75, 28346.0], [4008.5, 26288.0]], "asks": [[4017.25, 5300.0], [4017.5, 37549.0], [4017.75, 21064.0], [4018.0, 21298.0], [4018.25, 2998.0], [4018.5, 13291.0], [4018.75, 5302.0], [4019.0, 18507.0], [4020.75, 587.0], [4021.5, 6709.0], [4021.75, 24340.0], [4025.5, 572.0], [4025.75, 7665.0], [4026.0, 25677.0], [4026.25, 596.0], [4027.25, 587.0], [4027.5, 22350.0], [4027.75, 595.0], [4029.5, 25522.0], [4029.75, 595.0]]}}}
{"jsonrpc": "2.0", "method": "subscription", "params": {"channel": "book.ETH-24OCT25.none.20.100ms", "data": {"timestamp": 1760128281852, "change_id": 90541929643, "instrument_name": "ETH-24OCT25", "bids": [[4018.75, 6567.0], [4018.5, 22000.0], [4018.25, 165.0], [4018.0, 5300.0], [4017.75, 17754.0], [4016.25, 4281.0], [4016.0, 14341.0], [4014.0, 1867.0], [4013.75, 6256.0], [4013.0, 260.0], [4012.75, 845.0], [4010.25, 5.0], [4010.0, 2.0], [4009.5, 5481.0], [4009.25, 18363.0], [4008.5, 11053.0], [4008.25, 37027.0], [4007.75, 1042.0], [4007.5, 3383.0], [4007.25, 40000.0]], "asks": [[4019.5, 6567.0], [4019.75, 22000.0], [4020.5, 5300.0], [4020.75, 17914.0], [4021.25, 3000.0], [4021.5, 10050.0], [4024.25, 340.0], [4025.5, 4134.0], [4025.75, 13849.0], [4028.75, 12022.0], [4029.0, 18996.0], [4030.0, 38536.0], [4032.5, 40000.0], [4033.0, 38508.0], [4033.25, 400.0], [4034.25, 5.0], [4037.0, 38363.0], [4041.5, 40000.0], [4042.25, 5.0], [4043.25, 8.0]]}}}
{"jsonrpc": "2.0", "method": "subscription", "params": {"channel": "book.ETH-17OCT25.none.20.100ms", "data": {"timestamp": 1760128282207, "change_id": 90541930641, "instrument_name": "ETH-17OCT25", "bids": [[4016.75, 2500.0], [4016.5, 6567.0], [4016.25, 32207.0], [4016.0, 53919.0], [4015.75, 2001.0], [4015.5, 17761.0], [4014.75, 585.0], [4014.25, 605.0], [4013.75, 7477.0], [4013.25, 595.0], [4012.5, 4275.0], [4012.25, 14322.0], [4010.75, 600.0], [4010.25, 592.0], [4009.75, 576.0], [4009.25, 433.0], [4009.0, 7568.0], [4008.75, 28346.0], [4008.5, 26288.0], [4008.0, 15327.0]], "asks": [[4017.25, 30611.0], [4017.5, 15549.0], [4017.75, 21064.0], [4018.0, 21298.0], [4018.25, 11163.0], [4018.5, 28552.0], [4018.75, 595.0], [4020.75, 587.0], [4021.5, 6709.0], [4021.75, 24340.0], [4025.5, 572.0], [4025.75, 7665.0], [4026.0, 25677.0], [4026.25, 596.0], [4027.25, 587.0], [4027.5, 22350.0], [4027.75, 595.0], [4029.5, 25522.0], [4029.75, 595.0], [4030.0, 40000.0]]}}}
{"jsonrpc": "2.0", "method": "subscription", "params": {"channel": "book.ETH-24OCT25.none.20.100ms", "data": {"timestamp": 1760128282207, "change_id": 90541930639, "instrument_name": "ETH-24OCT25", "bids": [[4018.75, 6567.0], [4018.5, 31705.0], [4018.25, 32513.0], [4017.25, 17754.0], [4016.25, 4281.0], [4016.0, 14341.0], [4014.0, 1867.0], [4013.0, 260.0], [4012.75, 845.0], [4010.25, 5.0], [4010.0, 2.0], [4009.5, 5481.0], [4009.25, 18363.0], [4008.5, 11053.0], [4008.25, 37027.0], [4007.75, 1042.0], [4007.5, 3383.0], [4007.25, 40000.0], [4007.0, 400.0], [4005.25, 36781.0]], "asks": [[4019.25, 5900.0], [4019.5, 22000.0], [4020.25, 160.0], [4020.5, 4680.0], [4020.75, 17754.0], [4021.25, 3000.0], [4021.5, 10050.0], [4024.25, 340.0], [4025.5, 4134.0], [4025.75, 13849.0], [4028.5, 1896.0], [4028.75, 12022.0], [4029.0, 18996.0], [4030.0, 38536.0], [4032.5, 40000.0], [4033.0, 38508.0], [4033.25, 400.0], [4034.25, 5.0], [4037.0, 38363.0], [4041.5, 40000.0]]}}}
{"jsonrpc": "2.0", "method": "subscription", "params": {"channel": "book.ETH-24OCT25.none.20.100ms", "data": {"timestamp": 1760128282529, "change_id": 90541931337, "instrument_name": "ETH-24OCT25", "bids": [[4018.75, 6567.0], [4018.5, 31705.0], [4018.25, 32513.0], [4017.25, 17754.0], [4016.25, 4281.0], [4016.0, 14341.0], [4014.25, 6256.0], [4013.0, 260.0], [4012.75, 845.0], [4010.25, 5.0], [4010.0, 2.0], [4009.5, 5481.0], [4009.25, 18363.0], [4008.5, 11053.0], [4008.25, 37027.0], [4007.75, 1042.0], [4007.5, 3383.0], [4007.25, 40000.0], [4007.0, 400.0], [4005.25, 36781.0]], "asks": [[4019.25, 5900.0], [4019.5, 22000.0], [4019.75, 5300.0], [4020.0, 17754.0], [4020.25, 160.0], [4021.25, 3000.0], [4021.5, 10050.0], [4024.25, 340.0], [4025.5, 4134.0], [4025.75, 13849.0], [4028.5, 1896.0], [4028.75, 12022.0], [4029.0, 18996.0], [4030.0, 38536.0], [4030.75, 400.0], [4032.5, 40000.0], [4033.0, 38508.0], [4034.25, 5.0], [4037.0, 38363.0], [4041.5, 40000.0]]}}}
{"jsonrpc": "2.0", "method": "subscription", "params": {"channel": "book.ETH-17OCT25.none.20.100ms", "data": {"timestamp": 1760128282521, "change_id": 90541931251, "instrument_name": "ETH-17OCT25", "bids": [[4016.5, 7402.0], [4016.25, 52207.0], [4016.0, 59324.0], [4015.75, 28087.0], [4015.5, 18153.0], [4015.25, 160.0], [4014.75, 585.0], [4014.25, 605.0], [4013.25, 25645.0], [4013.0, 9750.0], [4012.5, 4275.0], [4012.25, 14322.0], [4010.75, 600.0], [4010.25, 592.0], [4009.75, 576.0], [4009.25, 433.0], [4009.0, 7568.0], [4008.75, 28346.0], [4008.5, 26288.0], [4008.0, 15327.0]], "asks": [[4016.75, 5300.0], [4017.0, 32004.0], [4017.25, 45703.0], [4017.5, 11253.0], [4017.75, 6135.0], [4018.0, 21007.0], [4018.25, 2998.0], [4018.5, 10791.0], [4020.75, 587.0], [4021.5, 6709.0], [4021.75, 24340.0], [4025.5, 572.0], [4025.75, 7665.0], [4026.0, 25677.0], [4026.25, 596.0], [4027.25, 587.0], [4027.5, 22350.0], [4027.75, 595.0], [4029.5, 25522.0], [4029.75, 595.0]]}}}
{"jsonrpc": "2.0", "method": "subscription", "params": {"channel": "book.ETH-17OCT25.none.20.100ms", "data": {"timestamp": 1760128282865, "change_id": 90541932148, "instrument_name": "ETH-17OCT25", "bids": [[4016.5, 7402.0], [4016.25, 3500.0], [4016.0, 32916.0], [4015.75, 48086.0], [4015.25, 160.0], [4015.0, 19762.0], [4014.75, 585.0], [4014.25, 605.0], [4013.25, 595.0], [4012.75, 9750.0], [4012.5, 4275.0], [4012.25, 14322.0], [4011.0, 25050.0], [4010.75, 600.0], [4010.25, 592.0], [4009.75, 576.0], [4009.25, 433.0], [4009.0, 7568.0], [4008.75, 20499.0], [4008.5, 576.0]], "asks": [[4016.75, 5300.0], [4017.0, 63142.0], [4017.25, 22288.0], [4017.5, 6937.0], [4017.75, 8635.0], [4018.0, 18507.0], [4020.75, 587.0], [4021.5, 6709.0], [4021.75, 24340.0], [4025.5, 572.0], [4025.75, 7665.0], [4026.0, 25677.0], [4026.25, 596.0], [4027.25, 587.0], [4027.5, 22350.0], [4027.75, 595.0], [4029.75, 595.0], [4030.0, 40000.0], [4030.25, 26109.0], [4030.5, 400.0]]}}}
{"jsonrpc": "2.0", "method": "subscription", "params": {"channel": "book.ETH-24OCT25.none.20.100ms", "data": {"timestamp": 1760128282704, "change_id": 90541931798, "instrument_name": "ETH-24OCT25", "bids": [[4018.25, 165.0], [4018.0, 6567.0], [4017.75, 22000.0], [4017.5, 5300.0], [4017.25, 17754.0], [4016.25, 4281.0], [4016.0, 14341.0], [4013.5, 1867.0], [4013.25, 6256.0], [4013.0, 260.0], [4012.75, 845.0], [4010.25, 5.0], [4010.0, 2.0], [4008.25, 18363.0], [4007.75, 1042.0], [4007.5, 3383.0], [4007.25, 40000.0], [4007.0, 37427.0], [4005.25, 36781.0], [4004.0, 13535.0]], "asks": [[4019.0, 6567.0], [4019.25, 22000.0], [4019.75, 7781.0], [4020.0, 27802.0], [4024.25, 340.0], [4025.5, 4134.0], [4025.75, 13849.0], [4028.5, 1896.0], [4028.75, 6352.0], [4030.0, 18996.0], [4030.75, 400.0], [4031.0, 38536.0], [4032.5, 40000.0], [4033.0, 38508.0], [4034.25, 5.0], [4037.0, 38363.0], [4041.5, 40000.0], [4042.25, 5.0], [4043.25, 8.0], [4045.25, 37101.0]]}}}
{"jsonrpc": "2.0", "method": "subscription", "params": {"channel": "book.ETH-17OCT25.none.20.100ms", "data": {"timestamp": 1760128283170, "change_id": 90541933015, "instrument_name": "ETH-17OCT25", "bids": [[4016.25, 7402.0], [4016.0, 32916.0], [4015.75, 47694.0], [4015.5, 53110.0], [4015.25, 6059.0], [4015.0, 19762.0], [4014.75, 585.0], [4014.25, 605.0], [4013.25, 595.0], [4012.5, 14025.0], [4012.25, 14322.0], [4011.75, 25050.0], [4010.75, 600.0], [4010.25, 590.0], [4009.75, 576.0], [4009.25, 433.0], [4009.0, 7570.0], [4008.75, 20499.0], [4008.5, 576.0], [4008.0, 624.0]], "asks": [[4016.5, 5300.0], [4016.75, 58288.0], [4017.0, 39954.0], [4017.25, 14929.0], [4017.5, 746.0], [4017.75, 8635.0], [4018.0, 18507.0], [4020.75, 587.0], [4021.5, 6709.0], [4021.75, 24340.0], [4025.5, 572.0], [4025.75, 7665.0], [4026.0, 25677.0], [4026.25, 596.0], [4027.25, 587.0], [4027.5, 22350.0], [4027.75, 595.0], [4028.0, 400.0], [4029.75, 595.0], [4030.0, 40000.0]]}}}
{"jsonrpc": "2.0", "method": "subscription", "params": {"channel": "book.ETH-24OCT25.none.20.100ms", "data": {"timestamp": 1760128283163, "change_id": 90541933009, "instrument_name": "ETH-24OCT25", "bids": [[4018.25, 6732.0], [4018.0, 31654.0], [4017.75, 32343.0], [4016.75, 5300.0], [4016.5, 17754.0], [4016.25, 4281.0], [4016.0, 14341.0], [4014.0, 1867.0], [4013.75, 6256.0], [4013.0, 252.0], [4012.75, 845.0], [4010.25, 5.0], [4010.0, 10.0], [4008.5, 5481.0], [4008.25, 18363.0], [4007.75, 1042.0], [4007.5, 3383.0], [4007.25, 40000.0], [4007.0, 37427.0], [4005.25, 36781.0]], "asks": [[4018.75, 4921.0], [4019.0, 22000.0], [4019.75, 7781.0], [4020.0, 27802.0], [4024.25, 340.0], [4025.5, 4134.0], [4025.75, 13849.0], [4028.5, 1896.0], [4028.75, 6352.0], [4029.75, 5670.0], [4030.0, 18996.0], [4030.75, 400.0], [4031.0, 38536.0], [4032.5, 40000.0], [4033.0, 38508.0], [4034.25, 5.0], [4037.0, 38363.0], [4041.5, 40000.0], [4042.25, 5.0], [4043.25, 8.0]]}}}
{"jsonrpc": "2.0", "method": "subscription", "params": {"channel": "book.ETH-24OCT25.none.20.100ms", "data": {"timestamp": 1760128283458, "change_id": 90541933450, "instrument_name": "ETH-24OCT25", "bids": [[4018.25, 6732.0], [4018.0, 31654.0], [4017.75, 32343.0], [4016.75, 5300.0], [4016.5, 17754.0], [4016.25, 4281.0], [4016.0, 14341.0], [4014.0, 1867.0], [4013.75, 6256.0], [4013.0, 252.0], [4012.75, 845.0], [4010.25, 5.0], [4010.0, 10.0], [4008.5, 5481.0], [4008.25, 18363.0], [4007.75, 1042.0], [4007.5, 3383.0], [4007.25, 40000.0], [4007.0, 37427.0], [4005.25, 36781.0]], "asks": [[4019.0, 22000.0], [4019.75, 7781.0], [4020.0, 27802.0], [4024.25, 340.0], [4025.5, 4134.0], [4025.75, 13849.0], [4028.5, 1896.0], [4028.75, 6352.0], [4029.75, 5670.0], [4030.0, 18996.0], [4030.75, 400.0], [4031.0, 38536.0], [4032.5, 40000.0], [4033.0, 38508.0], [4034.25, 5.0], [4037.0, 38363.0], [4041.5, 40000.0], [4042.25, 5.0], [4043.25, 8.0], [4045.25, 37101.0]]}}}
{"jsonrpc": "2.0", "method": "subscription", "params": {"channel": "book.ETH-17OCT25.none.20.100ms", "data": {"timestamp": 1760128283490, "change_id": 90541933657, "instrument_name": "ETH-17OCT25", "bids": [[4016.5, 1738.0], [4016.25, 13489.0], [4016.0, 32916.0], [4015.75, 48087.0], [4015.5, 32325.0], [4015.25, 6059.0], [4015.0, 19762.0], [4014.75, 585.0], [4014.25, 605.0], [4013.25, 595.0], [4012.5, 14025.0], [4012.25, 14322.0], [4011.75, 25050.0], [4010.75, 600.0], [4010.25, 590.0], [4009.75, 576.0], [4009.25, 433.0], [4009.0, 7570.0], [4008.75, 20499.0], [4008.5, 576.0]], "asks": [[4016.75, 27300.0], [4017.0, 39954.0], [4017.25, 21016.0], [4017.5, 20392.0], [4017.75, 6135.0], [4018.0, 18507.0], [4018.25, 2500.0], [4020.75, 587.0], [4021.5, 6709.0], [4021.75, 24340.0], [4025.5, 572.0], [4025.75, 7665.0], [4026.0, 25677.0], [4026.25, 596.0], [4027.25, 587.0], [4027.5, 22350.0], [4027.75, 595.0], [4028.0, 400.0], [4029.75, 595.0], [4030.0, 40000.0]]}}}
{"jsonrpc": "2.0", "method": "subscription", "params": {"channel": "book.ETH-17OCT25.none.20.100ms", "data": {"timestamp": 1760128283842, "change_id": 90541934822, "instrument_name": "ETH-17OCT25", "bids": [[4016.5, 4238.0], [4016.25, 31381.0], [4016.0, 32916.0], [4015.75, 48087.0], [4015.5, 32325.0], [4015.25, 6059.0], [4015.0, 19762.0], [4014.75, 585.0], [4014.25, 605.0], [4013.25, 595.0], [4012.5, 14025.0], [4012.25, 14322.0], [4011.75, 25050.0], [4010.75, 600.0], [4010.25, 590.0], [4009.75, 576.0], [4009.25, 433.0], [4009.0, 7570.0], [4008.75, 20499.0], [4008.5, 576.0]], "asks": [[4016.75, 27300.0], [4017.0, 39954.0], [4017.25, 21016.0], [4017.5, 21138.0], [4017.75, 8635.0], [4018.0, 18507.0], [4020.75, 587.0], [4021.5, 6709.0], [4021.75, 24340.0], [4025.5, 572.0], [4025.75, 7665.0], [4026.0, 25677.0], [4026.25, 596.0], [4027.25, 587.0], [4027.5, 22350.0], [4027.75, 595.0], [4028.0, 400.0], [4029.75, 595.0], [4030.0, 40000.0], [4030.25, 26109.0]]}}}
{"jsonrpc": "2.0", "method": "subscription", "params": {"channel": "book.ETH-17OCT25.none.20.100ms", "data": {"timestamp": 1760128284120, "change_id": 90541935316, "instrument_name": "ETH-17OCT25", "bids": [[4016.5, 2500.0], [4016.0, 12524.0], [4015.75, 48087.0], [4015.5, 32325.0], [4015.25, 6059.0], [4015.0, 19762.0], [4014.75, 585.0], [4014.25, 605.0], [4013.25, 595.0], [4012.5, 4275.0], [4012.25, 14322.0], [4012.0, 7477.0], [4011.75, 25050.0], [4010.75, 600.0], [4010.25, 590.0], [4009.75, 576.0], [4009.25, 433.0], [4009.0, 7570.0], [4008.75, 20499.0], [4008.5, 576.0]], "asks": [[4016.75, 27300.0], [4017.0, 39954.0], [4017.25, 21016.0], [4017.5, 21138.0], [4017.75, 8635.0], [4018.0, 18507.0], [4020.75, 587.0], [4021.5, 6709.0], [4021.75, 24340.0], [4025.5, 572.0], [4025.75, 7665.0], [4026.0, 25677.0], [4026.25, 596.0], [4027.25, 587.0], [4027.5, 22350.0], [4027.75, 595.0], [4028.0, 400.0], [4029.75, 595.0], [4030.0, 40000.0], [4030.25, 26109.0]]}}}
{"jsonrpc": "2.0", "method": "subscription", "params": {"channel": "book.ETH-17OCT25.none.20.100ms", "data": {"timestamp": 1760128284220, "change_id": 90541935597, "instrument_name": "ETH-17OCT25", "bids": [[4016.5, 2500.0], [4016.25, 4902.0], [4016.0, 12524.0], [4015.75, 48087.0], [4015.5, 32325.0], [4015.25, 6059.0], [4015.0, 19762.0], [4014.75, 585.0], [4014.25, 605.0], [4013.25, 595.0], [4012.5, 14025.0], [4012.25, 14322.0], [4012.0, 7477.0], [4011.75, 25050.0], [4010.75, 600.0], [4010.25, 590.0], [4009.75, 576.0], [4009.25, 433.0], [4009.0, 7570.0], [4008.75, 20499.0]], "asks": [[4016.75, 27300.0], [4017.0, 39954.0], [4017.25, 21016.0], [4017.5, 21138.0], [4017.75, 8635.0], [4018.0, 18507.0], [4020.75, 587.0], [4021.5, 6709.0], [4021.75, 24340.0], [4025.5, 572.0], [4025.75, 7665.0], [4026.0, 25677.0], [4026.25, 596.0], [4027.25, 587.0], [4027.5, 22350.0], [4027.75, 595.0], [4028.0, 400.0], [4029.75, 595.0], [4030.0, 40000.0], [4030.25, 26109.0]]}}}
{"jsonrpc": "2.0", "method": "subscription", "params": {"channel": "book.ETH-17OCT25.none.20.100ms", "data": {"timestamp": 1760128284849, "change_id": 90541937426, "instrument_name": "ETH-17OCT25", "bids": [[4014.5, 394.0], [4014.25, 20.0], [4013.25, 595.0], [4012.25, 741.0], [4010.75, 8077.0], [4010.5, 25050.0], [4010.25, 590.0], [4009.75, 576.0], [4009.5, 14534.0], [4009.0, 1451.0], [4008.5, 576.0], [4008.0, 624.0], [4007.75, 7850.0], [4007.5, 26299.0], [4007.25, 5821.0], [4007.0, 19500.0], [4006.75, 581.0], [4006.5, 50267.0], [4006.25, 3383.0], [4006.0, 611.0]], "asks": [[4016.0, 7354.0], [4016.25, 8528.0], [4016.5, 13073.0], [4016.75, 15896.0], [4017.0, 39954.0], [4017.25, 1327.0], [4017.5, 2500.0], [4017.75, 6716.0], [4018.0, 746.0], [4020.75, 587.0], [4021.5, 6709.0], [4021.75, 9750.0], [4025.5, 572.0], [4025.75, 7665.0], [4026.0, 25677.0], [4026.25, 596.0], [4027.25, 587.0], [4027.5, 22350.0], [4027.75, 595.0], [4028.0, 400.0]]}}}
{"jsonrpc": "2.0", "method": "subscription", "params": {"channel": "book.ETH-24OCT25.none.20.100ms", "data": {"timestamp": 1760128284848, "change_id": 90541937418, "instrument_name": "ETH-24OCT25", "bids": [[4018.25, 5.0], [4016.25, 4281.0], [4016.0, 14341.0], [4014.75, 160.0], [4013.0, 252.0], [4012.75, 845.0], [4010.75, 1867.0], [4010.5, 6256.0], [4010.25, 5.0], [4010.0, 10.0], [4008.5, 5481.0], [4008.25, 18363.0], [4007.75, 1042.0], [4007.5, 3383.0], [4007.0, 37027.0], [4005.25, 36781.0], [4004.0, 13535.0], [4002.25, 5.0], [4001.25, 36390.0], [3999.0, 40000.0]], "asks": [[4019.25, 160.0], [4019.75, 7621.0], [4020.0, 27802.0], [4024.25, 340.0], [4025.5, 4134.0], [4028.5, 1896.0], [4028.75, 6352.0], [4029.75, 5670.0], [4030.0, 18996.0], [4030.75, 400.0], [4031.0, 38536.0], [4032.5, 40000.0], [4033.0, 38508.0], [4034.25, 5.0], [4037.0, 38363.0], [4041.5, 40000.0], [4042.25, 5.0], [4043.25, 8.0], [4045.25, 37101.0], [4045.5, 40000.0]]}}}
{"jsonrpc": "2.0", "method": "subscription", "params": {"channel": "book.ETH-17OCT25.none.20.100ms", "data": {"timestamp": 1760128285182, "change_id": 90541941216, "instrument_name": "ETH-17OCT25", "bids": [[4015.0, 4902.0], [4014.75, 1738.0], [4014.25, 5320.0], [4014.0, 20392.0], [4013.75, 19762.0], [4013.25, 755.0], [4012.25, 14852.0], [4010.75, 25650.0], [4010.25, 10340.0], [4009.75, 576.0], [4009.0, 1451.0], [4008.5, 576.0], [4008.0, 624.0], [4007.5, 26299.0], [4007.0, 19500.0], [4006.75, 581.0], [4006.5, 49257.0], [4006.25, 3383.0], [4006.0, 611.0], [4005.5, 581.0]], "asks": [[4015.5, 32202.0], [4015.75, 5300.0], [4016.0, 20389.0], [4016.25, 48197.0], [4017.25, 581.0], [4017.5, 2500.0], [4017.75, 32922.0], [4019.5, 13923.0], [4020.75, 587.0], [4021.75, 9750.0], [4022.5, 22289.0], [4025.5, 572.0], [4026.0, 25677.0], [4026.25, 596.0], [4027.25, 587.0], [4027.75, 595.0], [4028.0, 400.0], [4029.75, 595.0], [4030.0, 40000.0], [4030.25, 26109.0]]}}}
{"jsonrpc": "2.0", "method": "subscription", "params": {"channel": "book.ETH-24OCT25.none.20.100ms", "data": {"timestamp": 1760128285149, "change_id": 90541940759, "instrument_name": "ETH-24OCT25", "bids": [[4018.25, 5.0], [4017.0, 6567.0], [4016.75, 22000.0], [4016.25, 4455.0], [4016.0, 14388.0], [4015.5, 5300.0], [4015.25, 17754.0], [4013.25, 1867.0], [4013.0, 6508.0], [4012.75, 845.0], [4010.25, 5.0], [4010.0, 10.0], [4008.5, 5481.0], [4008.25, 18363.0], [4007.75, 1042.0], [4007.5, 3383.0], [4007.0, 37027.0], [4005.25, 36781.0], [4005.0, 40000.0], [4004.25, 400.0]], "asks": [[4018.5, 39754.0], [4018.75, 160.0], [4019.75, 12275.0], [4020.0, 42408.0], [4023.0, 4232.0], [4023.25, 14179.0], [4024.25, 340.0], [4028.5, 1896.0], [4028.75, 6352.0], [4029.75, 5670.0], [4030.0, 18996.0], [4030.75, 400.0], [4031.0, 38536.0], [4032.5, 40000.0], [4033.0, 38508.0], [4034.25, 5.0], [4037.0, 38363.0], [4041.5, 40000.0], [4042.25, 5.0], [4043.25, 8.0]]}}}
{"jsonrpc": "2.0", "method": "subscription", "params": {"channel": "book.ETH-17OCT25.none.20.100ms", "data": {"timestamp": 1760128285510, "change_id": 90541943167, "instrument_name": "ETH-17OCT25", "bids": [[4014.5, 752.0], [4014.25, 8607.0], [4014.0, 26291.0], [4013.75, 19762.0], [4013.5, 225.0], [4013.25, 755.0], [4012.25, 581.0], [4011.25, 7477.0], [4011.0, 29426.0], [4010.75, 14660.0], [4010.25, 590.0], [4009.75, 576.0], [4009.25, 433.0], [4009.0, 1451.0], [4008.5, 576.0], [4008.0, 624.0], [4007.75, 7850.0], [4007.5, 26299.0], [4007.25, 5821.0], [4007.0, 19500.0]], "asks": [[4015.0, 800.0], [4015.25, 8393.0], [4015.5, 11944.0], [4015.75, 11338.0], [4016.0, 34616.0], [4016.25, 48197.0], [4017.25, 581.0], [4017.5, 9827.0], [4017.75, 32922.0], [4019.25, 4156.0], [4019.5, 13923.0], [4020.75, 587.0], [4021.5, 2910.0], [4021.75, 9750.0], [4025.25, 25677.0], [4025.5, 572.0], [4026.25, 596.0], [4027.25, 587.0], [4027.5, 40000.0], [4027.75, 595.0]]}}}
{"jsonrpc": "2.0", "method": "subscription", "params": {"channel": "book.ETH-24OCT25.none.20.100ms", "data": {"timestamp": 1760128285400, "change_id": 90541942787, "instrument_name": "ETH-24OCT25", "bids": [[4018.25, 5.0], [4016.25, 160.0], [4015.5, 5300.0], [4015.25, 17754.0], [4014.75, 4300.0], [4014.5, 14407.0], [4013.0, 6508.0], [4010.25, 260.0], [4010.0, 855.0], [4008.25, 18363.0], [4007.75, 32.0], [4007.5, 3383.0], [4007.0, 37027.0], [4005.25, 36781.0], [4005.0, 40000.0], [4004.25, 400.0], [4004.0, 13535.0], [4002.25, 5.0], [4001.25, 36390.0], [3999.0, 40000.0]], "asks": [[4018.5, 39754.0], [4018.75, 160.0], [4020.0, 42408.0], [4023.0, 4232.0], [4023.25, 14179.0], [4024.25, 340.0], [4028.75, 6352.0], [4029.75, 5670.0], [4030.0, 18996.0], [4030.75, 400.0], [4031.0, 38536.0], [4032.5, 40000.0], [4033.0, 38508.0], [4034.25, 5.0], [4037.0, 38363.0], [4041.5, 40000.0], [4042.25, 5.0], [4043.25, 8.0], [4045.25, 37101.0], [4045.5, 40000.0]]}}}
{"jsonrpc": "2.0", "method": "subscription", "params": {"channel": "book.ETH-17OCT25.none.20.100ms", "data": {"timestamp": 1760128285829, "change_id": 90541944709, "instrument_name": "ETH-17OCT25", "bids": [[4014.5, 7402.0], [4014.25, 20412.0], [4014.0, 20392.0], [4013.75, 38547.0], [4013.25, 2756.0], [4012.25, 581.0], [4010.75, 10350.0], [4010.25, 590.0], [4010.0, 25050.0], [4009.75, 576.0], [4009.5, 14198.0], [4009.25, 22289.0], [4009.0, 1443.0], [4008.5, 576.0], [4008.0, 624.0], [4007.5, 26299.0], [4007.0, 19500.0], [4006.75, 581.0], [4006.5, 49257.0], [4006.25, 3383.0]], "asks": [[4015.25, 27300.0], [4015.5, 25454.0], [4015.75, 6191.0], [4016.0, 14929.0], [4016.25, 30305.0], [4017.25, 581.0], [4017.75, 32922.0], [4019.5, 13923.0], [4020.75, 587.0], [4021.75, 9750.0], [4025.25, 25677.0], [4025.5, 572.0], [4026.25, 596.0], [4027.25, 587.0], [4027.5, 40000.0], [4027.75, 595.0], [4028.0, 400.0], [4029.75, 595.0], [4030.0, 19188.0], [4030.25, 26109.0]]}}}
{"jsonrpc": "2.0", "method": "subscription", "params": {"channel": "book.ETH-24OCT25.none.20.100ms", "data": {"timestamp": 1760128285738, "change_id": 90541944217, "instrument_name": "ETH-24OCT25", "bids": [[4018.25, 5.0], [4016.75, 6567.0], [4016.5, 22000.0], [4016.25, 160.0], [4015.25, 17754.0], [4013.25, 14258.0], [4010.5, 6256.0], [4010.25, 5.0], [4010.0, 855.0], [4007.75, 32.0], [4007.5, 21746.0], [4007.0, 37027.0], [4005.25, 36781.0], [4005.0, 40000.0], [4004.25, 400.0], [4004.0, 13535.0], [4002.25, 5.0], [4001.25, 36390.0], [3999.0, 40000.0], [3994.25, 5.0]], "asks": [[4018.5, 39754.0], [4018.75, 160.0], [4020.0, 42408.0], [4023.25, 14179.0], [4024.25, 340.0], [4028.5, 1896.0], [4028.75, 6352.0], [4030.0, 18996.0], [4030.75, 400.0], [4031.0, 38536.0], [4032.5, 40000.0], [4033.0, 38508.0], [4034.25, 5.0], [4037.0, 38363.0], [4041.5, 40000.0], [4042.25, 5.0], [4043.25, 8.0], [4045.25, 37101.0], [4045.5, 40000.0], [4046.0, 32.0]]}}}
