{"jsonrpc": "2.0", "id": 1, "result": ["book.ETH-5DEC25.none.20.100ms", "book.ETH-12DEC25.none.20.100ms"], "usIn": 1764361560349054, "usOut": 1764361560349253, "usDiff": 199, "testnet": false}
{"jsonrpc": "2.0", "method": "subscription", "params": {"channel": "book.ETH-5DEC25.none.20.100ms", "data": {"timestamp": 1764361559918, "change_id": 99245123758, "instrument_name": "ETH-5DEC25", "bids": [[3056.0, 6198.0], [3055.75, 3641.0], [3055.5, 13698.0], [3055.0, 16.0], [3054.25, 247.0], [3054.0, 1300.0], [3053.75, 4220.0], [3053.5, 14139.0], [3051.25, 247.0], [3051.0, 1114.0], [3050.0, 1330.0], [3049.75, 4457.0], [3049.5, 29870.0], [3049.25, 114495.0], [3048.5, 5323.0], [3048.25, 17831.0], [3047.25, 40000.0], [3046.25, 400.0], [3045.0, 25577.0], [3044.25, 49182.0]], "asks": [[3056.75, 4701.0], [3057.0, 247.0], [3057.25, 1547.0], [3057.5, 1513.0], [3057.75, 1300.0], [3058.0, 247.0], [3058.25, 1300.0], [3058.5, 500.0], [3060.5, 7488.0], [3060.75, 25085.0], [3061.5, 4103.0], [3061.75, 13745.0], [3063.0, 7210.0], [3063.25, 24980.0], [3064.25, 18831.0], [3064.5, 90400.0], [3064.75, 49800.0], [3066.0, 40000.0], [3067.5, 51130.0], [3067.75, 180000.0]]}}}
{"jsonrpc": "2.0", "method": "subscription", "params": {"channel": "book.ETH-12DEC25.none.20.100ms", "data": {"timestamp": 1764361559988, "change_id": 99245123794, "instrument_name": "ETH-12DEC25", "bids": [[3058.75, 1250.0], [3058.5, 1008.0], [3058.25, 6966.0], [3058.0, 13662.0], [3055.5, 4192.0], [3055.25, 14043.0], [3052.75, 3272.0], [3052.5, 11675.0], [3052.25, 22395.0], [3052.0, 90000.0], [3050.5, 5323.0], [3050.25, 17831.0], [3050.0, 10813.0], [3049.75, 40000.0], [3046.5, 19071.0], [3044.25, 74130.0], [3043.5, 220000.0], [3041.25, 37975.0], [3037.75, 71328.0], [3035.75, 40000.0]], "asks": [[3059.0, 4784.0], [3060.0, 253.0], [3060.25, 1250.0], [3061.0, 19.0], [3062.0, 19.0], [3063.0, 19.0], [3063.25, 1867.0], [3063.5, 10456.0], [3063.75, 14074.0], [3065.0, 19.0], [3065.75, 22897.0], [3066.0, 90019.0], [3067.25, 18698.0], [3067.75, 36380.0], [3068.0, 19.0], [3068.5, 40000.0], [3069.0, 19.0], [3070.5, 37922.0], [3071.0, 37799.0], [3073.0, 19.0]]}}}
{"jsonrpc": "2.0", "method": "subscription", "params": {"channel": "book.ETH-5DEC25.none.20.100ms", "data": {"timestamp": 1764361560802, "change_id": 99245124593, "instrument_name": "ETH-5DEC25", "bids": [[3056.25, 1250.0], [3056.0, 4948.0], [3055.75, 3641.0], [3055.5, 13698.0], [3055.0, 16.0], [3054.25, 247.0], [3054.0, 1300.0], [3053.75, 4220.0], [3053.5, 14139.0], [3051.25, 247.0], [3051.0, 1114.0], [3050.0, 1330.0], [3049.75, 4457.0], [3049.5, 29870.0], [3049.25, 114495.0], [3048.5, 5323.0], [3048.25, 17831.0], [3047.25, 40000.0], [3046.25, 400.0], [3045.0, 25577.0]], "asks": [[3056.75, 4701.0], [3057.0, 247.0], [3057.25, 1547.0], [3057.5, 1513.0], [3057.75, 1300.0], [3058.0, 247.0], [3058.25, 1300.0], [3058.5, 500.0], [3060.5, 7488.0], [3060.75, 25085.0], [3061.5, 4103.0], [3061.75, 13745.0], [3063.0, 7210.0], [3063.25, 24980.0], [3064.25, 18831.0], [3064.5, 90400.0], [3064.75, 49800.0], [3066.0, 40000.0], [3067.5, 51130.0], [3067.75, 180000.0]]}}}
{"jsonrpc": "2.0", "method": "subscription", "params": {"channel": "book.ETH-5DEC25.none.20.100ms", "data": {"timestamp": 1764361561054, "change_id": 99245124810, "instrument_name": "ETH-5DEC25", "bids": [[3056.25, 1250.0], [3056.0, 4948.0], [3055.75, 3641.0], [3055.5, 13698.0], [3055.0, 16.0], [3054.25, 247.0], [3054.0, 1300.0], [3053.75, 4220.0], [3053.5, 14139.0], [3051.25, 247.0], [3051.0, 1114.0], [3050.0, 6483.0], [3049.75, 22288.0], [3049.5, 29870.0], [3049.25, 114495.0], [3047.25, 40000.0], [3046.25, 400.0], [3045.0, 25577.0], [3044.25, 49182.0], [3044.0, 21121.0]], "asks": [[3056.75, 4701.0], [3057.0, 247.0], [3057.25, 1547.0], [3057.5, 1513.0], [3057.75, 1300.0], [3058.0, 247.0], [3058.25, 1300.0], [3058.5, 500.0], [3060.5, 7488.0], [3060.75, 25085.0], [3061.5, 4103.0], [3061.75, 13745.0], [3063.0, 7210.0], [3063.25, 24980.0], [3064.25, 18831.0], [3064.5, 90400.0], [3064.75, 49800.0], [3066.0, 40000.0], [3067.5, 51130.0], [3067.75, 180000.0]]}}}
{"jsonrpc": "2.0", "method": "subscription", "params": {"channel": "book.ETH-12DEC25.none.20.100ms", "data": {"timestamp": 1764361563999, "change_id": 99245127659, "instrument_name": "ETH-12DEC25", "bids": [[3058.75, 1250.0], [3058.5, 1008.0], [3058.25, 6966.0], [3058.0, 13662.0], [3055.5, 4192.0], [3055.25, 14043.0], [3053.25, 1848.0], [3053.0, 6191.0], [3052.75, 3272.0], [3052.5, 11675.0], [3052.25, 22395.0], [3052.0, 90000.0], [3050.5, 5323.0], [3050.25, 17831.0], [3050.0, 10813.0], [3049.75, 40000.0], [3046.5, 19071.0], [3044.25, 74130.0], [3043.5, 220000.0], [3041.25, 37975.0]], "asks": [[3059.0, 4784.0], [3060.0, 253.0], [3060.25, 1250.0], [3061.0, 19.0], [3062.0, 19.0], [3063.0, 19.0], [3063.25, 1867.0], [3063.5, 10456.0], [3063.75, 14074.0], [3065.0, 19.0], [3065.75, 22897.0], [3066.0, 90019.0], [3067.25, 18698.0], [3067.75, 36380.0], [3068.0, 19.0], [3068.5, 40000.0], [3069.0, 19.0], [3070.5, 37922.0], [3071.0, 37799.0], [3073.0, 19.0]]}}}
{"jsonrpc": "2.0", "method": "subscription", "params": {"channel": "book.ETH-5DEC25.none.20.100ms", "data": {"timestamp": 1764361564007, "change_id": 99245127663, "instrument_name": "ETH-5DEC25", "bids": [[3056.25, 1250.0], [3056.0, 4948.0], [3055.75, 3641.0], [3055.5, 13698.0], [3055.0, 16.0], [3054.25, 247.0], [3054.0, 1300.0], [3053.75, 4220.0], [3053.5, 14139.0], [3051.25, 247.0], [3051.0, 1114.0], [3050.5, 7312.0], [3050.25, 24495.0], [3050.0, 6483.0], [3049.75, 22288.0], [3049.5, 29870.0], [3049.25, 90000.0], [3047.25, 40000.0], [3046.25, 400.0], [3045.0, 25577.0]], "asks": [[3056.75, 4701.0], [3057.0, 247.0], [3057.25, 1547.0], [3057.5, 1513.0], [3057.75, 1300.0], [3058.0, 247.0], [3058.25, 1300.0], [3058.5, 500.0], [3060.5, 7488.0], [3060.75, 25085.0], [3061.5, 4103.0], [3061.75, 13745.0], [3063.0, 7210.0], [3063.25, 24980.0], [3064.25, 18831.0], [3064.5, 90400.0], [3064.75, 49800.0], [3066.0, 40000.0], [3067.5, 51130.0], [3067.75, 180000.0]]}}}
{"jsonrpc": "2.0", "method": "subscription", "params": {"channel": "book.ETH-5DEC25.none.20.100ms", "data": {"timestamp": 1764361564671, "change_id": 99245128321, "instrument_name": "ETH-5DEC25", "bids": [[3056.0, 6198.0], [3055.75, 3641.0], [3055.5, 13698.0], [3055.0, 16.0], [3054.25, 247.0], [3054.0, 1300.0], [3053.75, 4220.0], [3053.5, 14139.0], [3051.25, 247.0], [3051.0, 1114.0], [3050.5, 7312.0], [3050.25, 24495.0], [3050.0, 6483.0], [3049.75, 22288.0], [3049.5, 29870.0], [3049.25, 90000.0], [3047.25, 40000.0], [3046.25, 400.0], [3045.0, 25577.0], [3044.25, 49182.0]], "asks": [[3056.75, 4701.0], [3057.0, 247.0], [3057.25, 1547.0], [3057.5, 1513.0], [3057.75, 1300.0], [3058.0, 247.0], [3058.25, 1300.0], [3058.5, 500.0], [3060.5, 7488.0], [3060.75, 25085.0], [3061.5, 4103.0], [3061.75, 13745.0], [3063.0, 7210.0], [3063.25, 24980.0], [3064.25, 18831.0], [3064.5, 90400.0], [3064.75, 49800.0], [3066.0, 40000.0], [3067.5, 51130.0], [3067.75, 180000.0]]}}}
{"jsonrpc": "2.0", "method": "subscription", "params": {"channel": "book.ETH-12DEC25.none.20.100ms", "data": {"timestamp": 1764361565312, "change_id": 99245129005, "instrument_name": "ETH-12DEC25", "bids": [[3058.75, 1250.0], [3058.5, 1008.0], [3058.25, 6966.0], [3058.0, 13662.0], [3055.5, 4192.0], [3055.25, 14043.0], [3053.25, 1848.0], [3053.0, 6191.0], [3052.75, 3272.0], [3052.5, 11675.0], [3052.25, 22395.0], [3052.0, 90000.0], [3050.5, 5323.0], [3050.25, 17831.0], [3050.0, 10813.0], [3049.75, 40000.0], [3046.5, 19071.0], [3044.25, 74130.0], [3043.5, 220000.0], [3041.25, 37975.0]], "asks": [[3059.0, 4784.0], [3059.75, 253.0], [3060.0, 1250.0], [3061.0, 19.0], [3062.0, 19.0], [3063.0, 19.0], [3063.25, 1867.0], [3063.5, 10456.0], [3063.75, 14074.0], [3065.0, 19.0], [3065.75, 22897.0], [3066.0, 90019.0], [3067.25, 18698.0], [3067.75, 36380.0], [3068.0, 19.0], [3068.5, 40000.0], [3069.0, 19.0], [3070.5, 37922.0], [3071.0, 37799.0], [3073.0, 19.0]]}}}
{"jsonrpc": "2.0", "method": "subscription", "params": {"channel": "book.ETH-5DEC25.none.20.100ms", "data": {"timestamp": 1764361565826, "change_id": 99245129508, "instrument_name": "ETH-5DEC25", "bids": [[3056.25, 237.0], [3056.0, 6198.0], [3055.75, 3641.0], [3055.5, 13698.0], [3055.0, 16.0], [3054.25, 247.0], [3054.0, 1300.0], [3053.75, 4220.0], [3053.5, 14139.0], [3051.25, 247.0], [3051.0, 1114.0], [3050.5, 7312.0], [3050.25, 24495.0], [3050.0, 6483.0], [3049.75, 22288.0], [3049.5, 29870.0], [3049.25, 90000.0], [3047.25, 40000.0], [3046.25, 400.0], [3045.0, 25577.0]], "asks": [[3056.75, 4701.0], [3057.0, 263.0], [3057.25, 1547.0], [3057.5, 1497.0], [3057.75, 1300.0], [3058.0, 247.0], [3058.25, 1300.0], [3058.5, 500.0], [3060.5, 7488.0], [3060.75, 25085.0], [3061.5, 4103.0], [3061.75, 13745.0], [3063.0, 7210.0], [3063.25, 24980.0], [3064.25, 18831.0], [3064.5, 90400.0], [3064.75, 49800.0], [3066.0, 40000.0], [3067.5, 51130.0], [3067.75, 180000.0]]}}}
{"jsonrpc": "2.0", "method": "subscription", "params": {"channel": "book.ETH-5DEC25.none.20.100ms", "data": {"timestamp": 1764361565849, "change_id": 99245129551, "instrument_name": "ETH-5DEC25", "bids": [[3056.25, 237.0], [3056.0, 6198.0], [3055.75, 3641.0], [3055.5, 13698.0], [3055.0, 16.0], [3054.25, 247.0], [3054.0, 1300.0], [3053.75, 4220.0], [3053.5, 14139.0], [3051.25, 247.0], [3051.0, 1114.0], [3050.5, 7312.0], [3050.25, 24495.0], [3050.0, 6483.0], [3049.75, 22288.0], [3049.5, 29870.0], [3049.25, 90000.0], [3047.25, 40000.0], [3046.25, 400.0], [3045.0, 25577.0]], "asks": [[3056.75, 6001.0], [3057.0, 263.0], [3057.25, 1547.0], [3057.5, 1497.0], [3057.75, 1300.0], [3058.0, 247.0], [3058.25, 1300.0], [3058.5, 500.0], [3060.5, 7488.0], [3060.75, 25085.0], [3061.5, 4103.0], [3061.75, 13745.0], [3063.0, 7210.0], [3063.25, 24980.0], [3064.25, 18831.0], [3064.5, 90400.0], [3064.75, 49800.0], [3066.0, 40000.0], [3067.5, 51130.0], [3067.75, 180000.0]]}}}
{"jsonrpc": "2.0", "method": "subscription", "params": {"channel": "book.ETH-12DEC25.none.20.100ms", "data": {"timestamp": 1764361566474, "change_id": 99245130539, "instrument_name": "ETH-12DEC25", "bids": [[3058.75, 1250.0], [3058.25, 2182.0], [3058.0, 18446.0], [3055.5, 4192.0], [3055.25, 14043.0], [3053.25, 1848.0], [3053.0, 6191.0], [3052.75, 3272.0], [3052.5, 11675.0], [3052.25, 22395.0], [3052.0, 90000.0], [3050.5, 5323.0], [3050.25, 17831.0], [3050.0, 10813.0], [3049.75, 40000.0], [3046.5, 19071.0], [3044.25, 74130.0], [3043.5, 220000.0], [3041.25, 37975.0], [3037.75, 71328.0]], "asks": [[3059.0, 4784.0], [3059.75, 253.0], [3060.0, 1250.0], [3061.0, 19.0], [3062.0, 19.0], [3063.0, 19.0], [3063.25, 1867.0], [3063.5, 10456.0], [3063.75, 14074.0], [3065.0, 19.0], [3065.75, 22897.0], [3066.0, 90019.0], [3067.25, 18698.0], [3067.75, 36380.0], [3068.0, 19.0], [3068.5, 40000.0], [3069.0, 19.0], [3070.5, 37922.0], [3071.0, 37799.0], [3073.0, 19.0]]}}}
{"jsonrpc": "2.0", "method": "subscription", "params": {"channel": "book.ETH-5DEC25.none.20.100ms", "data": {"timestamp": 1764361566779, "change_id": 99245130828, "instrument_name": "ETH-5DEC25", "bids": [[3056.0, 6198.0], [3055.75, 3641.0], [3055.5, 13698.0], [3055.0, 16.0], [3054.25, 247.0], [3054.0, 1300.0], [3053.75, 4220.0], [3053.5, 14139.0], [3051.25, 247.0], [3051.0, 1114.0], [3050.5, 7312.0], [3050.25, 24495.0], [3050.0, 6483.0], [3049.75, 22288.0], [3049.5, 29870.0], [3049.25, 90000.0], [3047.25, 40000.0], [3046.25, 400.0], [3045.0, 25577.0], [3044.25, 49182.0]], "asks": [[3056.75, 6001.0], [3057.0, 263.0], [3057.25, 1547.0], [3057.5, 1497.0], [3057.75, 1300.0], [3058.0, 247.0], [3058.25, 1300.0], [3058.5, 500.0], [3060.5, 7488.0], [3060.75, 25085.0], [3061.5, 4103.0], [3061.75, 13745.0], [3063.0, 7210.0], [3063.25, 24980.0], [3064.25, 18831.0], [3064.5, 90400.0], [3064.75, 49800.0], [3066.0, 40000.0], [3067.5, 51130.0], [3067.75, 180000.0]]}}}
{"jsonrpc": "2.0", "method": "subscription", "params": {"channel": "book.ETH-12DEC25.none.20.100ms", "data": {"timestamp": 1764361566915, "change_id": 99245131006, "instrument_name": "ETH-12DEC25", "bids": [[3058.75, 1250.0], [3058.5, 1160.0], [3058.25, 6966.0], [3058.0, 13662.0], [3055.5, 4192.0], [3055.25, 14043.0], [3053.25, 1848.0], [3053.0, 6191.0], [3052.75, 3272.0], [3052.5, 11675.0], [3052.25, 22395.0], [3052.0, 90000.0], [3050.5, 5323.0], [3050.25, 17831.0], [3050.0, 10813.0], [3049.75, 40000.0], [3046.5, 19071.0], [3044.25, 74130.0], [3043.5, 220000.0], [3041.25, 37975.0]], "asks": [[3059.0, 4784.0], [3059.75, 253.0], [3060.0, 1250.0], [3061.0, 19.0], [3062.0, 19.0], [3063.0, 19.0], [3063.25, 1867.0], [3063.5, 10456.0], [3063.75, 14074.0], [3065.0, 19.0], [3065.75, 22897.0], [3066.0, 90019.0], [3067.25, 18698.0], [3067.75, 36380.0], [3068.0, 19.0], [3068.5, 40000.0], [3069.0, 19.0], [3070.5, 37922.0], [3071.0, 37799.0], [3073.0, 19.0]]}}}
{"jsonrpc": "2.0", "method": "subscription", "params": {"channel": "book.ETH-5DEC25.none.20.100ms", "data": {"timestamp": 1764361567111, "change_id": 99245131113, "instrument_name": "ETH-5DEC25", "bids": [[3056.0, 6198.0], [3055.75, 3641.0], [3055.5, 13698.0], [3055.0, 16.0], [3054.25, 247.0], [3054.0, 1300.0], [3053.75, 4220.0], [3053.5, 14139.0], [3051.25, 247.0], [3051.0, 1114.0], [3050.5, 7312.0], [3050.25, 24495.0], [3050.0, 6483.0], [3049.75, 22288.0], [3049.5, 29870.0], [3049.25, 90000.0], [3047.25, 40000.0], [3046.25, 400.0], [3045.0, 25577.0], [3044.25, 49182.0]], "asks": [[3056.75, 4701.0], [3057.0, 263.0], [3057.25, 1547.0], [3057.5, 1497.0], [3057.75, 1300.0], [3058.0, 247.0], [3058.25, 1300.0], [3058.5, 500.0], [3060.5, 7488.0], [3060.75, 25085.0], [3061.5, 4103.0], [3061.75, 13745.0], [3063.0, 7210.0], [3063.25, 24980.0], [3064.25, 18831.0], [3064.5, 90400.0], [3064.75, 49800.0], [3066.0, 40000.0], [3067.5, 51130.0], [3067.75, 180000.0]]}}}
{"jsonrpc": "2.0", "method": "subscription", "params": {"channel": "book.ETH-5DEC25.none.20.100ms", "data": {"timestamp": 1764361567304, "change_id": 99245131337, "instrument_name": "ETH-5DEC25", "bids": [[3056.0, 6198.0], [3055.75, 3641.0], [3055.5, 13698.0], [3055.0, 16.0], [3054.25, 247.0], [3054.0, 1300.0], [3053.75, 4220.0], [3053.5, 14139.0], [3051.25, 247.0], [3051.0, 8426.0], [3050.75, 24495.0], [3050.0, 6483.0], [3049.75, 22288.0], [3049.5, 29870.0], [3049.25, 90000.0], [3047.25, 40000.0], [3046.25, 400.0], [3045.0, 25577.0], [3044.25, 49182.0], [3044.0, 21121.0]], "asks": [[3056.75, 4701.0], [3057.0, 263.0], [3057.25, 1547.0], [3057.5, 1497.0], [3057.75, 1300.0], [3058.0, 247.0], [3058.25, 1300.0], [3058.5, 500.0], [3060.5, 7488.0], [3060.75, 25085.0], [3061.5, 4103.0], [3061.75, 13745.0], [3063.0, 7210.0], [3063.25, 24980.0], [3064.25, 18831.0], [3064.5, 90400.0], [3064.75, 49800.0], [3066.0, 40000.0], [3067.5, 51130.0], [3067.75, 180000.0]]}}}
{"jsonrpc": "2.0", "method": "subscription", "params": {"channel": "book.ETH-5DEC25.none.20.100ms", "data": {"timestamp": 1764361567678, "change_id": 99245131891, "instrument_name": "ETH-5DEC25", "bids": [[3056.25, 1250.0], [3056.0, 4948.0], [3055.75, 3641.0], [3055.5, 13698.0], [3055.0, 16.0], [3054.25, 247.0], [3054.0, 1300.0], [3053.75, 4220.0], [3053.5, 14139.0], [3051.25, 247.0], [3051.0, 8426.0], [3050.75, 24495.0], [3050.0, 6483.0], [3049.75, 22288.0], [3049.5, 29870.0], [3049.25, 90000.0], [3047.25, 40000.0], [3046.25, 400.0], [3045.0, 25577.0], [3044.25, 49182.0]], "asks": [[3056.75, 4701.0], [3057.0, 263.0], [3057.25, 1547.0], [3057.5, 1497.0], [3057.75, 1300.0], [3058.0, 247.0], [3058.25, 1300.0], [3058.5, 500.0], [3060.5, 7488.0], [3060.75, 25085.0], [3061.5, 4103.0], [3061.75, 13745.0], [3063.0, 7210.0], [3063.25, 24980.0], [3064.25, 18831.0], [3064.5, 90400.0], [3064.75, 49800.0], [3066.0, 40000.0], [3067.5, 51130.0], [3067.75, 180000.0]]}}}
{"jsonrpc": "2.0", "method": "subscription", "params": {"channel": "book.ETH-5DEC25.none.20.100ms", "data": {"timestamp": 1764361567975, "change_id": 99245132772, "instrument_name": "ETH-5DEC25", "bids": [[3056.25, 1250.0], [3056.0, 4948.0], [3055.75, 3641.0], [3055.5, 13698.0], [3054.25, 247.0], [3054.0, 1300.0], [3053.75, 4220.0], [3053.5, 14139.0], [3052.0, 16.0], [3051.25, 247.0], [3051.0, 8426.0], [3050.75, 24495.0], [3050.0, 6483.0], [3049.75, 22288.0], [3049.5, 29870.0], [3049.25, 90000.0], [3047.25, 40000.0], [3045.0, 25577.0], [3044.25, 49582.0], [3044.0, 21121.0]], "asks": [[3056.75, 462.0], [3057.0, 4948.0], [3057.25, 1547.0], [3057.5, 1497.0], [3057.75, 1300.0], [3058.0, 247.0], [3058.25, 1300.0], [3058.5, 500.0], [3060.25, 16.0], [3060.5, 7488.0], [3060.75, 25085.0], [3061.5, 4103.0], [3061.75, 13745.0], [3063.0, 7210.0], [3063.25, 24980.0], [3064.25, 18831.0], [3064.5, 90000.0], [3064.75, 49800.0], [3066.0, 40000.0], [3067.5, 51130.0]]}}}
{"jsonrpc": "2.0", "method": "subscription", "params": {"channel": "book.ETH-5DEC25.none.20.100ms", "data": {"timestamp": 1764361568330, "change_id": 99245133534, "instrument_name": "ETH-5DEC25", "bids": [[3056.25, 5951.0], [3056.0, 247.0], [3055.75, 3641.0], [3055.5, 13698.0], [3055.0, 16.0], [3054.25, 247.0], [3054.0, 1300.0], [3053.75, 4220.0], [3053.5, 14139.0], [3051.25, 247.0], [3051.0, 8426.0], [3050.75, 24495.0], [3050.0, 6483.0], [3049.75, 22288.0], [3049.5, 29870.0], [3049.25, 90000.0], [3047.25, 40000.0], [3045.0, 25577.0], [3044.25, 49582.0], [3044.0, 21121.0]], "asks": [[3056.75, 462.0], [3057.0, 4948.0], [3057.25, 1563.0], [3057.5, 1497.0], [3057.75, 1300.0], [3058.0, 247.0], [3058.25, 1300.0], [3058.5, 500.0], [3060.5, 7488.0], [3060.75, 25085.0], [3061.5, 4103.0], [3061.75, 13745.0], [3063.0, 7210.0], [3063.25, 24980.0], [3064.25, 18831.0], [3064.5, 90000.0], [3064.75, 49800.0], [3066.0, 40000.0], [3067.5, 51130.0], [3067.75, 180000.0]]}}}
{"jsonrpc": "2.0", "method": "subscription", "params": {"channel": "book.ETH-5DEC25.none.20.100ms", "data": {"timestamp": 1764361568588, "change_id": 99245133748, "instrument_name": "ETH-5DEC25", "bids": [[3056.25, 1250.0], [3056.0, 4948.0], [3055.75, 3641.0], [3055.5, 13698.0], [3055.0, 16.0], [3054.25, 247.0], [3054.0, 1300.0], [3053.75, 4220.0], [3053.5, 14139.0], [3051.25, 247.0], [3051.0, 8426.0], [3050.75, 24495.0], [3050.0, 6483.0], [3049.75, 22288.0], [3049.5, 29870.0], [3049.25, 90000.0], [3047.25, 40000.0], [3045.0, 25577.0], [3044.25, 49582.0], [3044.0, 21121.0]], "asks": [[3056.75, 462.0], [3057.0, 4948.0], [3057.25, 1563.0], [3057.5, 1497.0], [3057.75, 1300.0], [3058.0, 247.0], [3058.25, 1300.0], [3058.5, 500.0], [3060.5, 7488.0], [3060.75, 25085.0], [3061.5, 4103.0], [3061.75, 13745.0], [3063.0, 7210.0], [3063.25, 24980.0], [3064.25, 18831.0], [3064.5, 90000.0], [3064.75, 49800.0], [3066.0, 40000.0], [3067.5, 51130.0], [3067.75, 180000.0]]}}}
{"jsonrpc": "2.0", "method": "subscription", "params": {"channel": "book.ETH-12DEC25.none.20.100ms", "data": {"timestamp": 1764361568928, "change_id": 99245134098, "instrument_name": "ETH-12DEC25", "bids": [[3058.75, 1250.0], [3058.5, 1160.0], [3058.25, 6966.0], [3058.0, 13662.0], [3055.5, 4192.0], [3055.25, 14043.0], [3053.25, 1848.0], [3053.0, 6191.0], [3052.75, 3272.0], [3052.5, 11675.0], [3052.25, 22395.0], [3052.0, 90000.0], [3050.5, 5323.0], [3050.25, 17831.0], [3050.0, 10813.0], [3049.75, 40000.0], [3046.5, 19071.0], [3044.25, 74130.0], [3043.5, 220000.0], [3041.25, 37975.0]], "asks": [[3059.0, 4784.0], [3059.75, 253.0], [3060.0, 1250.0], [3061.0, 19.0], [3062.0, 19.0], [3063.0, 30.0], [3063.25, 1867.0], [3063.5, 10456.0], [3063.75, 14074.0], [3065.0, 19.0], [3065.75, 22897.0], [3066.0, 90019.0], [3067.25, 18698.0], [3067.75, 36380.0], [3068.0, 19.0], [3068.5, 40000.0], [3069.0, 19.0], [3070.5, 37922.0], [3071.0, 37799.0], [3073.0, 19.0]]}}}
{"jsonrpc": "2.0", "method": "subscription", "params": {"channel": "book.ETH-5DEC25.none.20.100ms", "data": {"timestamp": 1764361568986, "change_id": 99245134152, "instrument_name": "ETH-5DEC25", "bids": [[3056.25, 1250.0], [3056.0, 4948.0], [3055.75, 3641.0], [3055.5, 13698.0], [3055.0, 16.0], [3054.25, 247.0], [3054.0, 1300.0], [3053.75, 4220.0], [3053.5, 14139.0], [3051.25, 247.0], [3051.0, 8426.0], [3050.75, 24495.0], [3050.0, 6483.0], [3049.75, 22288.0], [3049.5, 29870.0], [3049.25, 90000.0], [3047.25, 40000.0], [3047.0, 400.0], [3045.0, 25577.0], [3044.25, 49182.0]], "asks": [[3056.75, 462.0], [3057.0, 4948.0], [3057.25, 1563.0], [3057.5, 1497.0], [3057.75, 1300.0], [3058.0, 247.0], [3058.25, 1300.0], [3058.5, 500.0], [3060.5, 7488.0], [3060.75, 25085.0], [3061.5, 4103.0], [3061.75, 13745.0], [3063.0, 7210.0], [3063.25, 24980.0], [3064.25, 18831.0], [3064.5, 90000.0], [3064.75, 49800.0], [3065.5, 400.0], [3066.0, 40000.0], [3067.5, 51130.0]]}}}
{"jsonrpc": "2.0", "method": "subscription", "params": {"channel": "book.ETH-12DEC25.none.20.100ms", "data": {"timestamp": 1764361569474, "change_id": 99245134859, "instrument_name": "ETH-12DEC25", "bids": [[3058.75, 1250.0], [3058.25, 2182.0], [3058.0, 13662.0], [3055.5, 4192.0], [3055.25, 14043.0], [3053.25, 1848.0], [3053.0, 6191.0], [3052.75, 3272.0], [3052.5, 11675.0], [3052.25, 22395.0], [3052.0, 90000.0], [3050.5, 5323.0], [3050.25, 17831.0], [3050.0, 10813.0], [3049.75, 40000.0], [3046.5, 19071.0], [3044.25, 74130.0], [3043.5, 220000.0], [3041.25, 37975.0], [3037.75, 71328.0]], "asks": [[3059.0, 4784.0], [3059.75, 253.0], [3060.0, 1250.0], [3061.0, 19.0], [3062.0, 19.0], [3063.0, 30.0], [3063.25, 1867.0], [3063.5, 10456.0], [3063.75, 14074.0], [3065.0, 19.0], [3065.75, 22897.0], [3066.0, 90019.0], [3067.25, 18698.0], [3067.75, 36380.0], [3068.0, 19.0], [3068.5, 40000.0], [3069.0, 19.0], [3070.5, 37922.0], [3071.0, 37799.0], [3073.0, 19.0]]}}}
{"jsonrpc": "2.0", "method": "subscription", "params": {"channel": "book.ETH-5DEC25.none.20.100ms", "data": {"timestamp": 1764361569473, "change_id": 99245134855, "instrument_name": "ETH-5DEC25", "bids": [[3056.0, 4948.0], [3055.75, 3641.0], [3055.5, 13698.0], [3055.0, 16.0], [3054.25, 247.0], [3054.0, 1300.0], [3053.75, 4220.0], [3053.5, 14139.0], [3051.25, 247.0], [3051.0, 8426.0], [3050.75, 24495.0], [3050.0, 6483.0], [3049.75, 22288.0], [3049.5, 29870.0], [3049.25, 90000.0], [3047.25, 40000.0], [3047.0, 400.0], [3045.0, 25577.0], [3044.25, 49182.0], [3044.0, 21121.0]], "asks": [[3057.0, 247.0], [3057.25, 1563.0], [3057.5, 1497.0], [3057.75, 1300.0], [3058.0, 247.0], [3058.25, 1300.0], [3060.5, 7488.0], [3060.75, 25085.0], [3061.5, 4103.0], [3061.75, 13745.0], [3063.0, 7210.0], [3063.25, 24980.0], [3064.25, 18831.0], [3064.5, 90000.0], [3064.75, 49800.0], [3065.5, 400.0], [3066.0, 40000.0], [3067.5, 51130.0], [3067.75, 180000.0], [3072.25, 40000.0]]}}}
{"jsonrpc": "2.0", "method": "subscription", "params": {"channel": "book.ETH-12DEC25.none.20.100ms", "data": {"timestamp": 1764361569684, "change_id": 99245135096, "instrument_name": "ETH-12DEC25", "bids": [[3058.5, 1250.0], [3058.25, 2182.0], [3058.0, 18446.0], [3055.5, 4192.0], [3055.25, 14043.0], [3053.25, 1848.0], [3053.0, 6191.0], [3052.75, 3272.0], [3052.5, 11675.0], [3052.25, 22395.0], [3052.0, 90000.0], [3050.5, 5323.0], [3050.25, 17831.0], [3050.0, 10813.0], [3049.75, 40000.0], [3046.5, 19071.0], [3044.25, 74130.0], [3043.5, 220000.0], [3041.25, 37975.0], [3037.75, 71328.0]], "asks": [[3059.0, 4784.0], [3059.75, 253.0], [3060.0, 1250.0], [3061.0, 19.0], [3062.0, 19.0], [3063.0, 30.0], [3063.25, 1867.0], [3063.5, 10456.0], [3063.75, 14074.0], [3065.0, 19.0], [3065.75, 22897.0], [3066.0, 90019.0], [3067.25, 18698.0], [3067.75, 36380.0], [3068.0, 19.0], [3068.5, 40000.0], [3069.0, 19.0], [3070.5, 37922.0], [3071.0, 37799.0], [3073.0, 19.0]]}}}
{"jsonrpc": "2.0", "method": "subscription", "params": {"channel": "book.ETH-5DEC25.none.20.100ms", "data": {"timestamp": 1764361569806, "change_id": 99245135234, "instrument_name": "ETH-5DEC25", "bids": [[3056.0, 1368.0], [3055.75, 9592.0], [3055.5, 13698.0], [3055.0, 16.0], [3054.25, 247.0], [3054.0, 1300.0], [3053.75, 4220.0], [3053.5, 14139.0], [3051.25, 247.0], [3051.0, 8426.0], [3050.75, 24495.0], [3050.0, 6483.0], [3049.75, 22288.0], [3049.5, 29870.0], [3049.25, 90000.0], [3047.25, 40000.0], [3047.0, 400.0], [3045.0, 25577.0], [3044.25, 49182.0], [3044.0, 21121.0]], "asks": [[3056.75, 6248.0], [3057.0, 2034.0], [3057.25, 2813.0], [3060.5, 7488.0], [3060.75, 25085.0], [3061.5, 4103.0], [3061.75, 13745.0], [3063.0, 7210.0], [3063.25, 24980.0], [3064.75, 49800.0], [3065.5, 400.0], [3066.0, 40000.0], [3067.5, 51130.0], [3067.75, 180000.0], [3072.25, 40000.0], [3072.75, 92022.0], [3073.75, 77210.0], [3075.0, 1114.0], [3076.5, 40000.0], [3076.75, 100.0]]}}}
{"jsonrpc": "2.0", "method": "subscription", "params": {"channel": "book.ETH-12DEC25.none.20.100ms", "data": {"timestamp": 1764361570137, "change_id": 99245135790, "instrument_name": "ETH-12DEC25", "bids": [[3058.5, 1250.0], [3058.25, 2182.0], [3058.0, 18446.0], [3054.0, 4262.0], [3053.75, 17715.0], [3053.5, 12294.0], [3052.75, 1663.0], [3052.5, 5572.0], [3052.25, 22395.0], [3052.0, 90000.0], [3050.5, 5323.0], [3050.25, 17831.0], [3050.0, 10813.0], [3049.75, 40000.0], [3049.25, 19071.0], [3044.25, 74130.0], [3043.5, 220000.0], [3041.25, 37975.0], [3037.75, 71328.0], [3035.75, 40000.0]], "asks": [[3058.75, 4784.0], [3059.5, 253.0], [3059.75, 1250.0], [3061.0, 19.0], [3062.0, 19.0], [3063.0, 30.0], [3063.25, 7210.0], [3063.5, 29154.0], [3063.75, 14074.0], [3065.0, 19.0], [3065.75, 22897.0], [3066.0, 90019.0], [3067.75, 36380.0], [3068.0, 19.0], [3068.5, 40000.0], [3069.0, 19.0], [3070.5, 37922.0], [3071.0, 37799.0], [3073.0, 19.0], [3074.0, 181114.0]]}}}
{"jsonrpc": "2.0", "method": "subscription", "params": {"channel": "book.ETH-5DEC25.none.20.100ms", "data": {"timestamp": 1764361570075, "change_id": 99245135642, "instrument_name": "ETH-5DEC25", "bids": [[3056.0, 916.0], [3055.75, 8292.0], [3055.5, 13698.0], [3055.0, 16.0], [3054.25, 247.0], [3054.0, 1300.0], [3052.25, 4116.0], [3052.0, 13789.0], [3051.25, 247.0], [3051.0, 8426.0], [3050.75, 24495.0], [3050.0, 6483.0], [3049.75, 22288.0], [3049.5, 29870.0], [3049.25, 90000.0], [3047.25, 40000.0], [3047.0, 400.0], [3045.0, 25577.0], [3044.25, 49182.0], [3044.0, 21121.0]], "asks": [[3056.5, 4701.0], [3056.75, 1547.0], [3057.0, 2034.0], [3057.25, 2813.0], [3060.5, 7488.0], [3060.75, 25085.0], [3061.5, 4103.0], [3061.75, 13745.0], [3063.0, 7210.0], [3063.25, 24980.0], [3064.75, 49800.0], [3065.5, 400.0], [3066.0, 40000.0], [3067.5, 51130.0], [3067.75, 180000.0], [3072.25, 40000.0], [3072.75, 92022.0], [3073.75, 77210.0], [3075.0, 1114.0], [3076.5, 40100.0]]}}}
{"jsonrpc": "2.0", "method": "subscription", "params": {"channel": "book.ETH-12DEC25.none.20.100ms", "data": {"timestamp": 1764361570373, "change_id": 99245136154, "instrument_name": "ETH-12DEC25", "bids": [[3058.5, 1250.0], [3058.25, 2182.0], [3058.0, 18446.0], [3054.5, 3437.0], [3054.25, 12294.0], [3054.0, 4262.0], [3053.75, 14278.0], [3052.75, 1663.0], [3052.5, 5572.0], [3052.25, 22395.0], [3052.0, 90000.0], [3050.5, 5323.0], [3050.25, 17831.0], [3050.0, 10813.0], [3049.75, 40000.0], [3049.25, 19071.0], [3044.25, 74130.0], [3043.5, 220000.0], [3041.25, 37975.0], [3037.75, 71328.0]], "asks": [[3059.0, 4784.0], [3059.5, 253.0], [3059.75, 1250.0], [3061.0, 19.0], [3062.0, 19.0], [3063.0, 30.0], [3063.25, 7210.0], [3063.5, 29154.0], [3063.75, 14074.0], [3065.0, 19.0], [3065.75, 22897.0], [3066.0, 90019.0], [3067.75, 36380.0], [3068.0, 19.0], [3068.5, 40000.0], [3069.0, 19.0], [3070.5, 37922.0], [3071.0, 37799.0], [3073.0, 19.0], [3074.0, 181114.0]]}}}
{"jsonrpc": "2.0", "method": "subscription", "params": {"channel": "book.ETH-5DEC25.none.20.100ms", "data": {"timestamp": 1764361570449, "change_id": 99245136271, "instrument_name": "ETH-5DEC25", "bids": [[3056.0, 4948.0], [3055.75, 3591.0], [3055.5, 13698.0], [3055.0, 16.0], [3054.25, 247.0], [3054.0, 1300.0], [3052.5, 24495.0], [3052.25, 4116.0], [3052.0, 13789.0], [3051.25, 292.0], [3051.0, 1114.0], [3050.0, 6483.0], [3049.75, 22288.0], [3049.5, 29870.0], [3049.25, 90000.0], [3048.5, 25577.0], [3047.25, 40000.0], [3047.0, 400.0], [3044.25, 49182.0], [3044.0, 21121.0]], "asks": [[3056.75, 6248.0], [3057.0, 2034.0], [3057.25, 2813.0], [3060.5, 7488.0], [3060.75, 25085.0], [3061.5, 4103.0], [3061.75, 13745.0], [3063.0, 22705.0], [3063.25, 114980.0], [3064.75, 49800.0], [3065.5, 400.0], [3066.0, 40000.0], [3067.5, 51130.0], [3067.75, 180000.0], [3072.25, 40000.0], [3072.75, 92022.0], [3073.75, 77210.0], [3075.0, 1114.0], [3076.5, 40000.0], [3076.75, 100.0]]}}}
{"jsonrpc": "2.0", "method": "subscription", "params": {"channel": "book.ETH-12DEC25.none.20.100ms", "data": {"timestamp": 1764361570791, "change_id": 99245136591, "instrument_name": "ETH-12DEC25", "bids": [[3058.5, 1724.0], [3058.25, 6966.0], [3058.0, 13662.0], [3054.5, 3437.0], [3054.25, 12294.0], [3054.0, 4262.0], [3053.75, 14278.0], [3052.75, 1663.0], [3052.5, 5572.0], [3052.25, 22395.0], [3052.0, 90000.0], [3050.5, 5323.0], [3050.25, 17831.0], [3050.0, 10813.0], [3049.75, 40000.0], [3049.25, 19071.0], [3044.25, 74130.0], [3043.5, 220000.0], [3041.25, 37975.0], [3037.75, 71328.0]], "asks": [[3059.0, 4784.0], [3059.5, 253.0], [3059.75, 1250.0], [3061.0, 19.0], [3062.0, 19.0], [3063.0, 30.0], [3063.25, 7210.0], [3063.5, 29154.0], [3063.75, 14074.0], [3065.0, 19.0], [3065.75, 22897.0], [3066.0, 90019.0], [3067.75, 36380.0], [3068.0, 19.0], [3068.5, 40000.0], [3069.0, 19.0], [3070.5, 37922.0], [3071.0, 37799.0], [3073.0, 19.0], [3074.0, 181114.0]]}}}
{"jsonrpc": "2.0", "method": "subscription", "params": {"channel": "book.ETH-5DEC25.none.20.100ms", "data": {"timestamp": 1764361570795, "change_id": 99245136594, "instrument_name": "ETH-5DEC25", "bids": [[3056.0, 5230.0], [3055.75, 4891.0], [3055.5, 13698.0], [3055.0, 16.0], [3052.5, 24495.0], [3052.25, 4116.0], [3052.0, 13789.0], [3051.25, 292.0], [3051.0, 1114.0], [3050.0, 6483.0], [3049.75, 22288.0], [3049.5, 29870.0], [3049.25, 90000.0], [3048.5, 25577.0], [3047.25, 40000.0], [3047.0, 400.0], [3044.25, 49182.0], [3044.0, 21121.0], [3043.75, 49905.0], [3042.5, 71330.0]], "asks": [[3056.75, 6248.0], [3057.0, 1547.0], [3057.25, 1513.0], [3060.5, 7488.0], [3060.75, 25085.0], [3061.5, 4103.0], [3061.75, 13745.0], [3063.0, 22705.0], [3063.25, 114980.0], [3064.75, 49800.0], [3065.5, 400.0], [3066.0, 40000.0], [3067.5, 51130.0], [3067.75, 180000.0], [3072.25, 40000.0], [3072.75, 92022.0], [3073.75, 77210.0], [3075.0, 1114.0], [3076.5, 40000.0], [3076.75, 100.0]]}}}
{"jsonrpc": "2.0", "method": "subscription", "params": {"channel": "book.ETH-12DEC25.none.20.100ms", "data": {"timestamp": 1764361571111, "change_id": 99245136882, "instrument_name": "ETH-12DEC25", "bids": [[3058.5, 1250.0], [3058.25, 2182.0], [3058.0, 18446.0], [3054.5, 3437.0], [3054.25, 12294.0], [3054.0, 4262.0], [3053.75, 14278.0], [3052.75, 1663.0], [3052.5, 5572.0], [3052.25, 22395.0], [3052.0, 90000.0], [3050.5, 5323.0], [3050.25, 17831.0], [3050.0, 10813.0], [3049.75, 40000.0], [3049.25, 19071.0], [3044.25, 74130.0], [3043.5, 220000.0], [3041.25, 37975.0], [3037.75, 71328.0]], "asks": [[3059.0, 4784.0], [3059.5, 253.0], [3059.75, 1250.0], [3061.0, 19.0], [3062.0, 19.0], [3063.0, 30.0], [3063.25, 7210.0], [3063.5, 29154.0], [3063.75, 14074.0], [3065.0, 19.0], [3065.75, 22897.0], [3066.0, 90019.0], [3067.75, 36380.0], [3068.0, 19.0], [3068.5, 40000.0], [3069.0, 19.0], [3070.5, 37922.0], [3071.0, 37799.0], [3073.0, 19.0], [3074.0, 181114.0]]}}}
{"jsonrpc": "2.0", "method": "subscription", "params": {"channel": "book.ETH-5DEC25.none.20.100ms", "data": {"timestamp": 1764361571462, "change_id": 99245137460, "instrument_name": "ETH-5DEC25", "bids": [[3056.0, 5230.0], [3055.75, 6039.0], [3055.5, 13698.0], [3055.0, 16.0], [3052.75, 7312.0], [3052.5, 24495.0], [3052.25, 4116.0], [3052.0, 13789.0], [3051.25, 292.0], [3051.0, 1114.0], [3050.0, 6483.0], [3049.75, 22288.0], [3049.5, 29870.0], [3049.25, 90000.0], [3048.5, 25577.0], [3047.25, 40000.0], [3047.0, 400.0], [3044.25, 49182.0], [3044.0, 21121.0], [3043.75, 49905.0]], "asks": [[3056.75, 6248.0], [3057.0, 1547.0], [3057.25, 1513.0], [3060.25, 500.0], [3060.5, 7488.0], [3060.75, 25085.0], [3061.5, 4103.0], [3061.75, 13745.0], [3063.0, 31419.0], [3063.25, 114980.0], [3064.75, 49800.0], [3065.5, 400.0], [3066.0, 40000.0], [3067.5, 51130.0], [3067.75, 180000.0], [3072.25, 40000.0], [3072.75, 92022.0], [3073.75, 77210.0], [3075.0, 1114.0], [3076.5, 40000.0]]}}}
{"jsonrpc": "2.0", "method": "subscription", "params": {"channel": "book.ETH-5DEC25.none.20.100ms", "data": {"timestamp": 1764361572954, "change_id": 99245139298, "instrument_name": "ETH-5DEC25", "bids": [[3056.0, 6198.0], [3055.75, 4789.0], [3055.5, 13698.0], [3055.0, 16.0], [3052.75, 7312.0], [3052.5, 24495.0], [3052.25, 4116.0], [3052.0, 13789.0], [3051.25, 292.0], [3051.0, 1114.0], [3050.0, 6483.0], [3049.75, 22288.0], [3049.5, 29870.0], [3049.25, 90000.0], [3048.5, 25577.0], [3047.25, 40000.0], [3047.0, 400.0], [3044.25, 49182.0], [3044.0, 21121.0], [3043.75, 49905.0]], "asks": [[3056.75, 6248.0], [3057.0, 1547.0], [3057.25, 1513.0], [3060.25, 500.0], [3060.5, 7488.0], [3060.75, 25085.0], [3061.5, 4103.0], [3061.75, 13745.0], [3063.0, 31419.0], [3063.25, 114980.0], [3064.75, 49800.0], [3065.5, 400.0], [3066.0, 40000.0], [3067.5, 51130.0], [3067.75, 180000.0], [3072.25, 40000.0], [3072.75, 92022.0], [3073.75, 77210.0], [3075.0, 1114.0], [3076.5, 40000.0]]}}}
{"jsonrpc": "2.0", "method": "subscription", "params": {"channel": "book.ETH-12DEC25.none.20.100ms", "data": {"timestamp": 1764361573376, "change_id": 99245139703, "instrument_name": "ETH-12DEC25", "bids": [[3058.5, 1250.0], [3058.25, 2182.0], [3058.0, 18446.0], [3055.0, 1848.0], [3054.75, 6191.0], [3054.5, 1822.0], [3054.25, 6103.0], [3054.0, 4262.0], [3053.75, 14278.0], [3052.75, 1663.0], [3052.5, 5572.0], [3052.25, 22395.0], [3052.0, 90000.0], [3050.5, 5323.0], [3050.25, 17831.0], [3050.0, 10813.0], [3049.75, 40000.0], [3049.25, 19071.0], [3044.25, 74130.0], [3043.5, 220000.0]], "asks": [[3058.75, 4784.0], [3059.5, 253.0], [3059.75, 1250.0], [3061.0, 19.0], [3062.0, 19.0], [3063.0, 30.0], [3063.25, 7210.0], [3063.5, 29154.0], [3063.75, 14074.0], [3065.0, 19.0], [3065.75, 22897.0], [3066.0, 90019.0], [3067.75, 36380.0], [3068.0, 19.0], [3068.5, 40000.0], [3069.0, 19.0], [3070.5, 37922.0], [3071.0, 37799.0], [3073.0, 19.0], [3074.0, 181114.0]]}}}
{"jsonrpc": "2.0", "method": "subscription", "params": {"channel": "book.ETH-5DEC25.none.20.100ms", "data": {"timestamp": 1764361573306, "change_id": 99245139633, "instrument_name": "ETH-5DEC25", "bids": [[3056.0, 6198.0], [3055.75, 4789.0], [3055.5, 13698.0], [3055.0, 16.0], [3053.25, 7312.0], [3053.0, 24495.0], [3052.25, 4116.0], [3052.0, 13789.0], [3051.25, 292.0], [3051.0, 1114.0], [3050.0, 6483.0], [3049.75, 22288.0], [3049.5, 29870.0], [3049.25, 90000.0], [3048.5, 25577.0], [3047.25, 40000.0], [3047.0, 400.0], [3044.25, 49182.0], [3044.0, 21121.0], [3043.75, 49905.0]], "asks": [[3056.75, 6248.0], [3057.0, 1547.0], [3057.25, 1513.0], [3060.25, 500.0], [3060.5, 7488.0], [3060.75, 25085.0], [3061.5, 4103.0], [3061.75, 13745.0], [3063.0, 31419.0], [3063.25, 114980.0], [3064.75, 49800.0], [3065.5, 400.0], [3066.0, 40000.0], [3067.5, 51130.0], [3067.75, 180000.0], [3072.25, 40000.0], [3072.75, 92022.0], [3073.75, 77210.0], [3075.0, 1114.0], [3076.5, 40000.0]]}}}
{"jsonrpc": "2.0", "method": "subscription", "params": {"channel": "book.ETH-5DEC25.none.20.100ms", "data": {"timestamp": 1764361573775, "change_id": 99245140085, "instrument_name": "ETH-5DEC25", "bids": [[3056.0, 4701.0], [3055.75, 3489.0], [3055.5, 13698.0], [3055.0, 16.0], [3053.25, 7312.0], [3053.0, 24495.0], [3052.25, 4116.0], [3052.0, 13789.0], [3051.25, 292.0], [3051.0, 1114.0], [3050.0, 6483.0], [3049.75, 22288.0], [3049.5, 29870.0], [3049.25, 90000.0], [3048.5, 25577.0], [3047.25, 40000.0], [3047.0, 400.0], [3044.25, 49182.0], [3044.0, 21121.0], [3043.75, 49905.0]], "asks": [[3056.75, 6248.0], [3057.0, 1547.0], [3057.25, 1513.0], [3060.25, 500.0], [3060.5, 7488.0], [3060.75, 25085.0], [3061.5, 4103.0], [3061.75, 13745.0], [3063.0, 31419.0], [3063.25, 114980.0], [3064.75, 49800.0], [3065.5, 400.0], [3066.0, 40000.0], [3067.5, 51130.0], [3067.75, 180000.0], [3072.25, 40000.0], [3072.75, 92022.0], [3073.75, 77210.0], [3075.0, 1114.0], [3076.5, 40000.0]]}}}
{"jsonrpc": "2.0", "method": "subscription", "params": {"channel": "book.ETH-12DEC25.none.20.100ms", "data": {"timestamp": 1764361573921, "change_id": 99245140321, "instrument_name": "ETH-12DEC25", "bids": [[3058.25, 3432.0], [3058.0, 18446.0], [3055.0, 1848.0], [3054.75, 6191.0], [3054.5, 1822.0], [3054.25, 6103.0], [3054.0, 4262.0], [3053.75, 14278.0], [3052.75, 1663.0], [3052.5, 5572.0], [3052.25, 22395.0], [3052.0, 90000.0], [3050.5, 5323.0], [3050.25, 17831.0], [3050.0, 10813.0], [3049.75, 40000.0], [3049.25, 19071.0], [3044.25, 74130.0], [3043.5, 220000.0], [3041.25, 37975.0]], "asks": [[3058.75, 4784.0], [3059.5, 253.0], [3059.75, 1250.0], [3061.0, 19.0], [3062.0, 19.0], [3063.0, 30.0], [3063.25, 7210.0], [3063.5, 29154.0], [3063.75, 14074.0], [3065.0, 19.0], [3065.75, 22897.0], [3066.0, 90019.0], [3067.75, 36380.0], [3068.0, 19.0], [3068.5, 40000.0], [3069.0, 19.0], [3070.5, 37922.0], [3071.0, 37799.0], [3073.0, 19.0], [3074.0, 181114.0]]}}}
{"jsonrpc": "2.0", "method": "subscription", "params": {"channel": "book.ETH-5DEC25.none.20.100ms", "data": {"timestamp": 1764361573977, "change_id": 99245140364, "instrument_name": "ETH-5DEC25", "bids": [[3056.0, 4701.0], [3055.75, 3489.0], [3055.5, 14948.0], [3055.0, 16.0], [3053.25, 7312.0], [3053.0, 24495.0], [3052.25, 4116.0], [3052.0, 13789.0], [3051.25, 292.0], [3051.0, 1114.0], [3050.0, 6483.0], [3049.75, 22288.0], [3049.5, 29870.0], [3049.25, 90000.0], [3048.5, 25577.0], [3047.25, 40000.0], [3047.0, 400.0], [3044.25, 49182.0], [3044.0, 21121.0], [3043.75, 49905.0]], "asks": [[3056.75, 6264.0], [3057.0, 1547.0], [3057.25, 1497.0], [3060.25, 500.0], [3060.5, 7488.0], [3060.75, 25085.0], [3061.5, 4103.0], [3061.75, 13745.0], [3063.0, 31419.0], [3063.25, 114980.0], [3064.75, 49800.0], [3065.5, 400.0], [3066.0, 40000.0], [3067.5, 51130.0], [3067.75, 180000.0], [3072.25, 40000.0], [3072.75, 92022.0], [3073.75, 77210.0], [3075.0, 1114.0], [3076.5, 40000.0]]}}}
{"jsonrpc": "2.0", "method": "subscription", "params": {"channel": "book.ETH-5DEC25.none.20.100ms", "data": {"timestamp": 1764361574189, "change_id": 99245140526, "instrument_name": "ETH-5DEC25", "bids": [[3056.0, 4948.0], [3055.75, 4739.0], [3055.5, 13698.0], [3055.0, 16.0], [3053.25, 7323.0], [3053.0, 24495.0], [3052.25, 4116.0], [3052.0, 13789.0], [3051.25, 292.0], [3051.0, 1114.0], [3050.0, 6483.0], [3049.75, 22288.0], [3049.5, 29870.0], [3049.25, 90000.0], [3048.5, 25577.0], [3047.25, 40000.0], [3047.0, 400.0], [3044.25, 49182.0], [3044.0, 21121.0], [3043.75, 49905.0]], "asks": [[3056.75, 6264.0], [3057.0, 1547.0], [3057.25, 1497.0], [3060.25, 500.0], [3060.5, 7488.0], [3060.75, 25085.0], [3061.5, 4103.0], [3061.75, 13745.0], [3063.0, 31419.0], [3063.25, 114980.0], [3064.75, 49800.0], [3065.5, 400.0], [3066.0, 40000.0], [3067.5, 51130.0], [3067.75, 180000.0], [3072.25, 40000.0], [3072.75, 92022.0], [3073.75, 77210.0], [3075.0, 1114.0], [3076.5, 40000.0]]}}}
{"jsonrpc": "2.0", "method": "subscription", "params": {"channel": "book.ETH-12DEC25.none.20.100ms", "data": {"timestamp": 1764361574651, "change_id": 99245141078, "instrument_name": "ETH-12DEC25", "bids": [[3058.5, 253.0], [3058.25, 3432.0], [3058.0, 13662.0], [3057.75, 4784.0], [3055.5, 1848.0], [3055.25, 6191.0], [3054.5, 1822.0], [3054.25, 6103.0], [3054.0, 4262.0], [3053.75, 14278.0], [3052.75, 1663.0], [3052.5, 5572.0], [3052.25, 22395.0], [3052.0, 90000.0], [3050.5, 5323.0], [3050.25, 17831.0], [3050.0, 10813.0], [3049.75, 40000.0], [3049.25, 19071.0], [3044.25, 74130.0]], "asks": [[3059.0, 4784.0], [3059.5, 253.0], [3059.75, 1250.0], [3061.0, 19.0], [3062.0, 19.0], [3063.0, 30.0], [3063.25, 7255.0], [3063.5, 29154.0], [3063.75, 14074.0], [3065.0, 19.0], [3065.75, 22897.0], [3066.0, 90019.0], [3067.75, 36380.0], [3068.0, 19.0], [3068.5, 40000.0], [3069.0, 19.0], [3070.5, 37922.0], [3071.0, 37799.0], [3073.0, 19.0], [3074.0, 181114.0]]}}}
{"jsonrpc": "2.0", "method": "subscription", "params": {"channel": "book.ETH-5DEC25.none.20.100ms", "data": {"timestamp": 1764361574481, "change_id": 99245140935, "instrument_name": "ETH-5DEC25", "bids": [[3056.0, 455.0], [3055.75, 9587.0], [3055.5, 13698.0], [3055.0, 16.0], [3053.25, 7323.0], [3053.0, 24495.0], [3052.25, 4116.0], [3052.0, 13789.0], [3051.25, 292.0], [3051.0, 1114.0], [3050.0, 6483.0], [3049.75, 22288.0], [3049.5, 29870.0], [3049.25, 90000.0], [3048.5, 25577.0], [3047.25, 40000.0], [3047.0, 400.0], [3044.25, 49182.0], [3044.0, 21121.0], [3043.75, 49905.0]], "asks": [[3056.75, 6411.0], [3057.0, 1547.0], [3057.25, 1497.0], [3060.25, 500.0], [3060.5, 7488.0], [3060.75, 25085.0], [3061.5, 4103.0], [3061.75, 13745.0], [3063.0, 31419.0], [3063.25, 114980.0], [3064.75, 49800.0], [3065.5, 400.0], [3066.0, 40000.0], [3067.5, 51130.0], [3067.75, 180000.0], [3072.25, 40000.0], [3072.75, 92022.0], [3073.75, 77210.0], [3075.0, 1114.0], [3076.5, 40000.0]]}}}
{"jsonrpc": "2.0", "method": "subscription", "params": {"channel": "book.ETH-12DEC25.none.20.100ms", "data": {"timestamp": 1764361574796, "change_id": 99245141247, "instrument_name": "ETH-12DEC25", "bids": [[3058.5, 1250.0], [3058.25, 2182.0], [3058.0, 13662.0], [3057.75, 4784.0], [3055.5, 1848.0], [3055.25, 6191.0], [3054.5, 1822.0], [3054.25, 6103.0], [3054.0, 4262.0], [3053.75, 14278.0], [3052.75, 1663.0], [3052.5, 5572.0], [3052.25, 22395.0], [3052.0, 90000.0], [3050.5, 5323.0], [3050.25, 17831.0], [3050.0, 10813.0], [3049.75, 40000.0], [3049.25, 19071.0], [3044.25, 74130.0]], "asks": [[3059.0, 4784.0], [3059.5, 253.0], [3059.75, 1250.0], [3061.0, 19.0], [3062.0, 19.0], [3063.0, 30.0], [3063.25, 7255.0], [3063.5, 29154.0], [3063.75, 14074.0], [3065.0, 19.0], [3065.75, 22897.0], [3066.0, 90019.0], [3067.75, 36380.0], [3068.0, 19.0], [3068.5, 40000.0], [3069.0, 19.0], [3070.5, 37922.0], [3071.0, 37799.0], [3073.0, 19.0], [3074.0, 181114.0]]}}}
{"jsonrpc": "2.0", "method": "subscription", "params": {"channel": "book.ETH-5DEC25.none.20.100ms", "data": {"timestamp": 1764361574982, "change_id": 99245141418, "instrument_name": "ETH-5DEC25", "bids": [[3056.0, 455.0], [3055.75, 9587.0], [3055.5, 13698.0], [3055.0, 16.0], [3053.25, 7323.0], [3053.0, 24495.0], [3052.25, 4116.0], [3052.0, 13789.0], [3051.25, 292.0], [3051.0, 1114.0], [3050.0, 6483.0], [3049.75, 22288.0], [3049.5, 29870.0], [3049.25, 90000.0], [3048.5, 25577.0], [3047.25, 40000.0], [3047.0, 400.0], [3044.25, 49182.0], [3044.0, 21121.0], [3043.75, 49905.0]], "asks": [[3056.75, 6411.0], [3057.0, 1547.0], [3057.25, 1497.0], [3060.25, 500.0], [3060.5, 7488.0], [3060.75, 25085.0], [3061.5, 4103.0], [3061.75, 13745.0], [3062.75, 45.0], [3063.0, 31419.0], [3063.25, 114980.0], [3064.75, 49800.0], [3065.5, 400.0], [3066.0, 40000.0], [3067.5, 51130.0], [3067.75, 180000.0], [3072.25, 40000.0], [3072.75, 92022.0], [3073.75, 77210.0], [3075.0, 1114.0]]}}}
{"jsonrpc": "2.0", "method": "subscription", "params": {"channel": "book.ETH-5DEC25.none.20.100ms", "data": {"timestamp": 1764361575378, "change_id": 99245141880, "instrument_name": "ETH-5DEC25", "bids": [[3056.0, 455.0], [3055.75, 9587.0], [3055.5, 13698.0], [3055.0, 16.0], [3053.25, 7323.0], [3053.0, 24495.0], [3052.25, 4116.0], [3052.0, 13789.0], [3051.25, 292.0], [3051.0, 1114.0], [3050.0, 6483.0], [3049.75, 22288.0], [3049.5, 29870.0], [3049.25, 90000.0], [3048.5, 25577.0], [3047.25, 40000.0], [3047.0, 400.0], [3044.25, 49182.0], [3044.0, 21121.0], [3043.75, 49905.0]], "asks": [[3056.75, 6411.0], [3057.0, 1547.0], [3057.25, 1497.0], [3060.25, 500.0], [3060.5, 7488.0], [3060.75, 25085.0], [3061.5, 4103.0], [3061.75, 13745.0], [3062.75, 56.0], [3063.0, 31419.0], [3063.25, 114980.0], [3064.75, 49800.0], [3065.5, 400.0], [3066.0, 40000.0], [3067.5, 51130.0], [3067.75, 180000.0], [3072.25, 40000.0], [3072.75, 92022.0], [3073.75, 77210.0], [3075.0, 1114.0]]}}}
{"jsonrpc": "2.0", "method": "subscription", "params": {"channel": "book.ETH-12DEC25.none.20.100ms", "data": {"timestamp": 1764361575735, "change_id": 99245142257, "instrument_name": "ETH-12DEC25", "bids": [[3058.5, 1250.0], [3058.25, 2182.0], [3058.0, 13662.0], [3057.75, 4784.0], [3055.5, 1848.0], [3055.25, 6191.0], [3054.5, 1822.0], [3054.25, 6103.0], [3054.0, 4262.0], [3053.75, 14278.0], [3052.75, 1663.0], [3052.5, 5572.0], [3052.25, 22395.0], [3052.0, 90000.0], [3050.5, 5323.0], [3050.25, 17831.0], [3050.0, 10813.0], [3049.75, 40000.0], [3049.25, 19071.0], [3044.25, 74130.0]], "asks": [[3059.0, 4784.0], [3059.5, 253.0], [3059.75, 1250.0], [3061.0, 19.0], [3062.0, 19.0], [3063.0, 32.0], [3063.25, 7255.0], [3063.5, 29154.0], [3063.75, 14074.0], [3065.0, 19.0], [3065.75, 22897.0], [3066.0, 90019.0], [3067.75, 36380.0], [3068.0, 19.0], [3068.5, 40000.0], [3069.0, 19.0], [3070.5, 37922.0], [3071.0, 37799.0], [3073.0, 19.0], [3074.0, 181114.0]]}}}
{"jsonrpc": "2.0", "method": "subscription", "params": {"channel": "book.ETH-5DEC25.none.20.100ms", "data": {"timestamp": 1764361576309, "change_id": 99245142801, "instrument_name": "ETH-5DEC25", "bids": [[3056.0, 455.0], [3055.75, 9587.0], [3055.5, 13698.0], [3055.0, 16.0], [3053.25, 11.0], [3052.75, 7312.0], [3052.5, 24495.0], [3052.25, 4116.0], [3052.0, 13789.0], [3051.25, 292.0], [3051.0, 1114.0], [3050.0, 6483.0], [3049.75, 22288.0], [3049.5, 29870.0], [3049.25, 90000.0], [3048.5, 25577.0], [3047.25, 40000.0], [3047.0, 400.0], [3044.25, 49182.0], [3044.0, 21121.0]], "asks": [[3056.75, 6411.0], [3057.0, 1547.0], [3057.25, 1497.0], [3060.25, 500.0], [3060.5, 7488.0], [3060.75, 25085.0], [3061.5, 4103.0], [3061.75, 13745.0], [3062.75, 56.0], [3063.0, 31419.0], [3063.25, 114980.0], [3064.75, 49800.0], [3065.5, 400.0], [3066.0, 40000.0], [3067.5, 51130.0], [3067.75, 180000.0], [3072.25, 40000.0], [3072.75, 92022.0], [3073.75, 77210.0], [3075.0, 1114.0]]}}}
{"jsonrpc": "2.0", "method": "subscription", "params": {"channel": "book.ETH-12DEC25.none.20.100ms", "data": {"timestamp": 1764361576733, "change_id": 99245143190, "instrument_name": "ETH-12DEC25", "bids": [[3058.5, 1250.0], [3058.25, 2182.0], [3058.0, 13662.0], [3057.75, 4784.0], [3055.5, 1848.0], [3055.25, 6191.0], [3054.5, 1833.0], [3054.25, 6103.0], [3054.0, 4262.0], [3053.75, 14278.0], [3052.75, 1663.0], [3052.5, 5572.0], [3052.25, 22395.0], [3052.0, 90000.0], [3050.5, 5323.0], [3050.25, 17831.0], [3050.0, 10813.0], [3049.75, 40000.0], [3049.25, 19071.0], [3044.25, 74130.0]], "asks": [[3059.0, 4784.0], [3059.5, 253.0], [3059.75, 1250.0], [3061.0, 19.0], [3062.0, 19.0], [3063.0, 32.0], [3063.25, 7255.0], [3063.5, 29154.0], [3063.75, 14074.0], [3065.0, 19.0], [3065.75, 22897.0], [3066.0, 90019.0], [3067.75, 36380.0], [3068.0, 19.0], [3068.5, 40000.0], [3069.0, 19.0], [3070.5, 37922.0], [3071.0, 37799.0], [3073.0, 19.0], [3074.0, 181114.0]]}}}
{"jsonrpc": "2.0", "method": "subscription", "params": {"channel": "book.ETH-5DEC25.none.20.100ms", "data": {"timestamp": 1764361577202, "change_id": 99245143497, "instrument_name": "ETH-5DEC25", "bids": [[3056.0, 455.0], [3055.75, 9587.0], [3055.5, 13698.0], [3055.0, 16.0], [3053.25, 11.0], [3053.0, 2.0], [3052.75, 7312.0], [3052.5, 24495.0], [3052.25, 4116.0], [3052.0, 13789.0], [3051.25, 292.0], [3051.0, 1114.0], [3050.0, 6483.0], [3049.75, 22288.0], [3049.5, 29870.0], [3049.25, 90000.0], [3048.5, 25577.0], [3047.25, 40000.0], [3047.0, 400.0], [3044.25, 49182.0]], "asks": [[3056.75, 6411.0], [3057.0, 1547.0], [3057.25, 1497.0], [3060.25, 500.0], [3060.5, 7488.0], [3060.75, 25085.0], [3061.5, 4103.0], [3061.75, 13745.0], [3062.75, 56.0], [3063.0, 31419.0], [3063.25, 114980.0], [3064.75, 49800.0], [3065.5, 400.0], [3066.0, 40000.0], [3067.5, 51130.0], [3067.75, 180000.0], [3072.25, 40000.0], [3072.75, 92022.0], [3073.75, 77210.0], [3075.0, 1114.0]]}}}
{"jsonrpc": "2.0", "method": "subscription", "params": {"channel": "book.ETH-5DEC25.none.20.100ms", "data": {"timestamp": 1764361578008, "change_id": 99245144328, "instrument_name": "ETH-5DEC25", "bids": [[3056.0, 661.0], [3055.75, 9587.0], [3055.5, 13698.0], [3055.0, 16.0], [3053.25, 11.0], [3053.0, 2.0], [3052.75, 7312.0], [3052.5, 24495.0], [3052.25, 4116.0], [3052.0, 13789.0], [3051.25, 292.0], [3051.0, 1114.0], [3050.0, 6483.0], [3049.75, 22288.0], [3049.5, 29870.0], [3049.25, 90000.0], [3048.5, 25577.0], [3047.25, 40000.0], [3047.0, 400.0], [3044.25, 49182.0]], "asks": [[3056.75, 6411.0], [3057.0, 1547.0], [3057.25, 1497.0], [3060.25, 502.0], [3060.5, 7488.0], [3060.75, 25085.0], [3061.5, 4103.0], [3061.75, 13745.0], [3062.75, 56.0], [3063.0, 31419.0], [3063.25, 114980.0], [3064.75, 49800.0], [3065.5, 400.0], [3066.0, 40000.0], [3067.5, 51130.0], [3067.75, 180000.0], [3072.25, 40000.0], [3072.75, 92022.0], [3073.75, 77210.0], [3075.0, 1114.0]]}}}
{"jsonrpc": "2.0", "method": "subscription", "params": {"channel": "book.ETH-12DEC25.none.20.100ms", "data": {"timestamp": 1764361579059, "change_id": 99245145330, "instrument_name": "ETH-12DEC25", "bids": [[3058.5, 1250.0], [3058.25, 2182.0], [3058.0, 13662.0], [3057.75, 4784.0], [3056.0, 1849.0], [3055.75, 6193.0], [3054.5, 1833.0], [3054.25, 6103.0], [3054.0, 4262.0], [3053.75, 14278.0], [3052.75, 1663.0], [3052.5, 5572.0], [3052.25, 22395.0], [3052.0, 90000.0], [3050.5, 5323.0], [3050.25, 17831.0], [3050.0, 10813.0], [3049.75, 40000.0], [3049.25, 19071.0], [3044.25, 74130.0]], "asks": [[3059.0, 4784.0], [3059.5, 253.0], [3059.75, 1250.0], [3061.0, 19.0], [3062.0, 19.0], [3063.0, 32.0], [3063.25, 7255.0], [3063.5, 29154.0], [3063.75, 14074.0], [3065.0, 19.0], [3065.75, 22897.0], [3066.0, 90019.0], [3067.75, 36380.0], [3068.0, 19.0], [3068.5, 40000.0], [3069.0, 19.0], [3070.5, 37922.0], [3071.0, 37799.0], [3073.0, 19.0], [3074.0, 181114.0]]}}}
{"jsonrpc": "2.0", "method": "subscription", "params": {"channel": "book.ETH-5DEC25.none.20.100ms", "data": {"timestamp": 1764361578845, "change_id": 99245145212, "instrument_name": "ETH-5DEC25", "bids": [[3056.0, 648.0], [3055.75, 9587.0], [3055.5, 13698.0], [3055.0, 16.0], [3053.25, 11.0], [3053.0, 2.0], [3052.75, 7312.0], [3052.5, 24495.0], [3052.25, 4116.0], [3052.0, 13789.0], [3051.25, 292.0], [3051.0, 1114.0], [3050.0, 6483.0], [3049.75, 22288.0], [3049.5, 29870.0], [3049.25, 90000.0], [3048.5, 25577.0], [3047.25, 40000.0], [3047.0, 400.0], [3044.25, 49182.0]], "asks": [[3056.75, 6411.0], [3057.0, 1547.0], [3057.25, 1497.0], [3060.25, 502.0], [3060.5, 7488.0], [3060.75, 25085.0], [3061.5, 4103.0], [3061.75, 13745.0], [3062.75, 56.0], [3063.0, 31419.0], [3063.25, 114980.0], [3064.75, 49800.0], [3065.5, 400.0], [3066.0, 40000.0], [3067.5, 51130.0], [3067.75, 180000.0], [3072.25, 40000.0], [3072.75, 92022.0], [3073.75, 77210.0], [3075.0, 1114.0]]}}}
{"jsonrpc": "2.0", "method": "subscription", "params": {"channel": "book.ETH-12DEC25.none.20.100ms", "data": {"timestamp": 1764361579327, "change_id": 99245145684, "instrument_name": "ETH-12DEC25", "bids": [[3058.5, 1250.0], [3058.25, 2182.0], [3058.0, 13662.0], [3057.75, 4784.0], [3056.0, 1849.0], [3055.75, 6193.0], [3054.5, 1833.0], [3054.25, 6103.0], [3054.0, 4262.0], [3053.75, 14278.0], [3052.75, 1663.0], [3052.5, 5617.0], [3052.25, 22395.0], [3052.0, 90000.0], [3050.5, 5323.0], [3050.25, 17831.0], [3050.0, 10813.0], [3049.75, 40000.0], [3049.25, 19071.0], [3044.25, 74130.0]], "asks": [[3059.0, 4784.0], [3059.5, 253.0], [3059.75, 1250.0], [3061.0, 19.0], [3062.0, 19.0], [3063.0, 32.0], [3063.25, 7255.0], [3063.5, 29154.0], [3063.75, 14074.0], [3065.0, 19.0], [3065.75, 22897.0], [3066.0, 90019.0], [3067.75, 36380.0], [3068.0, 19.0], [3068.5, 40000.0], [3069.0, 19.0], [3070.5, 37922.0], [3071.0, 37799.0], [3073.0, 19.0], [3074.0, 181114.0]]}}}
{"jsonrpc": "2.0", "method": "subscription", "params": {"channel": "book.ETH-5DEC25.none.20.100ms", "data": {"timestamp": 1764361579310, "change_id": 99245145586, "instrument_name": "ETH-5DEC25", "bids": [[3056.0, 648.0], [3055.75, 9587.0], [3055.5, 13698.0], [3055.0, 16.0], [3053.25, 7323.0], [3053.0, 24497.0], [3052.25, 4116.0], [3052.0, 13789.0], [3051.25, 292.0], [3051.0, 1114.0], [3050.0, 6483.0], [3049.75, 22288.0], [3049.5, 29870.0], [3049.25, 90000.0], [3048.5, 25577.0], [3047.25, 40000.0], [3047.0, 400.0], [3044.25, 49182.0], [3044.0, 21121.0], [3043.75, 49905.0]], "asks": [[3056.75, 6411.0], [3057.0, 1547.0], [3057.25, 1497.0], [3060.25, 502.0], [3060.5, 7488.0], [3060.75, 25085.0], [3061.5, 4103.0], [3061.75, 13745.0], [3062.75, 56.0], [3063.0, 31419.0], [3063.25, 114980.0], [3064.75, 49800.0], [3065.5, 400.0], [3066.0, 40000.0], [3067.5, 51130.0], [3067.75, 180000.0], [3072.25, 40000.0], [3072.75, 92022.0], [3073.75, 77210.0], [3075.0, 1114.0]]}}}
{"jsonrpc": "2.0", "method": "subscription", "params": {"channel": "book.ETH-5DEC25.none.20.100ms", "data": {"timestamp": 1764361579692, "change_id": 99245145941, "instrument_name": "ETH-5DEC25", "bids": [[3056.0, 648.0], [3055.75, 10887.0], [3055.5, 13698.0], [3055.0, 16.0], [3053.25, 7323.0], [3053.0, 24497.0], [3052.25, 4116.0], [3052.0, 13789.0], [3051.25, 292.0], [3051.0, 1114.0], [3050.0, 6483.0], [3049.75, 22288.0], [3049.5, 29870.0], [3049.25, 90000.0], [3048.5, 25577.0], [3047.25, 40000.0], [3047.0, 400.0], [3044.25, 49182.0], [3044.0, 21121.0], [3043.75, 49905.0]], "asks": [[3056.75, 6411.0], [3057.0, 1547.0], [3057.25, 1497.0], [3060.25, 502.0], [3060.5, 7488.0], [3060.75, 25085.0], [3061.5, 4103.0], [3061.75, 13745.0], [3062.75, 56.0], [3063.0, 31419.0], [3063.25, 114980.0], [3064.75, 49800.0], [3065.5, 400.0], [3066.0, 40000.0], [3067.5, 51130.0], [3067.75, 180000.0], [3072.25, 40000.0], [3072.75, 92022.0], [3073.75, 77210.0], [3075.0, 1114.0]]}}}
{"jsonrpc": "2.0", "method": "subscription", "params": {"channel": "book.ETH-5DEC25.none.20.100ms", "data": {"timestamp": 1764361579834, "change_id": 99245146202, "instrument_name": "ETH-5DEC25", "bids": [[3056.0, 648.0], [3055.75, 9587.0], [3055.5, 13698.0], [3055.0, 16.0], [3053.25, 7323.0], [3053.0, 24497.0], [3052.25, 4116.0], [3052.0, 13789.0], [3051.25, 292.0], [3051.0, 1114.0], [3050.0, 6483.0], [3049.75, 22288.0], [3049.5, 29870.0], [3049.25, 90000.0], [3048.5, 25577.0], [3047.25, 40000.0], [3047.0, 400.0], [3044.25, 49182.0], [3044.0, 21121.0], [3043.75, 49905.0]], "asks": [[3056.75, 6411.0], [3057.0, 1547.0], [3057.25, 1497.0], [3060.25, 502.0], [3060.5, 7488.0], [3060.75, 25085.0], [3061.5, 4103.0], [3061.75, 13745.0], [3062.75, 56.0], [3063.0, 31419.0], [3063.25, 114980.0], [3064.75, 49800.0], [3065.5, 400.0], [3066.0, 40000.0], [3067.5, 51130.0], [3067.75, 180000.0], [3072.25, 40000.0], [3072.75, 92022.0], [3073.75, 77210.0], [3075.0, 1114.0]]}}}
{"jsonrpc": "2.0", "method": "subscription", "params": {"channel": "book.ETH-5DEC25.none.20.100ms", "data": {"timestamp": 1764361580145, "change_id": 99245146453, "instrument_name": "ETH-5DEC25", "bids": [[3056.0, 648.0], [3055.75, 9587.0], [3055.5, 13698.0], [3055.0, 16.0], [3053.25, 7323.0], [3053.0, 24497.0], [3052.25, 4116.0], [3052.0, 13789.0], [3051.25, 292.0], [3051.0, 1114.0], [3050.0, 6483.0], [3049.75, 22288.0], [3049.5, 29870.0], [3049.25, 90000.0], [3048.5, 25577.0], [3047.25, 40000.0], [3047.0, 400.0], [3044.25, 49182.0], [3044.0, 21121.0], [3043.75, 49905.0]], "asks": [[3056.75, 6411.0], [3057.0, 1547.0], [3057.25, 1497.0], [3060.25, 502.0], [3060.5, 7488.0], [3060.75, 25085.0], [3061.5, 4103.0], [3061.75, 13745.0], [3062.75, 56.0], [3063.0, 31419.0], [3063.25, 114980.0], [3064.75, 49800.0], [3065.5, 400.0], [3066.0, 40000.0], [3067.5, 51130.0], [3067.75, 180000.0], [3072.25, 40000.0], [3072.75, 92022.0], [3073.75, 77210.0], [3075.0, 1114.0]]}}}
{"jsonrpc": "2.0", "method": "subscription", "params": {"channel": "book.ETH-5DEC25.none.20.100ms", "data": {"timestamp": 1764361580753, "change_id": 99245147115, "instrument_name": "ETH-5DEC25", "bids": [[3056.0, 648.0], [3055.75, 9587.0], [3055.5, 13698.0], [3055.0, 16.0], [3053.25, 7323.0], [3053.0, 24497.0], [3052.25, 4116.0], [3052.0, 13789.0], [3051.25, 292.0], [3051.0, 1114.0], [3050.0, 6483.0], [3049.75, 22288.0], [3049.5, 29870.0], [3049.25, 90000.0], [3048.5, 25577.0], [3047.25, 40000.0], [3047.0, 400.0], [3044.25, 49182.0], [3044.0, 21121.0], [3043.75, 49905.0]], "asks": [[3056.75, 6411.0], [3057.0, 1547.0], [3057.25, 1497.0], [3060.25, 502.0], [3060.5, 7488.0], [3060.75, 25085.0], [3061.5, 4103.0], [3061.75, 13745.0], [3062.75, 56.0], [3063.0, 31419.0], [3063.25, 114980.0], [3064.75, 49800.0], [3065.5, 400.0], [3066.0, 40000.0], [3067.5, 51130.0], [3067.75, 180000.0], [3072.25, 40000.0], [3072.5, 183.0], [3072.75, 92022.0], [3073.75, 77210.0]]}}}
{"jsonrpc": "2.0", "method": "subscription", "params": {"channel": "book.ETH-12DEC25.none.20.100ms", "data": {"timestamp": 1764361581631, "change_id": 99245147916, "instrument_name": "ETH-12DEC25", "bids": [[3058.5, 1250.0], [3058.25, 2182.0], [3058.0, 13662.0], [3057.75, 4784.0], [3056.0, 1849.0], [3055.75, 6193.0], [3054.5, 1833.0], [3054.25, 6103.0], [3054.0, 4262.0], [3053.75, 14278.0], [3052.75, 1663.0], [3052.5, 5617.0], [3052.25, 22395.0], [3052.0, 90000.0], [3050.5, 5323.0], [3050.25, 17831.0], [3050.0, 10813.0], [3049.75, 40000.0], [3049.25, 19071.0], [3044.25, 74130.0]], "asks": [[3059.0, 4784.0], [3059.5, 253.0], [3059.75, 1250.0], [3061.0, 19.0], [3062.0, 19.0], [3063.0, 32.0], [3063.25, 7255.0], [3063.5, 29154.0], [3063.75, 14074.0], [3065.0, 19.0], [3065.75, 22897.0], [3066.0, 90019.0], [3067.75, 36380.0], [3068.0, 19.0], [3068.5, 40000.0], [3069.0, 19.0], [3070.5, 37922.0], [3071.0, 37799.0], [3073.0, 19.0], [3073.75, 183.0]]}}}
{"jsonrpc": "2.0", "method": "subscription", "params": {"channel": "book.ETH-5DEC25.none.20.100ms", "data": {"timestamp": 1764361581881, "change_id": 99245148254, "instrument_name": "ETH-5DEC25", "bids": [[3056.0, 724.0], [3055.75, 9587.0], [3055.5, 13698.0], [3055.0, 16.0], [3053.25, 7323.0], [3053.0, 24497.0], [3052.25, 4116.0], [3052.0, 13789.0], [3051.25, 292.0], [3051.0, 1114.0], [3050.0, 6483.0], [3049.75, 22288.0], [3049.5, 29870.0], [3049.25, 90000.0], [3048.5, 25577.0], [3047.25, 40000.0], [3047.0, 400.0], [3044.25, 49182.0], [3044.0, 21121.0], [3043.75, 49905.0]], "asks": [[3056.75, 6411.0], [3057.0, 1547.0], [3057.25, 1497.0], [3060.25, 502.0], [3060.5, 7488.0], [3060.75, 25085.0], [3061.5, 4103.0], [3061.75, 13745.0], [3062.75, 56.0], [3063.0, 31419.0], [3063.25, 114980.0], [3064.75, 49800.0], [3065.5, 400.0], [3066.0, 40000.0], [3067.5, 51130.0], [3067.75, 180000.0], [3072.25, 40000.0], [3072.5, 183.0], [3072.75, 92022.0], [3073.75, 77210.0]]}}}
{"jsonrpc": "2.0", "method": "subscription", "params": {"channel": "book.ETH-5DEC25.none.20.100ms", "data": {"timestamp": 1764361582311, "change_id": 99245148509, "instrument_name": "ETH-5DEC25", "bids": [[3056.0, 724.0], [3055.75, 9587.0], [3055.5, 13698.0], [3055.0, 16.0], [3053.25, 11.0], [3053.0, 2.0], [3052.75, 7312.0], [3052.5, 24495.0], [3052.25, 4116.0], [3052.0, 13789.0], [3051.25, 292.0], [3051.0, 1114.0], [3050.0, 6483.0], [3049.75, 22288.0], [3049.5, 29870.0], [3049.25, 90000.0], [3048.5, 25577.0], [3047.25, 40000.0], [3047.0, 400.0], [3044.25, 49182.0]], "asks": [[3056.75, 6411.0], [3057.0, 1547.0], [3057.25, 1497.0], [3060.25, 502.0], [3060.5, 7488.0], [3060.75, 25085.0], [3061.5, 4103.0], [3061.75, 13745.0], [3062.75, 56.0], [3063.0, 31419.0], [3063.25, 114980.0], [3064.75, 49800.0], [3065.5, 400.0], [3066.0, 40000.0], [3067.5, 51130.0], [3067.75, 180000.0], [3072.25, 40000.0], [3072.5, 183.0], [3072.75, 92022.0], [3073.75, 77210.0]]}}}
{"jsonrpc": "2.0", "method": "subscription", "params": {"channel": "book.ETH-5DEC25.none.20.100ms", "data": {"timestamp": 1764361582659, "change_id": 99245148864, "instrument_name": "ETH-5DEC25", "bids": [[3056.0, 724.0], [3055.75, 10887.0], [3055.5, 13698.0], [3055.0, 16.0], [3053.25, 11.0], [3053.0, 2.0], [3052.75, 7312.0], [3052.5, 24495.0], [3052.25, 4116.0], [3052.0, 13789.0], [3051.25, 292.0], [3051.0, 1114.0], [3050.0, 6483.0], [3049.75, 22288.0], [3049.5, 29870.0], [3049.25, 90000.0], [3048.5, 25577.0], [3047.25, 40000.0], [3047.0, 400.0], [3044.25, 49182.0]], "asks": [[3056.75, 6411.0], [3057.0, 1547.0], [3057.25, 1497.0], [3060.25, 502.0], [3060.5, 7488.0], [3060.75, 25085.0], [3061.5, 4103.0], [3061.75, 13745.0], [3062.75, 56.0], [3063.0, 31419.0], [3063.25, 114980.0], [3064.75, 49800.0], [3065.5, 400.0], [3066.0, 40000.0], [3067.5, 51130.0], [3067.75, 180000.0], [3072.25, 40000.0], [3072.5, 183.0], [3072.75, 92022.0], [3073.75, 77210.0]]}}}
{"jsonrpc": "2.0", "method": "subscription", "params": {"channel": "book.ETH-5DEC25.none.20.100ms", "data": {"timestamp": 1764361582932, "change_id": 99245149210, "instrument_name": "ETH-5DEC25", "bids": [[3056.0, 583.0], [3055.75, 9587.0], [3055.5, 13698.0], [3055.0, 16.0], [3053.25, 11.0], [3053.0, 2.0], [3052.75, 7312.0], [3052.5, 24495.0], [3052.25, 4116.0], [3052.0, 13789.0], [3051.25, 292.0], [3051.0, 1114.0], [3050.0, 6483.0], [3049.75, 22288.0], [3049.5, 29870.0], [3049.25, 90000.0], [3048.5, 25577.0], [3047.25, 40000.0], [3047.0, 400.0], [3044.25, 49182.0]], "asks": [[3056.75, 6411.0], [3057.0, 1547.0], [3057.25, 1497.0], [3060.25, 502.0], [3060.5, 7488.0], [3060.75, 25085.0], [3061.5, 4103.0], [3061.75, 13745.0], [3062.75, 56.0], [3063.0, 31419.0], [3063.25, 114980.0], [3064.75, 49800.0], [3065.5, 400.0], [3066.0, 40000.0], [3067.5, 51130.0], [3067.75, 180000.0], [3072.25, 40000.0], [3072.5, 183.0], [3072.75, 92022.0], [3073.75, 77210.0]]}}}
{"jsonrpc": "2.0", "method": "subscription", "params": {"channel": "book.ETH-12DEC25.none.20.100ms", "data": {"timestamp": 1764361583289, "change_id": 99245149388, "instrument_name": "ETH-12DEC25", "bids": [[3058.5, 1250.0], [3058.25, 2182.0], [3058.0, 13662.0], [3057.75, 4784.0], [3056.5, 1848.0], [3056.25, 6191.0], [3055.75, 2.0], [3054.5, 1833.0], [3054.25, 6103.0], [3054.0, 4262.0], [3053.75, 14278.0], [3052.75, 1663.0], [3052.5, 5617.0], [3052.25, 22395.0], [3052.0, 90000.0], [3050.5, 5323.0], [3050.25, 17831.0], [3050.0, 10813.0], [3049.75, 40000.0], [3049.25, 19071.0]], "asks": [[3058.75, 4784.0], [3059.5, 253.0], [3059.75, 1250.0], [3061.0, 19.0], [3062.0, 19.0], [3063.0, 32.0], [3063.25, 7255.0], [3063.5, 29154.0], [3063.75, 14074.0], [3065.0, 19.0], [3065.75, 22897.0], [3066.0, 90019.0], [3067.75, 36380.0], [3068.0, 19.0], [3068.5, 40000.0], [3069.0, 19.0], [3070.5, 37922.0], [3071.0, 37799.0], [3073.0, 19.0], [3073.75, 183.0]]}}}
{"jsonrpc": "2.0", "method": "subscription", "params": {"channel": "book.ETH-5DEC25.none.20.100ms", "data": {"timestamp": 1764361583314, "change_id": 99245149562, "instrument_name": "ETH-5DEC25", "bids": [[3056.0, 247.0], [3055.75, 4739.0], [3055.5, 18546.0], [3055.0, 16.0], [3053.25, 11.0], [3053.0, 2.0], [3052.75, 7312.0], [3052.5, 24495.0], [3052.25, 4116.0], [3052.0, 13789.0], [3051.25, 292.0], [3051.0, 1114.0], [3050.0, 6483.0], [3049.75, 22288.0], [3049.5, 29870.0], [3049.25, 90000.0], [3048.5, 25577.0], [3047.25, 40000.0], [3047.0, 400.0], [3044.25, 49182.0]], "asks": [[3056.5, 247.0], [3056.75, 6411.0], [3057.0, 1547.0], [3057.25, 1497.0], [3060.25, 502.0], [3060.5, 7488.0], [3060.75, 25085.0], [3061.5, 4103.0], [3061.75, 13745.0], [3062.75, 56.0], [3063.0, 31419.0], [3063.25, 114980.0], [3064.75, 49800.0], [3065.5, 400.0], [3066.0, 40000.0], [3067.5, 51130.0], [3067.75, 180000.0], [3072.25, 40000.0], [3072.5, 183.0], [3072.75, 92022.0]]}}}
{"jsonrpc": "2.0", "method": "subscription", "params": {"channel": "book.ETH-12DEC25.none.20.100ms", "data": {"timestamp": 1764361583705, "change_id": 99245153124, "instrument_name": "ETH-12DEC25", "bids": [[3052.5, 922.0], [3048.25, 13646.0], [3044.25, 74130.0], [3043.5, 220000.0], [3041.25, 37975.0], [3035.75, 40000.0], [3031.75, 37040.0], [3029.5, 25651.0], [3020.0, 270000.0], [3016.0, 6.0], [3014.75, 25083.0], [3013.0, 6.0], [3011.0, 6.0], [3009.0, 9.0], [3008.0, 9.0], [3006.0, 9.0], [3003.0, 9.0], [2996.25, 24362.0], [2980.25, 12450.0]], "asks": [[3058.75, 4784.0], [3059.75, 1250.0], [3060.0, 14315.0], [3061.0, 19.0], [3062.0, 19.0], [3063.0, 19.0], [3063.5, 6255.0], [3065.0, 19.0], [3065.75, 18698.0], [3066.0, 90019.0], [3067.75, 36380.0], [3068.0, 19.0], [3068.5, 40000.0], [3069.0, 19.0], [3070.5, 37922.0], [3071.0, 37799.0], [3073.0, 19.0], [3074.0, 180000.0], [3074.75, 40000.0], [3076.0, 19.0]]}}}
{"jsonrpc": "2.0", "method": "subscription", "params": {"channel": "book.ETH-5DEC25.none.20.100ms", "data": {"timestamp": 1764361583663, "change_id": 99245153141, "instrument_name": "ETH-5DEC25", "bids": [[3053.0, 1300.0], [3052.75, 1300.0], [3049.5, 29870.0], [3049.25, 90000.0], [3048.25, 16.0], [3046.5, 4164.0], [3046.25, 13951.0], [3044.5, 14681.0], [3044.25, 49182.0], [3043.75, 49905.0], [3042.25, 180000.0], [3041.75, 40000.0], [3039.5, 72977.0], [3038.5, 40000.0], [3035.0, 100.0], [3031.75, 73527.0], [3022.5, 48615.0], [3018.5, 270000.0], [3014.5, 51245.0], [3009.0, 16.0]], "asks": [[3056.25, 1300.0], [3056.5, 3180.0], [3056.75, 16.0], [3057.0, 1300.0], [3057.25, 1250.0], [3058.25, 13728.0], [3060.25, 500.0], [3060.5, 7488.0], [3060.75, 25085.0], [3063.25, 90000.0], [3064.75, 49800.0], [3065.5, 400.0], [3066.0, 40000.0], [3067.5, 51130.0], [3067.75, 180000.0], [3072.25, 40000.0], [3072.75, 92022.0], [3073.75, 77210.0], [3076.5, 40100.0], [3079.5, 49150.0]]}}}
{"jsonrpc": "2.0", "method": "subscription", "params": {"channel": "book.ETH-12DEC25.none.20.100ms", "data": {"timestamp": 1764361583988, "change_id": 99245154944, "instrument_name": "ETH-12DEC25", "bids": [[3054.5, 4784.0], [3048.75, 922.0], [3048.5, 3820.0], [3044.25, 37228.0], [3043.5, 40000.0], [3041.25, 37975.0], [3035.75, 40000.0], [3031.75, 37040.0], [3029.5, 25651.0], [3020.0, 270000.0], [3016.0, 6.0], [3014.75, 25083.0], [3013.0, 6.0], [3011.0, 6.0], [3009.0, 9.0], [3008.0, 9.0], [3006.0, 9.0], [3003.0, 9.0], [2996.25, 24362.0], [2980.25, 12450.0]], "asks": [[3059.75, 1250.0], [3060.0, 14315.0], [3061.0, 19.0], [3062.0, 19.0], [3063.0, 19.0], [3063.5, 6255.0], [3065.0, 19.0], [3066.0, 19.0], [3067.75, 36380.0], [3068.0, 19.0], [3068.5, 40000.0], [3069.0, 19.0], [3070.5, 37922.0], [3071.0, 37799.0], [3073.0, 19.0], [3074.75, 40000.0], [3076.0, 19.0], [3076.25, 36763.0], [3079.0, 40000.0], [3082.25, 25193.0]]}}}
{"jsonrpc": "2.0", "method": "subscription", "params": {"channel": "book.ETH-5DEC25.none.20.100ms", "data": {"timestamp": 1764361583842, "change_id": 99245154904, "instrument_name": "ETH-5DEC25", "bids": [[3053.25, 1300.0], [3053.0, 1300.0], [3052.75, 1300.0], [3052.0, 16.0], [3049.75, 5000.0], [3048.5, 14916.0], [3042.25, 180000.0], [3041.75, 40000.0], [3041.5, 400.0], [3038.5, 40000.0], [3033.25, 100.0], [3031.75, 73527.0], [3022.5, 48615.0], [3018.5, 270000.0], [3014.5, 51245.0], [3009.0, 16.0], [3008.0, 16.0], [3007.75, 49462.0], [3006.0, 16.0], [3005.0, 16.0]], "asks": [[3054.75, 16.0], [3056.0, 7.0], [3056.25, 1300.0], [3056.5, 1320.0], [3057.0, 1300.0], [3057.25, 1250.0], [3058.25, 13728.0], [3060.25, 500.0], [3060.75, 25085.0], [3062.75, 400.0], [3064.75, 49800.0], [3066.0, 40000.0], [3066.25, 24980.0], [3067.5, 51130.0], [3067.75, 180000.0], [3072.25, 40000.0], [3072.75, 92022.0], [3073.75, 77210.0], [3074.75, 100.0], [3076.5, 40000.0]]}}}
{"jsonrpc": "2.0", "method": "subscription", "params": {"channel": "book.ETH-12DEC25.none.20.100ms", "data": {"timestamp": 1764361584364, "change_id": 99245156805, "instrument_name": "ETH-12DEC25", "bids": [[3056.0, 561.0], [3055.75, 4784.0], [3054.25, 12616.0], [3052.25, 4463.0], [3052.0, 14950.0], [3049.5, 22019.0], [3049.25, 90000.0], [3048.75, 922.0], [3040.25, 36902.0], [3035.75, 40000.0], [3031.75, 37040.0], [3029.5, 25651.0], [3020.0, 270000.0], [3016.0, 6.0], [3014.75, 25083.0], [3013.0, 6.0], [3011.0, 6.0], [3009.0, 9.0], [3008.0, 9.0], [3006.0, 9.0]], "asks": [[3059.5, 1541.0], [3059.75, 1250.0], [3061.0, 19.0], [3062.0, 19.0], [3063.0, 19.0], [3063.25, 1867.0], [3063.5, 6255.0], [3065.0, 19.0], [3066.0, 19.0], [3067.75, 36380.0], [3068.0, 19.0], [3068.5, 40000.0], [3069.0, 19.0], [3069.5, 180000.0], [3069.75, 18698.0], [3070.5, 37922.0], [3071.0, 37799.0], [3073.0, 19.0], [3074.75, 40000.0], [3076.0, 19.0]]}}}
{"jsonrpc": "2.0", "method": "subscription", "params": {"channel": "book.ETH-5DEC25.none.20.100ms", "data": {"timestamp": 1764361584367, "change_id": 99245156816, "instrument_name": "ETH-5DEC25", "bids": [[3053.5, 1547.0], [3053.25, 1300.0], [3053.0, 1300.0], [3052.75, 1300.0], [3052.5, 16.0], [3050.5, 4378.0], [3050.25, 14668.0], [3049.75, 5000.0], [3044.25, 90000.0], [3042.25, 180000.0], [3041.75, 40000.0], [3041.5, 400.0], [3041.0, 21225.0], [3038.5, 40000.0], [3038.25, 49182.0], [3035.25, 72977.0], [3035.0, 49905.0], [3033.5, 100.0], [3031.75, 73527.0], [3022.5, 48615.0]], "asks": [[3054.25, 247.0], [3054.75, 16.0], [3056.0, 254.0], [3056.25, 1547.0], [3056.5, 1300.0], [3056.75, 247.0], [3057.0, 1547.0], [3057.25, 1250.0], [3060.25, 500.0], [3060.75, 39746.0], [3062.75, 400.0], [3064.75, 49800.0], [3066.0, 40000.0], [3066.25, 24980.0], [3067.5, 51130.0], [3067.75, 180000.0], [3072.25, 40000.0], [3072.75, 92022.0], [3073.75, 77210.0], [3074.75, 100.0]]}}}
{"jsonrpc": "2.0", "method": "subscription", "params": {"channel": "book.ETH-12DEC25.none.20.100ms", "data": {"timestamp": 1764361584680, "change_id": 99245158386, "instrument_name": "ETH-12DEC25", "bids": [[3056.25, 1171.0], [3056.0, 4784.0], [3052.5, 253.0], [3052.25, 5758.0], [3052.0, 16200.0], [3049.5, 26865.0], [3049.25, 90000.0], [3046.25, 40000.0], [3044.75, 180000.0], [3042.5, 37228.0], [3040.0, 40000.0], [3036.25, 36902.0], [3036.0, 37975.0], [3035.75, 40000.0], [3031.75, 37040.0], [3029.5, 25651.0], [3020.0, 270000.0], [3016.0, 6.0], [3014.75, 25083.0], [3013.0, 6.0]], "asks": [[3057.0, 4784.0], [3057.75, 253.0], [3058.0, 1250.0], [3060.5, 16220.0], [3060.75, 90000.0], [3061.0, 19.0], [3062.0, 19.0], [3062.5, 4438.0], [3062.75, 14868.0], [3063.0, 19.0], [3063.25, 1867.0], [3063.5, 6255.0], [3065.0, 19.0], [3066.0, 19.0], [3067.75, 36380.0], [3068.0, 19.0], [3069.0, 19.0], [3069.5, 180000.0], [3069.75, 18698.0], [3070.5, 37922.0]]}}}
{"jsonrpc": "2.0", "method": "subscription", "params": {"channel": "book.ETH-5DEC25.none.20.100ms", "data": {"timestamp": 1764361584689, "change_id": 99245158458, "instrument_name": "ETH-5DEC25", "bids": [[3053.75, 6148.0], [3053.5, 1300.0], [3053.25, 1300.0], [3053.0, 16.0], [3050.25, 14668.0], [3049.25, 1250.0], [3045.0, 400.0], [3044.75, 24495.0], [3044.25, 90000.0], [3042.25, 180000.0], [3041.75, 40000.0], [3041.0, 21225.0], [3039.25, 25577.0], [3038.5, 40000.0], [3038.25, 49182.0], [3035.25, 72977.0], [3035.0, 49905.0], [3034.0, 100.0], [3031.75, 73527.0], [3031.0, 40000.0]], "asks": [[3055.0, 4848.0], [3055.25, 38.0], [3055.5, 1266.0], [3056.25, 1300.0], [3060.25, 500.0], [3060.75, 129746.0], [3062.75, 400.0], [3064.75, 49800.0], [3066.25, 24980.0], [3067.5, 51130.0], [3067.75, 180000.0], [3072.25, 40000.0], [3072.75, 92022.0], [3073.75, 77210.0], [3075.25, 100.0], [3076.5, 40000.0], [3079.5, 49150.0], [3085.5, 83.0], [3092.0, 270000.0], [3093.25, 50727.0]]}}}
{"jsonrpc": "2.0", "method": "subscription", "params": {"channel": "book.ETH-12DEC25.none.20.100ms", "data": {"timestamp": 1764361584981, "change_id": 99245159945, "instrument_name": "ETH-12DEC25", "bids": [[3056.0, 1428.0], [3055.75, 4784.0], [3053.0, 253.0], [3052.75, 1250.0], [3052.5, 253.0], [3052.25, 5758.0], [3052.0, 14950.0], [3049.5, 26865.0], [3049.25, 90000.0], [3046.25, 40000.0], [3044.75, 180000.0], [3042.5, 37228.0], [3040.0, 40000.0], [3036.25, 36902.0], [3036.0, 37975.0], [3035.75, 40000.0], [3031.75, 37040.0], [3029.5, 25651.0], [3020.0, 270000.0], [3016.0, 6.0]], "asks": [[3057.0, 4784.0], [3057.75, 253.0], [3058.0, 1250.0], [3060.5, 16220.0], [3060.75, 90000.0], [3061.0, 19.0], [3062.0, 19.0], [3062.5, 4438.0], [3062.75, 14868.0], [3063.0, 19.0], [3063.25, 1867.0], [3063.5, 6255.0], [3065.0, 19.0], [3065.75, 40000.0], [3066.0, 19.0], [3067.75, 36380.0], [3068.0, 19.0], [3069.0, 19.0], [3069.5, 180000.0], [3069.75, 18698.0]]}}}
{"jsonrpc": "2.0", "method": "subscription", "params": {"channel": "book.ETH-5DEC25.none.20.100ms", "data": {"timestamp": 1764361584849, "change_id": 99245159916, "instrument_name": "ETH-5DEC25", "bids": [[3054.0, 1835.0], [3053.75, 6395.0], [3053.5, 1547.0], [3053.25, 1300.0], [3053.0, 16.0], [3050.5, 4378.0], [3050.25, 14915.0], [3050.0, 1497.0], [3045.25, 40000.0], [3045.0, 400.0], [3044.75, 24495.0], [3044.25, 90000.0], [3042.25, 180000.0], [3041.75, 40000.0], [3041.0, 21225.0], [3039.25, 25577.0], [3038.25, 49182.0], [3035.25, 72977.0], [3035.0, 49905.0], [3034.0, 100.0]], "asks": [[3054.75, 4848.0], [3055.25, 247.0], [3055.5, 1250.0], [3056.0, 247.0], [3056.25, 1300.0], [3060.25, 500.0], [3060.5, 38698.0], [3060.75, 129746.0], [3062.75, 400.0], [3063.25, 40000.0], [3064.75, 49800.0], [3066.25, 24980.0], [3067.5, 51130.0], [3067.75, 180000.0], [3072.25, 40000.0], [3072.75, 92022.0], [3073.75, 77210.0], [3074.75, 100.0], [3076.5, 40000.0], [3079.5, 49150.0]]}}}
{"jsonrpc": "2.0", "method": "subscription", "params": {"channel": "book.ETH-12DEC25.none.20.100ms", "data": {"timestamp": 1764361585267, "change_id": 99245160903, "instrument_name": "ETH-12DEC25", "bids": [[3056.0, 1428.0], [3055.75, 4784.0], [3053.5, 253.0], [3053.25, 1250.0], [3052.5, 253.0], [3052.25, 5758.0], [3052.0, 14950.0], [3049.5, 26865.0], [3049.25, 90000.0], [3046.25, 40000.0], [3044.75, 180000.0], [3042.5, 37228.0], [3040.0, 40000.0], [3036.25, 36902.0], [3036.0, 37975.0], [3035.75, 40000.0], [3031.75, 37040.0], [3029.5, 25651.0], [3020.0, 270000.0], [3016.0, 6.0]], "asks": [[3057.0, 4784.0], [3057.75, 253.0], [3058.0, 1250.0], [3060.5, 16220.0], [3060.75, 90000.0], [3061.0, 19.0], [3062.0, 19.0], [3062.5, 4438.0], [3062.75, 14868.0], [3063.0, 19.0], [3063.25, 1867.0], [3063.5, 6255.0], [3065.0, 19.0], [3065.75, 40000.0], [3066.0, 19.0], [3067.75, 36380.0], [3068.0, 19.0], [3069.0, 19.0], [3069.5, 180000.0], [3069.75, 18698.0]]}}}
{"jsonrpc": "2.0", "method": "subscription", "params": {"channel": "book.ETH-5DEC25.none.20.100ms", "data": {"timestamp": 1764361585325, "change_id": 99245161217, "instrument_name": "ETH-5DEC25", "bids": [[3054.0, 1835.0], [3053.75, 6395.0], [3053.5, 1547.0], [3053.25, 1300.0], [3053.0, 16.0], [3050.75, 247.0], [3050.5, 5628.0], [3050.25, 14668.0], [3045.25, 40000.0], [3045.0, 400.0], [3044.75, 24495.0], [3044.25, 90000.0], [3042.25, 180000.0], [3041.75, 40000.0], [3041.0, 21225.0], [3039.25, 25577.0], [3038.25, 49182.0], [3035.25, 72977.0], [3035.0, 49905.0], [3034.0, 100.0]], "asks": [[3055.0, 5095.0], [3055.25, 1497.0], [3056.0, 247.0], [3056.25, 1300.0], [3060.25, 500.0], [3060.5, 38698.0], [3060.75, 129746.0], [3062.75, 400.0], [3063.25, 40000.0], [3064.75, 49800.0], [3066.25, 24980.0], [3067.5, 51130.0], [3067.75, 180000.0], [3072.25, 40000.0], [3072.75, 92022.0], [3073.75, 77210.0], [3075.0, 100.0], [3076.5, 40000.0], [3079.5, 49150.0], [3085.5, 83.0]]}}}
{"jsonrpc": "2.0", "method": "subscription", "params": {"channel": "book.ETH-5DEC25.none.20.100ms", "data": {"timestamp": 1764361585651, "change_id": 99245161717, "instrument_name": "ETH-5DEC25", "bids": [[3054.0, 1835.0], [3053.75, 6148.0], [3053.5, 247.0], [3053.25, 1300.0], [3053.0, 16.0], [3051.0, 247.0], [3050.75, 1497.0], [3050.5, 4378.0], [3050.25, 14668.0], [3045.25, 40000.0], [3045.0, 400.0], [3044.75, 24495.0], [3044.25, 90000.0], [3042.25, 180000.0], [3041.75, 40000.0], [3041.0, 21225.0], [3039.25, 25577.0], [3038.25, 49182.0], [3035.25, 72977.0], [3035.0, 49905.0]], "asks": [[3054.75, 4848.0], [3055.0, 247.0], [3055.25, 1497.0], [3060.25, 500.0], [3060.5, 11833.0], [3060.75, 39746.0], [3062.75, 400.0], [3063.25, 40000.0], [3064.75, 49800.0], [3066.25, 24980.0], [3067.5, 51130.0], [3067.75, 180000.0], [3072.25, 40000.0], [3072.75, 92022.0], [3073.75, 77210.0], [3074.75, 100.0], [3076.5, 40000.0], [3079.5, 49150.0], [3085.5, 83.0], [3092.0, 270000.0]]}}}
{"jsonrpc": "2.0", "method": "subscription", "params": {"channel": "book.ETH-12DEC25.none.20.100ms", "data": {"timestamp": 1764361585883, "change_id": 99245162118, "instrument_name": "ETH-12DEC25", "bids": [[3056.0, 1428.0], [3055.75, 4784.0], [3054.0, 253.0], [3053.75, 1250.0], [3052.5, 253.0], [3052.25, 5758.0], [3052.0, 14950.0], [3049.5, 26865.0], [3049.25, 90000.0], [3046.25, 40000.0], [3044.75, 180000.0], [3042.5, 37228.0], [3040.0, 40000.0], [3036.25, 36902.0], [3036.0, 37975.0], [3035.75, 40000.0], [3031.75, 37040.0], [3029.5, 25651.0], [3020.0, 270000.0], [3016.0, 6.0]], "asks": [[3057.0, 4784.0], [3057.75, 253.0], [3058.0, 1250.0], [3060.5, 16220.0], [3060.75, 90000.0], [3061.0, 19.0], [3062.0, 19.0], [3062.5, 4438.0], [3062.75, 14868.0], [3063.0, 19.0], [3063.25, 1867.0], [3063.5, 6255.0], [3065.0, 19.0], [3065.75, 40000.0], [3066.0, 19.0], [3067.75, 36380.0], [3068.0, 19.0], [3069.0, 19.0], [3069.5, 180000.0], [3069.75, 18698.0]]}}}
{"jsonrpc": "2.0", "method": "subscription", "params": {"channel": "book.ETH-5DEC25.none.20.100ms", "data": {"timestamp": 1764361585826, "change_id": 99245161925, "instrument_name": "ETH-5DEC25", "bids": [[3054.0, 1835.0], [3053.75, 6148.0], [3053.5, 247.0], [3053.25, 1300.0], [3053.0, 16.0], [3051.25, 247.0], [3051.0, 1497.0], [3050.5, 4378.0], [3050.25, 14668.0], [3045.25, 40000.0], [3045.0, 400.0], [3044.75, 24495.0], [3044.25, 90000.0], [3042.25, 180000.0], [3041.75, 40000.0], [3041.0, 21225.0], [3039.25, 25577.0], [3038.25, 49182.0], [3035.25, 72977.0], [3035.0, 49905.0]], "asks": [[3054.75, 4848.0], [3055.0, 247.0], [3055.25, 1497.0], [3060.25, 500.0], [3060.5, 11833.0], [3060.75, 39746.0], [3062.75, 400.0], [3063.25, 40000.0], [3064.75, 49800.0], [3066.25, 24980.0], [3067.5, 51130.0], [3067.75, 180000.0], [3072.25, 40000.0], [3072.75, 92022.0], [3073.75, 77210.0], [3074.75, 100.0], [3076.5, 40000.0], [3079.5, 49150.0], [3085.5, 83.0], [3092.0, 270000.0]]}}}
{"jsonrpc": "2.0", "method": "subscription", "params": {"channel": "book.ETH-12DEC25.none.20.100ms", "data": {"timestamp": 1764361586115, "change_id": 99245162206, "instrument_name": "ETH-12DEC25", "bids": [[3056.0, 1428.0], [3055.75, 4784.0], [3054.5, 253.0], [3054.25, 1250.0], [3052.5, 253.0], [3052.25, 5758.0], [3052.0, 14950.0], [3049.5, 26865.0], [3049.25, 90000.0], [3046.25, 40000.0], [3044.75, 180000.0], [3042.5, 37228.0], [3040.0, 40000.0], [3036.25, 36902.0], [3036.0, 37975.0], [3035.75, 40000.0], [3031.75, 37040.0], [3029.5, 25651.0], [3020.0, 270000.0], [3016.0, 6.0]], "asks": [[3057.0, 4784.0], [3057.75, 253.0], [3058.0, 1250.0], [3060.5, 16220.0], [3060.75, 90000.0], [3061.0, 19.0], [3062.0, 19.0], [3062.5, 4438.0], [3062.75, 14868.0], [3063.0, 19.0], [3063.25, 1867.0], [3063.5, 6255.0], [3065.0, 19.0], [3065.75, 40000.0], [3066.0, 19.0], [3067.75, 36380.0], [3068.0, 19.0], [3069.0, 19.0], [3069.5, 180000.0], [3069.75, 18698.0]]}}}
{"jsonrpc": "2.0", "method": "subscription", "params": {"channel": "book.ETH-5DEC25.none.20.100ms", "data": {"timestamp": 1764361586279, "change_id": 99245162412, "instrument_name": "ETH-5DEC25", "bids": [[3054.0, 1835.0], [3053.75, 6148.0], [3053.5, 247.0], [3053.25, 1300.0], [3053.0, 16.0], [3052.0, 247.0], [3051.75, 1497.0], [3050.5, 4378.0], [3050.25, 14668.0], [3045.25, 40000.0], [3045.0, 400.0], [3044.75, 24495.0], [3044.25, 90000.0], [3042.25, 180000.0], [3041.75, 40000.0], [3041.0, 21225.0], [3039.25, 25577.0], [3038.25, 49182.0], [3035.25, 72977.0], [3035.0, 49905.0]], "asks": [[3054.75, 4848.0], [3055.0, 247.0], [3055.25, 1497.0], [3060.25, 500.0], [3060.5, 11833.0], [3060.75, 39746.0], [3062.75, 400.0], [3063.25, 40000.0], [3064.75, 49800.0], [3066.25, 24980.0], [3067.5, 51130.0], [3067.75, 180000.0], [3072.25, 40000.0], [3072.75, 92022.0], [3073.75, 77210.0], [3074.75, 100.0], [3076.5, 40000.0], [3079.5, 49150.0], [3085.5, 83.0], [3092.0, 270000.0]]}}}
{"jsonrpc": "2.0", "method": "subscription", "params": {"channel": "book.ETH-12DEC25.none.20.100ms", "data": {"timestamp": 1764361586399, "change_id": 99245162793, "instrument_name": "ETH-12DEC25", "bids": [[3056.0, 1428.0], [3055.75, 4784.0], [3054.75, 253.0], [3054.5, 1250.0], [3052.5, 253.0], [3052.25, 5758.0], [3052.0, 14950.0], [3049.5, 26865.0], [3049.25, 90000.0], [3046.25, 40000.0], [3044.75, 180000.0], [3042.5, 37228.0], [3040.0, 40000.0], [3036.25, 36902.0], [3036.0, 37975.0], [3035.75, 40000.0], [3031.75, 37040.0], [3029.5, 25651.0], [3020.0, 270000.0], [3016.0, 6.0]], "asks": [[3057.0, 4784.0], [3057.5, 253.0], [3057.75, 1250.0], [3060.5, 16220.0], [3060.75, 90000.0], [3061.0, 19.0], [3062.0, 19.0], [3062.5, 4438.0], [3062.75, 14868.0], [3063.0, 19.0], [3063.25, 1867.0], [3063.5, 6255.0], [3065.0, 19.0], [3065.75, 40000.0], [3066.0, 19.0], [3067.75, 36380.0], [3068.0, 19.0], [3069.0, 19.0], [3069.5, 180000.0], [3069.75, 18698.0]]}}}
{"jsonrpc": "2.0", "method": "subscription", "params": {"channel": "book.ETH-5DEC25.none.20.100ms", "data": {"timestamp": 1764361586665, "change_id": 99245163264, "instrument_name": "ETH-5DEC25", "bids": [[3054.0, 1166.0], [3053.75, 6148.0], [3053.5, 247.0], [3053.25, 1300.0], [3053.0, 16.0], [3052.25, 247.0], [3052.0, 1547.0], [3051.75, 1497.0], [3050.5, 4378.0], [3050.25, 14668.0], [3045.25, 40000.0], [3045.0, 400.0], [3044.75, 24495.0], [3044.25, 90000.0], [3042.25, 180000.0], [3041.75, 40000.0], [3041.0, 21225.0], [3039.25, 25577.0], [3038.25, 49182.0], [3035.25, 72977.0]], "asks": [[3054.75, 4848.0], [3055.0, 247.0], [3055.25, 1497.0], [3059.25, 26865.0], [3059.5, 90000.0], [3060.25, 500.0], [3060.5, 11833.0], [3060.75, 39746.0], [3062.75, 400.0], [3063.25, 40000.0], [3064.75, 49800.0], [3066.25, 24980.0], [3067.25, 17831.0], [3067.5, 51130.0], [3067.75, 180000.0], [3072.25, 40000.0], [3072.75, 92022.0], [3073.75, 77210.0], [3074.75, 100.0], [3076.5, 40000.0]]}}}
{"jsonrpc": "2.0", "method": "subscription", "params": {"channel": "book.ETH-12DEC25.none.20.100ms", "data": {"timestamp": 1764361586920, "change_id": 99245163816, "instrument_name": "ETH-12DEC25", "bids": [[3056.0, 1428.0], [3055.75, 4784.0], [3055.0, 253.0], [3054.75, 1250.0], [3052.5, 253.0], [3052.25, 5758.0], [3052.0, 14950.0], [3049.5, 26865.0], [3049.25, 90000.0], [3046.25, 40000.0], [3044.75, 180000.0], [3042.5, 37228.0], [3040.0, 40000.0], [3036.25, 36902.0], [3036.0, 37975.0], [3035.75, 40000.0], [3031.75, 37040.0], [3029.5, 25651.0], [3020.0, 270000.0], [3016.0, 6.0]], "asks": [[3057.0, 4784.0], [3057.5, 253.0], [3057.75, 1250.0], [3060.5, 16220.0], [3060.75, 90000.0], [3061.0, 19.0], [3062.0, 19.0], [3062.5, 4438.0], [3062.75, 14868.0], [3063.0, 19.0], [3063.25, 1867.0], [3063.5, 6255.0], [3065.0, 19.0], [3065.75, 40000.0], [3066.0, 19.0], [3067.75, 36380.0], [3068.0, 19.0], [3069.0, 19.0], [3069.5, 180000.0], [3069.75, 18698.0]]}}}
{"jsonrpc": "2.0", "method": "subscription", "params": {"channel": "book.ETH-5DEC25.none.20.100ms", "data": {"timestamp": 1764361586883, "change_id": 99245163805, "instrument_name": "ETH-5DEC25", "bids": [[3054.0, 1166.0], [3053.75, 6148.0], [3053.5, 247.0], [3053.25, 1300.0], [3053.0, 16.0], [3052.25, 730.0], [3052.0, 2797.0], [3050.5, 4378.0], [3050.25, 14668.0], [3045.25, 40000.0], [3045.0, 400.0], [3044.75, 24495.0], [3044.25, 90000.0], [3042.25, 180000.0], [3041.75, 40000.0], [3041.0, 21225.0], [3039.25, 25577.0], [3038.25, 49182.0], [3035.25, 72977.0], [3035.0, 49905.0]], "asks": [[3054.75, 4848.0], [3055.0, 247.0], [3055.25, 1497.0], [3059.25, 26865.0], [3059.5, 90000.0], [3060.25, 500.0], [3060.5, 11833.0], [3060.75, 39746.0], [3062.75, 4857.0], [3063.25, 40000.0], [3064.75, 49800.0], [3066.25, 24980.0], [3067.25, 17831.0], [3067.5, 51130.0], [3067.75, 180000.0], [3072.25, 40000.0], [3072.75, 92022.0], [3073.75, 77210.0], [3074.75, 100.0], [3076.5, 40000.0]]}}}
{"jsonrpc": "2.0", "method": "subscription", "params": {"channel": "book.ETH-12DEC25.none.20.100ms", "data": {"timestamp": 1764361587293, "change_id": 99245165621, "instrument_name": "ETH-12DEC25", "bids": [[3056.0, 1428.0], [3055.75, 4784.0], [3055.25, 253.0], [3055.0, 1250.0], [3052.5, 253.0], [3052.25, 5758.0], [3052.0, 14950.0], [3049.5, 26865.0], [3049.25, 90000.0], [3046.25, 40000.0], [3044.75, 180000.0], [3042.5, 37228.0], [3040.0, 40000.0], [3036.25, 36902.0], [3036.0, 37975.0], [3035.75, 40000.0], [3031.75, 37040.0], [3029.5, 25651.0], [3020.0, 270000.0], [3016.0, 6.0]], "asks": [[3057.0, 4784.0], [3057.5, 253.0], [3057.75, 1250.0], [3060.5, 16220.0], [3060.75, 90000.0], [3061.0, 19.0], [3062.0, 19.0], [3062.5, 4438.0], [3062.75, 14868.0], [3063.0, 19.0], [3063.25, 1867.0], [3063.5, 6255.0], [3065.0, 19.0], [3065.75, 40000.0], [3066.0, 19.0], [3067.75, 36380.0], [3068.0, 19.0], [3069.0, 19.0], [3069.5, 180000.0], [3069.75, 18698.0]]}}}
{"jsonrpc": "2.0", "method": "subscription", "params": {"channel": "book.ETH-5DEC25.none.20.100ms", "data": {"timestamp": 1764361587290, "change_id": 99245165598, "instrument_name": "ETH-5DEC25", "bids": [[3054.0, 1166.0], [3053.75, 6148.0], [3053.5, 247.0], [3053.25, 1300.0], [3053.0, 16.0], [3052.5, 247.0], [3052.25, 1497.0], [3052.0, 1547.0], [3050.5, 4378.0], [3050.25, 14668.0], [3045.25, 40000.0], [3045.0, 400.0], [3044.75, 24495.0], [3044.25, 90000.0], [3042.25, 180000.0], [3041.75, 40000.0], [3041.0, 21225.0], [3039.25, 25577.0], [3038.25, 49182.0], [3035.25, 72977.0]], "asks": [[3054.75, 4848.0], [3055.0, 247.0], [3055.25, 1497.0], [3059.25, 26865.0], [3059.5, 90000.0], [3060.25, 500.0], [3060.5, 11833.0], [3060.75, 39746.0], [3062.75, 4857.0], [3063.25, 40000.0], [3064.75, 49800.0], [3066.25, 24980.0], [3067.25, 17831.0], [3067.5, 51130.0], [3067.75, 180000.0], [3072.25, 40000.0], [3072.75, 92022.0], [3073.75, 77210.0], [3074.75, 100.0], [3076.5, 40000.0]]}}}
{"jsonrpc": "2.0", "method": "subscription", "params": {"channel": "book.ETH-5DEC25.none.20.100ms", "data": {"timestamp": 1764361587604, "change_id": 99245166423, "instrument_name": "ETH-5DEC25", "bids": [[3054.0, 2466.0], [3053.75, 6148.0], [3053.5, 247.0], [3053.25, 1300.0], [3053.0, 16.0], [3052.75, 1547.0], [3052.5, 1497.0], [3050.5, 4378.0], [3050.25, 14668.0], [3045.5, 45.0], [3045.25, 40000.0], [3045.0, 400.0], [3044.75, 24495.0], [3044.25, 90000.0], [3042.25, 180000.0], [3041.75, 40000.0], [3041.0, 21225.0], [3039.25, 25577.0], [3038.25, 49182.0], [3035.25, 72977.0]], "asks": [[3054.75, 4848.0], [3055.0, 247.0], [3055.25, 1497.0], [3059.25, 26865.0], [3059.5, 90000.0], [3060.25, 500.0], [3060.5, 11833.0], [3060.75, 39746.0], [3062.75, 4857.0], [3063.25, 40000.0], [3064.75, 49800.0], [3066.25, 24980.0], [3067.25, 17831.0], [3067.5, 51130.0], [3067.75, 180000.0], [3072.25, 40000.0], [3072.75, 92022.0], [3073.75, 77210.0], [3074.75, 100.0], [3076.5, 40000.0]]}}}
{"jsonrpc": "2.0", "method": "subscription", "params": {"channel": "book.ETH-12DEC25.none.20.100ms", "data": {"timestamp": 1764361587833, "change_id": 99245166782, "instrument_name": "ETH-12DEC25", "bids": [[3056.0, 1428.0], [3055.75, 4784.0], [3055.5, 253.0], [3055.25, 1250.0], [3052.5, 253.0], [3052.25, 5758.0], [3052.0, 14950.0], [3049.5, 26865.0], [3049.25, 90000.0], [3046.25, 40000.0], [3044.75, 180000.0], [3042.5, 37228.0], [3040.0, 40000.0], [3036.25, 36902.0], [3036.0, 37975.0], [3035.75, 40000.0], [3031.75, 37040.0], [3029.5, 25651.0], [3020.0, 270000.0], [3016.0, 6.0]], "asks": [[3057.0, 4784.0], [3057.5, 253.0], [3057.75, 1250.0], [3060.5, 16220.0], [3060.75, 90000.0], [3061.0, 19.0], [3062.0, 19.0], [3062.5, 4438.0], [3062.75, 14868.0], [3063.0, 19.0], [3063.25, 1867.0], [3063.5, 6255.0], [3065.0, 19.0], [3065.5, 4457.0], [3065.75, 40000.0], [3066.0, 19.0], [3067.75, 36380.0], [3068.0, 19.0], [3069.0, 19.0], [3069.5, 180000.0]]}}}
{"jsonrpc": "2.0", "method": "subscription", "params": {"channel": "book.ETH-5DEC25.none.20.100ms", "data": {"timestamp": 1764361587924, "change_id": 99245166900, "instrument_name": "ETH-5DEC25", "bids": [[3054.0, 2466.0], [3053.75, 6148.0], [3053.5, 247.0], [3053.25, 1300.0], [3053.0, 16.0], [3052.75, 1547.0], [3052.5, 1497.0], [3050.5, 4378.0], [3050.25, 14668.0], [3045.5, 45.0], [3045.25, 40000.0], [3045.0, 400.0], [3044.75, 24495.0], [3044.25, 90000.0], [3042.25, 180000.0], [3041.75, 40000.0], [3041.0, 21225.0], [3039.25, 25577.0], [3038.25, 49182.0], [3035.25, 72977.0]], "asks": [[3054.75, 4848.0], [3055.0, 247.0], [3055.25, 1497.0], [3059.25, 26865.0], [3059.5, 90000.0], [3060.25, 500.0], [3060.5, 11833.0], [3060.75, 39746.0], [3062.75, 4857.0], [3063.25, 40000.0], [3064.75, 49800.0], [3066.25, 24980.0], [3067.25, 17831.0], [3067.5, 51130.0], [3067.75, 180000.0], [3072.25, 40000.0], [3072.75, 92022.0], [3073.75, 77210.0], [3074.75, 100.0], [3076.5, 40000.0]]}}}
{"jsonrpc": "2.0", "method": "subscription", "params": {"channel": "book.ETH-12DEC25.none.20.100ms", "data": {"timestamp": 1764361588339, "change_id": 99245168004, "instrument_name": "ETH-12DEC25", "bids": [[3056.0, 1428.0], [3055.75, 6034.0], [3055.5, 253.0], [3052.5, 253.0], [3052.25, 5758.0], [3052.0, 14950.0], [3049.5, 26865.0], [3049.25, 90000.0], [3046.25, 40000.0], [3044.75, 180000.0], [3042.5, 37228.0], [3040.0, 40000.0], [3036.25, 36902.0], [3036.0, 37975.0], [3035.75, 40000.0], [3031.75, 37040.0], [3029.5, 25651.0], [3020.0, 270000.0], [3016.0, 6.0], [3014.75, 25083.0]], "asks": [[3057.0, 4784.0], [3057.5, 253.0], [3057.75, 1250.0], [3060.5, 16220.0], [3060.75, 90000.0], [3061.0, 19.0], [3062.0, 19.0], [3062.5, 4438.0], [3062.75, 14868.0], [3063.0, 19.0], [3063.25, 1867.0], [3063.5, 6255.0], [3065.0, 19.0], [3065.5, 4457.0], [3065.75, 40000.0], [3066.0, 19.0], [3067.75, 36380.0], [3068.0, 19.0], [3069.0, 19.0], [3069.5, 180000.0]]}}}
{"jsonrpc": "2.0", "method": "subscription", "params": {"channel": "book.ETH-5DEC25.none.20.100ms", "data": {"timestamp": 1764361588337, "change_id": 99245168002, "instrument_name": "ETH-5DEC25", "bids": [[3054.0, 1166.0], [3053.75, 6148.0], [3053.5, 247.0], [3053.25, 1300.0], [3053.0, 1266.0], [3052.75, 1547.0], [3052.5, 247.0], [3050.5, 4378.0], [3050.25, 14668.0], [3045.5, 45.0], [3045.25, 40000.0], [3045.0, 400.0], [3044.75, 24495.0], [3044.5, 4457.0], [3044.25, 90000.0], [3042.5, 17831.0], [3042.25, 180000.0], [3041.75, 40000.0], [3041.0, 21225.0], [3039.25, 25577.0]], "asks": [[3054.75, 4848.0], [3055.0, 247.0], [3055.25, 1497.0], [3059.25, 26865.0], [3059.5, 90000.0], [3060.25, 500.0], [3060.5, 11833.0], [3060.75, 39746.0], [3062.75, 4857.0], [3063.25, 40000.0], [3064.75, 49800.0], [3066.25, 24980.0], [3067.25, 17831.0], [3067.5, 51130.0], [3067.75, 180000.0], [3072.25, 40000.0], [3072.75, 92022.0], [3073.75, 77210.0], [3074.75, 100.0], [3076.5, 40000.0]]}}}
{"jsonrpc": "2.0", "method": "subscription", "params": {"channel": "book.ETH-12DEC25.none.20.100ms", "data": {"timestamp": 1764361588340, "change_id": 99245168008, "instrument_name": "ETH-12DEC25", "bids": [[3056.0, 1428.0], [3055.75, 6034.0], [3052.5, 253.0], [3052.25, 5758.0], [3052.0, 14950.0], [3049.5, 26865.0], [3049.25, 90000.0], [3046.25, 40000.0], [3044.75, 180000.0], [3042.5, 37228.0], [3040.0, 40000.0], [3036.25, 36902.0], [3036.0, 37975.0], [3035.75, 40000.0], [3031.75, 37040.0], [3029.5, 25651.0], [3020.0, 270000.0], [3016.0, 6.0], [3014.75, 25083.0], [3013.0, 6.0]], "asks": [[3057.0, 4784.0], [3057.5, 253.0], [3057.75, 1250.0], [3060.5, 16220.0], [3060.75, 90000.0], [3061.0, 19.0], [3062.0, 19.0], [3062.5, 4438.0], [3062.75, 14868.0], [3063.0, 19.0], [3063.25, 1867.0], [3063.5, 6255.0], [3065.0, 19.0], [3065.5, 4457.0], [3065.75, 40000.0], [3066.0, 19.0], [3067.75, 36380.0], [3068.0, 19.0], [3069.0, 19.0], [3069.5, 180000.0]]}}}
{"jsonrpc": "2.0", "method": "subscription", "params": {"channel": "book.ETH-5DEC25.none.20.100ms", "data": {"timestamp": 1764361588579, "change_id": 99245168306, "instrument_name": "ETH-5DEC25", "bids": [[3054.0, 1166.0], [3053.75, 6148.0], [3053.5, 247.0], [3053.25, 1300.0], [3053.0, 1266.0], [3050.5, 4378.0], [3050.25, 14668.0], [3045.5, 11985.0], [3045.25, 40000.0], [3045.0, 400.0], [3044.75, 24495.0], [3044.5, 4457.0], [3044.25, 90000.0], [3042.5, 17831.0], [3042.25, 180000.0], [3041.75, 40000.0], [3041.0, 21225.0], [3039.25, 25577.0], [3038.25, 49182.0], [3035.25, 72977.0]], "asks": [[3054.75, 4848.0], [3055.0, 247.0], [3055.25, 1497.0], [3059.25, 26865.0], [3059.5, 90000.0], [3060.25, 500.0], [3060.5, 11833.0], [3060.75, 39746.0], [3062.75, 4857.0], [3063.25, 40000.0], [3064.75, 49800.0], [3066.25, 24980.0], [3067.25, 17831.0], [3067.5, 51130.0], [3067.75, 180000.0], [3072.25, 40000.0], [3072.75, 92022.0], [3073.75, 77210.0], [3074.75, 100.0], [3076.5, 40000.0]]}}}
{"jsonrpc": "2.0", "method": "subscription", "params": {"channel": "book.ETH-12DEC25.none.20.100ms", "data": {"timestamp": 1764361588773, "change_id": 99245168658, "instrument_name": "ETH-12DEC25", "bids": [[3056.0, 1428.0], [3055.75, 6034.0], [3052.5, 253.0], [3052.25, 5758.0], [3052.0, 14950.0], [3049.5, 26865.0], [3049.25, 90000.0], [3046.25, 40000.0], [3044.75, 180000.0], [3042.5, 37228.0], [3040.0, 40000.0], [3036.25, 36902.0], [3036.0, 37975.0], [3035.75, 40000.0], [3031.75, 37040.0], [3029.5, 25651.0], [3020.0, 270000.0], [3016.0, 6.0], [3014.75, 25083.0], [3013.0, 6.0]], "asks": [[3056.75, 4784.0], [3057.5, 253.0], [3057.75, 1250.0], [3060.5, 16220.0], [3060.75, 90000.0], [3061.0, 19.0], [3062.0, 19.0], [3062.5, 4438.0], [3062.75, 14868.0], [3063.0, 19.0], [3063.25, 1867.0], [3063.5, 6255.0], [3065.0, 19.0], [3065.5, 4457.0], [3065.75, 40000.0], [3066.0, 19.0], [3067.5, 17831.0], [3067.75, 36380.0], [3068.0, 19.0], [3069.0, 19.0]]}}}
{"jsonrpc": "2.0", "method": "subscription", "params": {"channel": "book.ETH-5DEC25.none.20.100ms", "data": {"timestamp": 1764361588840, "change_id": 99245168787, "instrument_name": "ETH-5DEC25", "bids": [[3054.0, 247.0], [3053.75, 2747.0], [3053.5, 5578.0], [3053.25, 2550.0], [3053.0, 16.0], [3050.5, 4378.0], [3050.25, 14668.0], [3045.5, 11996.0], [3045.25, 40000.0], [3045.0, 400.0], [3044.75, 24495.0], [3044.5, 4457.0], [3044.25, 90000.0], [3042.5, 17831.0], [3042.25, 180000.0], [3041.75, 40000.0], [3041.0, 21225.0], [3039.25, 25577.0], [3038.25, 49182.0], [3035.25, 72977.0]], "asks": [[3054.75, 4848.0], [3055.0, 247.0], [3055.25, 1497.0], [3059.25, 26865.0], [3059.5, 90000.0], [3060.0, 482.0], [3060.25, 1614.0], [3060.5, 11833.0], [3060.75, 39746.0], [3062.75, 4857.0], [3063.25, 40000.0], [3064.75, 49800.0], [3066.25, 24980.0], [3067.25, 17831.0], [3067.5, 51130.0], [3067.75, 180000.0], [3072.25, 40000.0], [3072.75, 92022.0], [3073.75, 77210.0], [3074.75, 100.0]]}}}
{"jsonrpc": "2.0", "method": "subscription", "params": {"channel": "book.ETH-5DEC25.none.20.100ms", "data": {"timestamp": 1764361589327, "change_id": 99245169563, "instrument_name": "ETH-5DEC25", "bids": [[3054.0, 247.0], [3053.75, 2747.0], [3053.5, 6878.0], [3053.25, 2550.0], [3053.0, 16.0], [3050.5, 4378.0], [3050.25, 14668.0], [3045.5, 11996.0], [3045.25, 40000.0], [3045.0, 400.0], [3044.75, 24495.0], [3044.5, 4457.0], [3044.25, 90000.0], [3042.5, 17831.0], [3042.25, 180000.0], [3041.75, 40000.0], [3041.0, 21225.0], [3039.25, 25577.0], [3038.25, 49182.0], [3035.25, 72977.0]], "asks": [[3054.75, 4848.0], [3055.0, 247.0], [3055.25, 1497.0], [3059.25, 26865.0], [3059.5, 90000.0], [3060.0, 482.0], [3060.25, 1614.0], [3060.5, 11833.0], [3060.75, 39746.0], [3062.75, 4857.0], [3063.25, 40000.0], [3064.75, 49800.0], [3066.25, 24980.0], [3067.25, 17831.0], [3067.5, 51130.0], [3067.75, 180000.0], [3072.25, 40000.0], [3072.75, 92022.0], [3073.75, 77210.0], [3074.75, 100.0]]}}}
{"jsonrpc": "2.0", "method": "subscription", "params": {"channel": "book.ETH-12DEC25.none.20.100ms", "data": {"timestamp": 1764361589616, "change_id": 99245169808, "instrument_name": "ETH-12DEC25", "bids": [[3056.25, 253.0], [3056.0, 2678.0], [3055.75, 4784.0], [3052.5, 253.0], [3052.25, 5758.0], [3052.0, 14950.0], [3049.5, 26865.0], [3049.25, 90000.0], [3046.25, 40000.0], [3044.75, 180000.0], [3042.5, 37228.0], [3040.0, 40000.0], [3036.25, 36902.0], [3036.0, 37975.0], [3035.75, 40000.0], [3031.75, 37040.0], [3029.5, 25651.0], [3020.0, 270000.0], [3016.0, 6.0], [3014.75, 25083.0]], "asks": [[3057.0, 4784.0], [3057.5, 253.0], [3057.75, 1250.0], [3060.5, 16220.0], [3060.75, 90000.0], [3061.0, 19.0], [3062.0, 19.0], [3062.5, 4438.0], [3062.75, 14868.0], [3063.0, 19.0], [3063.25, 1867.0], [3063.5, 6255.0], [3065.0, 19.0], [3065.5, 4457.0], [3065.75, 40000.0], [3066.0, 19.0], [3067.5, 17831.0], [3067.75, 36380.0], [3068.0, 19.0], [3069.0, 19.0]]}}}
{"jsonrpc": "2.0", "method": "subscription", "params": {"channel": "book.ETH-12DEC25.none.20.100ms", "data": {"timestamp": 1764361589947, "change_id": 99245170195, "instrument_name": "ETH-12DEC25", "bids": [[3056.5, 253.0], [3056.25, 1250.0], [3056.0, 1428.0], [3055.75, 4784.0], [3052.5, 253.0], [3052.25, 5758.0], [3052.0, 14950.0], [3049.5, 26865.0], [3049.25, 90000.0], [3046.25, 40000.0], [3044.75, 180000.0], [3042.5, 37228.0], [3040.0, 40000.0], [3036.25, 36902.0], [3036.0, 37975.0], [3035.75, 40000.0], [3031.75, 37040.0], [3029.5, 25651.0], [3020.0, 270000.0], [3016.0, 6.0]], "asks": [[3057.0, 4784.0], [3057.5, 253.0], [3057.75, 1250.0], [3060.5, 16220.0], [3060.75, 90000.0], [3061.0, 19.0], [3062.0, 19.0], [3062.5, 4438.0], [3062.75, 14868.0], [3063.0, 19.0], [3063.25, 1867.0], [3063.5, 6255.0], [3065.0, 19.0], [3065.5, 4457.0], [3065.75, 40000.0], [3066.0, 19.0], [3067.5, 17831.0], [3067.75, 36380.0], [3068.0, 19.0], [3069.0, 19.0]]}}}
{"jsonrpc": "2.0", "method": "subscription", "params": {"channel": "book.ETH-5DEC25.none.20.100ms", "data": {"timestamp": 1764361589976, "change_id": 99245170204, "instrument_name": "ETH-5DEC25", "bids": [[3054.0, 730.0], [3053.75, 3997.0], [3053.5, 6395.0], [3053.25, 1300.0], [3053.0, 16.0], [3050.5, 4378.0], [3050.25, 14668.0], [3045.5, 11996.0], [3045.25, 40000.0], [3045.0, 400.0], [3044.75, 24495.0], [3044.5, 4457.0], [3044.25, 90000.0], [3042.5, 17831.0], [3042.25, 180000.0], [3041.75, 40000.0], [3041.0, 21225.0], [3039.25, 25577.0], [3038.25, 49182.0], [3035.25, 72977.0]], "asks": [[3054.75, 4848.0], [3055.0, 247.0], [3055.25, 1497.0], [3059.25, 26865.0], [3059.5, 90000.0], [3060.0, 482.0], [3060.25, 1614.0], [3060.5, 11833.0], [3060.75, 39746.0], [3062.75, 4857.0], [3063.25, 40000.0], [3064.75, 49800.0], [3066.25, 24980.0], [3067.25, 17831.0], [3067.5, 51130.0], [3067.75, 180000.0], [3072.25, 40000.0], [3072.75, 92022.0], [3073.75, 77210.0], [3074.75, 100.0]]}}}
{"jsonrpc": "2.0", "method": "subscription", "params": {"channel": "book.ETH-12DEC25.none.20.100ms", "data": {"timestamp": 1764361590188, "change_id": 99245170474, "instrument_name": "ETH-12DEC25", "bids": [[3056.5, 1250.0], [3056.0, 1428.0], [3055.75, 4784.0], [3052.5, 253.0], [3052.25, 5758.0], [3052.0, 14950.0], [3049.5, 26865.0], [3049.25, 90000.0], [3046.25, 40000.0], [3044.75, 180000.0], [3042.5, 37228.0], [3040.0, 40000.0], [3036.25, 36902.0], [3036.0, 37975.0], [3035.75, 40000.0], [3031.75, 37040.0], [3029.5, 25651.0], [3020.0, 270000.0], [3016.0, 6.0], [3014.75, 25083.0]], "asks": [[3057.0, 4784.0], [3057.5, 253.0], [3057.75, 1250.0], [3060.0, 253.0], [3060.25, 1114.0], [3060.5, 16220.0], [3060.75, 90000.0], [3061.0, 19.0], [3062.0, 19.0], [3062.5, 4438.0], [3062.75, 14868.0], [3063.0, 19.0], [3063.25, 1867.0], [3063.5, 6255.0], [3065.0, 19.0], [3065.5, 4457.0], [3065.75, 40000.0], [3066.0, 19.0], [3067.5, 17831.0], [3067.75, 36380.0]]}}}
{"jsonrpc": "2.0", "method": "subscription", "params": {"channel": "book.ETH-12DEC25.none.20.100ms", "data": {"timestamp": 1764361590584, "change_id": 99245171296, "instrument_name": "ETH-12DEC25", "bids": [[3056.25, 1250.0], [3055.75, 1428.0], [3055.5, 4784.0], [3052.5, 253.0], [3052.25, 5758.0], [3052.0, 14950.0], [3049.5, 26865.0], [3049.25, 90000.0], [3046.25, 40000.0], [3044.75, 180000.0], [3042.5, 37228.0], [3040.0, 40000.0], [3036.25, 36902.0], [3036.0, 37975.0], [3035.75, 40000.0], [3031.75, 37040.0], [3029.5, 25651.0], [3020.0, 270000.0], [3016.0, 6.0], [3014.75, 25083.0]], "asks": [[3056.75, 4784.0], [3057.5, 253.0], [3057.75, 1250.0], [3060.0, 253.0], [3060.25, 1114.0], [3060.5, 16220.0], [3060.75, 90000.0], [3061.0, 19.0], [3062.0, 19.0], [3062.5, 4438.0], [3062.75, 14868.0], [3063.0, 19.0], [3063.25, 1867.0], [3063.5, 6255.0], [3065.0, 19.0], [3065.5, 4457.0], [3065.75, 40000.0], [3066.0, 19.0], [3067.5, 17831.0], [3067.75, 36380.0]]}}}
