{"jsonrpc": "2.0", "method": "subscription", "params": {"channel": "book.ETH-15AUG25.none.20.100ms", "data": {"timestamp": 1754944665237, "change_id": 80864436703, "instrument_name": "ETH-15AUG25", "bids": [[4249.75, 1000.0], [4249.5, 160.0], [4249.0, 13154.0], [4248.75, 9428.0], [4248.5, 1350.0], [4248.25, 1165.0], [4248.0, 350.0], [4247.75, 1165.0], [4247.5, 684.0], [4247.25, 2280.0], [4247.0, 337.0], [4246.75, 2322.0], [4246.5, 4335.0], [4246.25, 347.0], [4246.0, 1157.0], [4245.75, 346.0], [4245.5, 1153.0], [4245.0, 344.0], [4244.75, 4248.0], [4244.5, 10679.0]], "asks": [[4250.0, 1840.0], [4250.25, 53777.0], [4250.5, 4004.0], [4250.75, 10892.0], [4251.0, 2000.0], [4251.25, 347.0], [4251.5, 1456.0], [4251.75, 2112.0], [4252.0, 4157.0], [4252.25, 9953.0], [4252.5, 29174.0], [4252.75, 12257.0], [4253.0, 339.0], [4253.25, 1130.0], [4253.5, 351.0], [4253.75, 1169.0], [4254.0, 3401.0], [4254.25, 11336.0], [4254.5, 337.0], [4254.75, 2323.0]]}}}
{"jsonrpc": "2.0", "method": "subscription", "params": {"channel": "book.ETH-22AUG25.none.20.100ms", "data": {"timestamp": 1754944665278, "change_id": 80864436802, "instrument_name": "ETH-22AUG25", "bids": [[4258.0, 1160.0], [4257.75, 13111.0], [4257.5, 7500.0], [4257.0, 570.0], [4256.75, 2470.0], [4256.5, 2807.0], [4256.25, 6261.0], [4256.0, 10000.0], [4255.75, 408.0], [4255.5, 1361.0], [4255.25, 408.0], [4255.0, 3271.0], [4254.75, 14040.0], [4254.5, 20399.0], [4254.25, 1331.0], [4254.0, 397.0], [4253.75, 1323.0], [4253.5, 411.0], [4253.25, 1370.0], [4252.75, 406.0]], "asks": [[4258.75, 573.0], [4259.0, 3908.0], [4259.25, 7470.0], [4259.5, 2470.0], [4259.75, 2473.0], [4260.0, 7493.0], [4260.25, 20789.0], [4260.5, 1900.0], [4260.75, 409.0], [4261.0, 1362.0], [4261.25, 401.0], [4261.5, 8835.0], [4261.75, 763.0], [4262.0, 2544.0], [4262.25, 2214.0], [4262.5, 7546.0], [4262.75, 8983.0], [4263.0, 31151.0], [4263.25, 395.0], [4263.5, 1318.0]]}}}
{"jsonrpc": "2.0", "method": "subscription", "params": {"channel": "book.ETH-15AUG25.none.20.100ms", "data": {"timestamp": 1754944665330, "change_id": 80864436819, "instrument_name": "ETH-15AUG25", "bids": [[4249.75, 1000.0], [4249.5, 160.0], [4249.0, 13154.0], [4248.75, 9428.0], [4248.5, 1350.0], [4248.25, 1165.0], [4248.0, 350.0], [4247.75, 1165.0], [4247.5, 684.0], [4247.25, 2280.0], [4247.0, 337.0], [4246.75, 2322.0], [4246.5, 4335.0], [4246.25, 347.0], [4246.0, 1157.0], [4245.75, 346.0], [4245.5, 1153.0], [4245.0, 344.0], [4244.75, 4248.0], [4244.5, 10679.0]], "asks": [[4250.0, 1840.0], [4250.25, 53777.0], [4250.5, 4004.0], [4250.75, 10892.0], [4251.0, 2000.0], [4251.25, 507.0], [4251.5, 1456.0], [4251.75, 1952.0], [4252.0, 4157.0], [4252.25, 17453.0], [4252.5, 27102.0], [4252.75, 4757.0], [4253.0, 339.0], [4253.25, 1130.0], [4253.5, 351.0], [4253.75, 1169.0], [4254.0, 3401.0], [4254.25, 11336.0], [4254.5, 337.0], [4254.75, 2323.0]]}}}
{"jsonrpc": "2.0", "method": "subscription", "params": {"channel": "book.ETH-22AUG25.none.20.100ms", "data": {"timestamp": 1754944665581, "change_id": 80864437270, "instrument_name": "ETH-22AUG25", "bids": [[4258.0, 1160.0], [4257.75, 13111.0], [4257.5, 7500.0], [4257.0, 570.0], [4256.75, 2470.0], [4256.5, 2807.0], [4256.25, 6261.0], [4256.0, 10000.0], [4255.75, 408.0], [4255.5, 1361.0], [4255.25, 408.0], [4255.0, 3271.0], [4254.75, 14040.0], [4254.5, 20399.0], [4254.25, 1331.0], [4254.0, 397.0], [4253.75, 1323.0], [4253.5, 411.0], [4253.25, 1370.0], [4252.75, 406.0]], "asks": [[4258.5, 570.0], [4258.75, 2473.0], [4259.0, 3908.0], [4259.25, 7470.0], [4259.5, 2470.0], [4259.75, 2473.0], [4260.0, 7493.0], [4260.25, 18889.0], [4260.5, 1900.0], [4260.75, 2309.0], [4261.0, 8862.0], [4261.25, 401.0], [4261.5, 1335.0], [4261.75, 763.0], [4262.0, 2544.0], [4262.25, 2214.0], [4262.5, 7546.0], [4262.75, 8983.0], [4263.0, 31151.0], [4263.25, 395.0]]}}}
{"jsonrpc": "2.0", "method": "subscription", "params": {"channel": "book.ETH-22AUG25.none.20.100ms", "data": {"timestamp": 1754944665627, "change_id": 80864437293, "instrument_name": "ETH-22AUG25", "bids": [[4258.0, 1160.0], [4257.75, 13111.0], [4257.5, 7500.0], [4257.0, 570.0], [4256.75, 2470.0], [4256.5, 2807.0], [4256.25, 6261.0], [4256.0, 10000.0], [4255.75, 408.0], [4255.5, 1361.0], [4255.25, 408.0], [4255.0, 3271.0], [4254.75, 14040.0], [4254.5, 20399.0], [4254.25, 1331.0], [4254.0, 397.0], [4253.75, 1323.0], [4253.5, 411.0], [4253.25, 1370.0], [4252.75, 406.0]], "asks": [[4258.75, 2473.0], [4259.0, 3908.0], [4259.25, 7470.0], [4259.5, 2470.0], [4259.75, 2473.0], [4260.0, 7493.0], [4260.25, 18889.0], [4260.5, 1900.0], [4260.75, 2309.0], [4261.0, 8862.0], [4261.25, 401.0], [4261.5, 1335.0], [4261.75, 763.0], [4262.0, 2544.0], [4262.25, 2214.0], [4262.5, 7546.0], [4262.75, 8983.0], [4263.0, 31151.0], [4263.25, 395.0], [4263.5, 1318.0]]}}}
{"jsonrpc": "2.0", "method": "subscription", "params": {"channel": "book.ETH-15AUG25.none.20.100ms", "data": {"timestamp": 1754944667426, "change_id": 80864439166, "instrument_name": "ETH-15AUG25", "bids": [[4249.75, 1000.0], [4249.5, 160.0], [4249.25, 2102.0], [4249.0, 13154.0], [4248.75, 9428.0], [4248.5, 1350.0], [4248.25, 1165.0], [4248.0, 350.0], [4247.75, 1165.0], [4247.5, 684.0], [4247.25, 2280.0], [4247.0, 337.0], [4246.75, 2322.0], [4246.5, 4335.0], [4246.25, 347.0], [4246.0, 1157.0], [4245.75, 346.0], [4245.5, 1153.0], [4245.0, 344.0], [4244.75, 4248.0]], "asks": [[4250.0, 1840.0], [4250.25, 53777.0], [4250.5, 1646.0], [4250.75, 2764.0], [4251.0, 2000.0], [4251.25, 8635.0], [4251.5, 1456.0], [4251.75, 1952.0], [4252.0, 6407.0], [4252.25, 17453.0], [4252.5, 27102.0], [4252.75, 4757.0], [4253.0, 339.0], [4253.25, 1130.0], [4253.5, 351.0], [4253.75, 1169.0], [4254.0, 3401.0], [4254.25, 11336.0], [4254.5, 337.0], [4254.75, 2323.0]]}}}
{"jsonrpc": "2.0", "method": "subscription", "params": {"channel": "book.ETH-22AUG25.none.20.100ms", "data": {"timestamp": 1754944667557, "change_id": 80864439539, "instrument_name": "ETH-22AUG25", "bids": [[4258.5, 160.0], [4258.0, 8500.0], [4257.75, 13111.0], [4257.0, 570.0], [4256.75, 2470.0], [4256.5, 2807.0], [4256.25, 6261.0], [4256.0, 10000.0], [4255.75, 408.0], [4255.5, 1361.0], [4255.25, 408.0], [4255.0, 3271.0], [4254.75, 14040.0], [4254.5, 20399.0], [4254.25, 1331.0], [4254.0, 397.0], [4253.75, 1323.0], [4253.5, 411.0], [4253.25, 1370.0], [4252.75, 406.0]], "asks": [[4259.0, 3908.0], [4259.25, 7470.0], [4259.5, 2470.0], [4259.75, 2473.0], [4260.0, 7493.0], [4260.25, 18889.0], [4260.5, 1900.0], [4260.75, 2309.0], [4261.0, 3262.0], [4261.25, 401.0], [4261.5, 1335.0], [4261.75, 8263.0], [4262.0, 2544.0], [4262.25, 2214.0], [4262.5, 7546.0], [4262.75, 8983.0], [4263.0, 31151.0], [4263.25, 395.0], [4263.5, 1318.0], [4264.0, 408.0]]}}}
{"jsonrpc": "2.0", "method": "subscription", "params": {"channel": "book.ETH-22AUG25.none.20.100ms", "data": {"timestamp": 1754944668445, "change_id": 80864440435, "instrument_name": "ETH-22AUG25", "bids": [[4258.5, 160.0], [4258.0, 1000.0], [4257.75, 13111.0], [4257.5, 7500.0], [4257.0, 570.0], [4256.75, 2470.0], [4256.5, 2807.0], [4256.25, 6261.0], [4256.0, 10000.0], [4255.75, 408.0], [4255.5, 1361.0], [4255.25, 408.0], [4255.0, 1361.0], [4254.75, 7672.0], [4254.5, 20399.0], [4254.25, 3241.0], [4254.0, 6765.0], [4253.75, 1323.0], [4253.5, 411.0], [4253.25, 1370.0]], "asks": [[4259.0, 3908.0], [4259.25, 7470.0], [4259.5, 2470.0], [4259.75, 2473.0], [4260.0, 7493.0], [4260.25, 18889.0], [4260.5, 2470.0], [4260.75, 2309.0], [4261.0, 3262.0], [4261.25, 401.0], [4261.5, 1335.0], [4261.75, 8263.0], [4262.0, 2544.0], [4262.25, 2214.0], [4262.5, 7546.0], [4262.75, 8983.0], [4263.0, 31151.0], [4263.25, 395.0], [4263.5, 1318.0], [4264.0, 408.0]]}}}
{"jsonrpc": "2.0", "method": "subscription", "params": {"channel": "book.ETH-15AUG25.none.20.100ms", "data": {"timestamp": 1754944668603, "change_id": 80864440766, "instrument_name": "ETH-15AUG25", "bids": [[4249.75, 1000.0], [4249.5, 160.0], [4249.0, 5654.0], [4248.75, 11641.0], [4248.5, 8850.0], [4248.25, 1165.0], [4248.0, 350.0], [4247.75, 1165.0], [4247.25, 1165.0], [4247.0, 337.0], [4246.75, 2322.0], [4246.5, 4335.0], [4246.25, 638.0], [4246.0, 2272.0], [4245.75, 346.0], [4245.5, 1153.0], [4245.0, 344.0], [4244.75, 4248.0], [4244.5, 10679.0], [4244.25, 1153.0]], "asks": [[4250.0, 1840.0], [4250.25, 53777.0], [4250.5, 1646.0], [4250.75, 2764.0], [4251.0, 2000.0], [4251.25, 8635.0], [4251.5, 1456.0], [4251.75, 1952.0], [4252.0, 6407.0], [4252.25, 17453.0], [4252.5, 27102.0], [4252.75, 4757.0], [4253.0, 339.0], [4253.25, 1130.0], [4253.5, 351.0], [4253.75, 1169.0], [4254.0, 3401.0], [4254.25, 11336.0], [4254.5, 337.0], [4254.75, 2323.0]]}}}
{"jsonrpc": "2.0", "method": "subscription", "params": {"channel": "book.ETH-22AUG25.none.20.100ms", "data": {"timestamp": 1754944668665, "change_id": 80864440871, "instrument_name": "ETH-22AUG25", "bids": [[4258.0, 1000.0], [4257.75, 13271.0], [4257.5, 7500.0], [4257.0, 570.0], [4256.75, 2470.0], [4256.5, 2807.0], [4256.25, 6261.0], [4256.0, 10000.0], [4255.75, 408.0], [4255.5, 1361.0], [4255.25, 408.0], [4255.0, 1361.0], [4254.75, 7672.0], [4254.5, 20399.0], [4254.25, 3241.0], [4254.0, 6765.0], [4253.75, 1323.0], [4253.5, 411.0], [4253.25, 1370.0], [4252.75, 406.0]], "asks": [[4258.5, 570.0], [4258.75, 2473.0], [4259.0, 3908.0], [4259.25, 7470.0], [4259.5, 2470.0], [4259.75, 2473.0], [4260.0, 7493.0], [4260.25, 20789.0], [4260.5, 2470.0], [4260.75, 2309.0], [4261.0, 1362.0], [4261.25, 7901.0], [4261.5, 1335.0], [4261.75, 763.0], [4262.0, 2544.0], [4262.25, 2214.0], [4262.5, 7546.0], [4262.75, 8983.0], [4263.0, 31151.0], [4263.25, 395.0]]}}}
{"jsonrpc": "2.0", "method": "subscription", "params": {"channel": "book.ETH-15AUG25.none.20.100ms", "data": {"timestamp": 1754944668664, "change_id": 80864440869, "instrument_name": "ETH-15AUG25", "bids": [[4249.75, 1000.0], [4249.0, 5654.0], [4248.75, 11801.0], [4248.5, 8850.0], [4248.25, 1165.0], [4248.0, 350.0], [4247.75, 1165.0], [4247.25, 1165.0], [4247.0, 337.0], [4246.75, 2322.0], [4246.5, 4335.0], [4246.25, 638.0], [4246.0, 2272.0], [4245.75, 346.0], [4245.5, 1153.0], [4245.0, 344.0], [4244.75, 4248.0], [4244.5, 10679.0], [4244.25, 1153.0], [4243.0, 7585.0]], "asks": [[4250.0, 1840.0], [4250.25, 53777.0], [4250.5, 1646.0], [4250.75, 2764.0], [4251.0, 4486.0], [4251.25, 8635.0], [4251.5, 1456.0], [4251.75, 1952.0], [4252.0, 6407.0], [4252.25, 17453.0], [4252.5, 27102.0], [4252.75, 4757.0], [4253.0, 339.0], [4253.25, 1130.0], [4253.5, 351.0], [4253.75, 1169.0], [4254.0, 3401.0], [4254.25, 11336.0], [4254.5, 337.0], [4254.75, 2323.0]]}}}
{"jsonrpc": "2.0", "method": "subscription", "params": {"channel": "book.ETH-22AUG25.none.20.100ms", "data": {"timestamp": 1754944669015, "change_id": 80864441210, "instrument_name": "ETH-22AUG25", "bids": [[4258.0, 1000.0], [4257.75, 13271.0], [4257.5, 7500.0], [4257.0, 570.0], [4256.75, 2470.0], [4256.5, 2807.0], [4256.25, 6261.0], [4256.0, 10000.0], [4255.75, 408.0], [4255.5, 1361.0], [4255.25, 408.0], [4255.0, 1361.0], [4254.75, 7672.0], [4254.5, 20399.0], [4254.25, 3241.0], [4254.0, 6765.0], [4253.75, 1323.0], [4253.5, 411.0], [4253.25, 1370.0], [4252.75, 406.0]], "asks": [[4258.5, 570.0], [4258.75, 2473.0], [4259.0, 3908.0], [4259.25, 7470.0], [4259.5, 2470.0], [4259.75, 2473.0], [4260.0, 7493.0], [4260.25, 20789.0], [4260.5, 2470.0], [4260.75, 9809.0], [4261.0, 1362.0], [4261.25, 401.0], [4261.5, 1335.0], [4261.75, 763.0], [4262.0, 2544.0], [4262.25, 2214.0], [4262.5, 7546.0], [4262.75, 8983.0], [4263.0, 31151.0], [4263.25, 395.0]]}}}
{"jsonrpc": "2.0", "method": "subscription", "params": {"channel": "book.ETH-15AUG25.none.20.100ms", "data": {"timestamp": 1754944669248, "change_id": 80864441453, "instrument_name": "ETH-15AUG25", "bids": [[4249.75, 1000.0], [4249.0, 3000.0], [4248.75, 11801.0], [4248.5, 8850.0], [4248.25, 1165.0], [4248.0, 350.0], [4247.75, 1165.0], [4247.25, 1165.0], [4247.0, 337.0], [4246.75, 2322.0], [4246.5, 4335.0], [4246.25, 638.0], [4246.0, 2272.0], [4245.75, 346.0], [4245.5, 1153.0], [4245.0, 344.0], [4244.75, 4248.0], [4244.5, 10679.0], [4244.25, 1153.0], [4243.0, 7585.0]], "asks": [[4250.0, 1840.0], [4250.25, 53777.0], [4250.5, 1646.0], [4250.75, 3453.0], [4251.0, 3486.0], [4251.25, 8635.0], [4251.5, 1456.0], [4251.75, 3347.0], [4252.0, 4407.0], [4252.25, 17453.0], [4252.5, 27102.0], [4252.75, 4757.0], [4253.0, 339.0], [4253.25, 1130.0], [4253.5, 351.0], [4253.75, 1169.0], [4254.0, 3401.0], [4254.25, 11336.0], [4254.5, 337.0], [4254.75, 2323.0]]}}}
{"jsonrpc": "2.0", "method": "subscription", "params": {"channel": "book.ETH-15AUG25.none.20.100ms", "data": {"timestamp": 1754944669392, "change_id": 80864441630, "instrument_name": "ETH-15AUG25", "bids": [[4249.75, 1000.0], [4249.25, 707.0], [4249.0, 4971.0], [4248.75, 11641.0], [4248.5, 8850.0], [4248.25, 1165.0], [4248.0, 350.0], [4247.75, 1165.0], [4247.25, 1165.0], [4247.0, 337.0], [4246.75, 2322.0], [4246.5, 4335.0], [4246.25, 638.0], [4246.0, 2272.0], [4245.75, 346.0], [4245.5, 1153.0], [4245.0, 344.0], [4244.75, 4248.0], [4244.5, 10679.0], [4244.25, 1153.0]], "asks": [[4250.0, 1840.0], [4250.25, 53777.0], [4250.5, 1646.0], [4250.75, 2453.0], [4251.0, 3486.0], [4251.25, 8635.0], [4251.5, 1456.0], [4251.75, 3347.0], [4252.0, 4407.0], [4252.25, 17453.0], [4252.5, 27102.0], [4252.75, 4757.0], [4253.0, 339.0], [4253.25, 1130.0], [4253.5, 351.0], [4253.75, 1169.0], [4254.0, 337.0], [4254.25, 1124.0], [4254.5, 337.0], [4254.75, 2323.0]]}}}
{"jsonrpc": "2.0", "method": "subscription", "params": {"channel": "book.ETH-22AUG25.none.20.100ms", "data": {"timestamp": 1754944669450, "change_id": 80864441752, "instrument_name": "ETH-22AUG25", "bids": [[4258.25, 160.0], [4258.0, 1000.0], [4257.75, 13111.0], [4257.5, 7500.0], [4257.0, 570.0], [4256.75, 2470.0], [4256.5, 2807.0], [4256.25, 6261.0], [4256.0, 10000.0], [4255.75, 408.0], [4255.5, 1361.0], [4255.25, 408.0], [4255.0, 1361.0], [4254.75, 7672.0], [4254.5, 20399.0], [4254.25, 3241.0], [4254.0, 6765.0], [4253.75, 1323.0], [4253.5, 411.0], [4253.25, 1370.0]], "asks": [[4258.75, 2473.0], [4259.0, 3908.0], [4259.25, 7470.0], [4259.5, 2470.0], [4259.75, 2473.0], [4260.0, 7493.0], [4260.25, 20789.0], [4260.5, 2470.0], [4260.75, 2309.0], [4261.0, 1362.0], [4261.25, 401.0], [4261.5, 1335.0], [4261.75, 8263.0], [4262.0, 2544.0], [4262.25, 2214.0], [4262.5, 7546.0], [4262.75, 6036.0], [4263.0, 21327.0], [4263.25, 395.0], [4263.5, 1318.0]]}}}
{"jsonrpc": "2.0", "method": "subscription", "params": {"channel": "book.ETH-15AUG25.none.20.100ms", "data": {"timestamp": 1754944669925, "change_id": 80864442474, "instrument_name": "ETH-15AUG25", "bids": [[4249.75, 1000.0], [4249.25, 3105.0], [4249.0, 12471.0], [4248.75, 9428.0], [4248.5, 1350.0], [4248.25, 1165.0], [4248.0, 350.0], [4247.75, 1165.0], [4247.5, 350.0], [4247.25, 1165.0], [4247.0, 337.0], [4246.75, 2322.0], [4246.5, 4335.0], [4246.25, 638.0], [4246.0, 2272.0], [4245.75, 346.0], [4245.5, 1153.0], [4245.0, 344.0], [4244.75, 4248.0], [4244.5, 10679.0]], "asks": [[4250.0, 1840.0], [4250.25, 4900.0], [4250.5, 1300.0], [4250.75, 1300.0], [4251.0, 3486.0], [4251.25, 9635.0], [4251.5, 2019.0], [4251.75, 3347.0], [4252.0, 2157.0], [4252.25, 9953.0], [4252.5, 27102.0], [4252.75, 4757.0], [4253.0, 339.0], [4253.25, 1130.0], [4253.5, 351.0], [4253.75, 1169.0], [4254.0, 337.0], [4254.25, 1124.0], [4254.5, 337.0], [4254.75, 2323.0]]}}}
{"jsonrpc": "2.0", "method": "subscription", "params": {"channel": "book.ETH-22AUG25.none.20.100ms", "data": {"timestamp": 1754944669925, "change_id": 80864442475, "instrument_name": "ETH-22AUG25", "bids": [[4258.25, 160.0], [4258.0, 8500.0], [4257.75, 13111.0], [4257.0, 907.0], [4256.75, 3831.0], [4256.5, 2807.0], [4256.25, 6261.0], [4256.0, 10000.0], [4255.75, 408.0], [4255.5, 1361.0], [4255.25, 408.0], [4255.0, 1361.0], [4254.75, 7672.0], [4254.5, 20399.0], [4254.25, 3241.0], [4254.0, 6765.0], [4253.75, 1323.0], [4253.5, 411.0], [4253.25, 1370.0], [4252.75, 406.0]], "asks": [[4259.0, 2008.0], [4259.25, 7470.0], [4259.5, 2470.0], [4259.75, 2473.0], [4260.0, 7493.0], [4260.25, 20789.0], [4260.5, 2470.0], [4260.75, 2309.0], [4261.0, 1362.0], [4261.25, 401.0], [4261.5, 1335.0], [4261.75, 8263.0], [4262.0, 2544.0], [4262.25, 2214.0], [4262.5, 7546.0], [4262.75, 6036.0], [4263.0, 21327.0], [4263.25, 395.0], [4263.5, 1318.0], [4264.0, 408.0]]}}}
{"jsonrpc": "2.0", "method": "subscription", "params": {"channel": "book.ETH-15AUG25.none.20.100ms", "data": {"timestamp": 1754944670177, "change_id": 80864442861, "instrument_name": "ETH-15AUG25", "bids": [[4249.75, 1000.0], [4249.5, 1286.0], [4249.25, 11233.0], [4249.0, 10800.0], [4248.75, 1300.0], [4248.5, 1350.0], [4248.25, 1165.0], [4248.0, 350.0], [4247.75, 1165.0], [4247.5, 350.0], [4247.25, 1165.0], [4247.0, 337.0], [4246.75, 2322.0], [4246.5, 4335.0], [4246.25, 638.0], [4246.0, 2272.0], [4245.75, 346.0], [4245.5, 1153.0], [4245.0, 344.0], [4244.75, 4248.0]], "asks": [[4250.0, 1840.0], [4250.25, 4900.0], [4250.5, 1300.0], [4250.75, 1300.0], [4251.0, 3486.0], [4251.25, 58362.0], [4251.5, 2019.0], [4251.75, 3347.0], [4252.0, 2317.0], [4252.25, 9953.0], [4252.5, 27102.0], [4252.75, 4757.0], [4253.0, 339.0], [4253.25, 8630.0], [4253.5, 351.0], [4253.75, 1169.0], [4254.0, 337.0], [4254.25, 1124.0], [4254.5, 337.0], [4254.75, 2323.0]]}}}
{"jsonrpc": "2.0", "method": "subscription", "params": {"channel": "book.ETH-22AUG25.none.20.100ms", "data": {"timestamp": 1754944670248, "change_id": 80864442909, "instrument_name": "ETH-22AUG25", "bids": [[4258.25, 160.0], [4258.0, 8500.0], [4257.75, 13111.0], [4257.0, 907.0], [4256.75, 13831.0], [4256.5, 2807.0], [4256.25, 3261.0], [4255.75, 408.0], [4255.5, 1361.0], [4255.25, 408.0], [4255.0, 1361.0], [4254.75, 7672.0], [4254.5, 20399.0], [4254.25, 3241.0], [4254.0, 6765.0], [4253.75, 1323.0], [4253.5, 411.0], [4253.25, 1370.0], [4252.75, 406.0], [4252.5, 4432.0]], "asks": [[4259.0, 2079.0], [4259.25, 7470.0], [4259.5, 2470.0], [4259.75, 2473.0], [4260.0, 5266.0], [4260.25, 10629.0], [4260.5, 2470.0], [4260.75, 2309.0], [4261.0, 1522.0], [4261.25, 10401.0], [4261.5, 1335.0], [4261.75, 763.0], [4262.0, 2544.0], [4262.25, 9714.0], [4262.5, 7546.0], [4262.75, 6036.0], [4263.0, 21327.0], [4263.25, 395.0], [4263.5, 1318.0], [4264.0, 408.0]]}}}
{"jsonrpc": "2.0", "method": "subscription", "params": {"channel": "book.ETH-22AUG25.none.20.100ms", "data": {"timestamp": 1754944670523, "change_id": 80864443371, "instrument_name": "ETH-22AUG25", "bids": [[4258.5, 1000.0], [4258.25, 160.0], [4258.0, 7500.0], [4257.75, 13111.0], [4257.0, 907.0], [4256.75, 13831.0], [4256.5, 2237.0], [4256.25, 1361.0], [4255.75, 408.0], [4255.5, 1361.0], [4255.25, 408.0], [4255.0, 1361.0], [4254.75, 7672.0], [4254.5, 20399.0], [4254.25, 3241.0], [4254.0, 6765.0], [4253.75, 1323.0], [4253.5, 411.0], [4253.25, 1370.0], [4252.75, 406.0]], "asks": [[4259.0, 2079.0], [4259.25, 7470.0], [4259.5, 2470.0], [4259.75, 2473.0], [4260.0, 5266.0], [4260.25, 10629.0], [4260.5, 2470.0], [4260.75, 2309.0], [4261.0, 6422.0], [4261.25, 10401.0], [4261.5, 1335.0], [4261.75, 8263.0], [4262.0, 2544.0], [4262.25, 2214.0], [4262.5, 7546.0], [4262.75, 6036.0], [4263.0, 21327.0], [4263.25, 395.0], [4263.5, 1318.0], [4264.0, 408.0]]}}}
{"jsonrpc": "2.0", "method": "subscription", "params": {"channel": "book.ETH-15AUG25.none.20.100ms", "data": {"timestamp": 1754944670301, "change_id": 80864443030, "instrument_name": "ETH-15AUG25", "bids": [[4249.75, 1000.0], [4249.5, 1286.0], [4249.25, 11233.0], [4249.0, 10800.0], [4248.75, 1300.0], [4248.5, 1350.0], [4248.25, 1165.0], [4248.0, 350.0], [4247.75, 1165.0], [4247.5, 350.0], [4247.25, 1165.0], [4247.0, 337.0], [4246.75, 2322.0], [4246.5, 4335.0], [4246.25, 638.0], [4246.0, 2272.0], [4245.75, 346.0], [4245.5, 1153.0], [4245.0, 344.0], [4244.75, 4248.0]], "asks": [[4250.0, 1840.0], [4250.25, 4900.0], [4250.5, 1300.0], [4250.75, 1300.0], [4251.0, 3486.0], [4251.25, 58362.0], [4251.5, 2019.0], [4251.75, 3347.0], [4252.0, 2317.0], [4252.25, 9953.0], [4252.5, 27102.0], [4252.75, 12257.0], [4253.0, 339.0], [4253.25, 1130.0], [4253.5, 351.0], [4253.75, 1169.0], [4254.0, 337.0], [4254.25, 1124.0], [4254.5, 337.0], [4254.75, 2323.0]]}}}
{"jsonrpc": "2.0", "method": "subscription", "params": {"channel": "book.ETH-15AUG25.none.20.100ms", "data": {"timestamp": 1754944670859, "change_id": 80864444882, "instrument_name": "ETH-15AUG25", "bids": [[4250.0, 1000.0], [4249.75, 8888.0], [4249.5, 2000.0], [4249.25, 2945.0], [4249.0, 9113.0], [4248.75, 2467.0], [4248.5, 1350.0], [4248.25, 1165.0], [4248.0, 350.0], [4247.75, 1165.0], [4247.5, 350.0], [4247.25, 1165.0], [4247.0, 337.0], [4246.75, 2322.0], [4246.5, 4335.0], [4246.25, 638.0], [4246.0, 2272.0], [4245.75, 346.0], [4245.5, 1153.0], [4245.0, 344.0]], "asks": [[4250.25, 3600.0], [4250.5, 1300.0], [4250.75, 1300.0], [4251.0, 1000.0], [4251.25, 347.0], [4251.5, 1719.0], [4251.75, 4742.0], [4252.0, 9285.0], [4252.25, 9953.0], [4252.5, 27262.0], [4252.75, 7057.0], [4253.0, 1339.0], [4253.25, 1130.0], [4253.5, 2557.0], [4253.75, 8669.0], [4254.0, 337.0], [4254.25, 1124.0], [4254.5, 337.0], [4254.75, 2323.0], [4255.0, 4350.0]]}}}
{"jsonrpc": "2.0", "method": "subscription", "params": {"channel": "book.ETH-22AUG25.none.20.100ms", "data": {"timestamp": 1754944670875, "change_id": 80864444965, "instrument_name": "ETH-22AUG25", "bids": [[4258.75, 5160.0], [4258.5, 1000.0], [4258.25, 9720.0], [4258.0, 7500.0], [4257.0, 907.0], [4256.75, 13831.0], [4256.5, 2237.0], [4256.25, 1361.0], [4255.75, 408.0], [4255.5, 1361.0], [4255.25, 408.0], [4255.0, 1361.0], [4254.75, 7672.0], [4254.5, 21687.0], [4254.25, 7699.0], [4254.0, 397.0], [4253.75, 1323.0], [4253.5, 411.0], [4253.25, 1370.0], [4252.75, 406.0]], "asks": [[4259.0, 9.0], [4259.5, 2470.0], [4259.75, 3901.0], [4260.0, 7318.0], [4260.25, 2518.0], [4260.5, 2470.0], [4260.75, 10420.0], [4261.0, 4900.0], [4261.25, 10401.0], [4261.5, 1495.0], [4261.75, 763.0], [4262.0, 2544.0], [4262.25, 2214.0], [4262.5, 9796.0], [4262.75, 13536.0], [4263.0, 21327.0], [4263.25, 395.0], [4263.5, 1318.0], [4264.0, 408.0], [4264.25, 1361.0]]}}}
{"jsonrpc": "2.0", "method": "subscription", "params": {"channel": "book.ETH-22AUG25.none.20.100ms", "data": {"timestamp": 1754944671160, "change_id": 80864445463, "instrument_name": "ETH-22AUG25", "bids": [[4258.75, 5160.0], [4258.5, 8500.0], [4258.25, 8111.0], [4257.0, 907.0], [4256.75, 13831.0], [4256.5, 2237.0], [4256.25, 1361.0], [4255.75, 408.0], [4255.5, 1361.0], [4255.25, 408.0], [4255.0, 1361.0], [4254.75, 7672.0], [4254.5, 21687.0], [4254.25, 7699.0], [4254.0, 397.0], [4253.75, 1323.0], [4253.5, 411.0], [4253.25, 1370.0], [4252.75, 406.0], [4252.5, 4432.0]], "asks": [[4259.0, 9.0], [4259.25, 570.0], [4259.5, 2470.0], [4259.75, 3901.0], [4260.0, 7318.0], [4260.25, 2518.0], [4260.5, 2470.0], [4260.75, 10420.0], [4261.0, 5060.0], [4261.25, 10401.0], [4261.5, 1335.0], [4261.75, 763.0], [4262.0, 2544.0], [4262.25, 9714.0], [4262.5, 7546.0], [4262.75, 6036.0], [4263.0, 21327.0], [4263.25, 395.0], [4263.5, 1318.0], [4264.0, 408.0]]}}}
{"jsonrpc": "2.0", "method": "subscription", "params": {"channel": "book.ETH-15AUG25.none.20.100ms", "data": {"timestamp": 1754944671224, "change_id": 80864445838, "instrument_name": "ETH-15AUG25", "bids": [[4250.0, 1000.0], [4249.75, 10394.0], [4249.5, 9500.0], [4249.25, 300.0], [4249.0, 1613.0], [4248.75, 2467.0], [4248.5, 1350.0], [4248.25, 1165.0], [4248.0, 350.0], [4247.75, 1165.0], [4247.5, 350.0], [4247.25, 1165.0], [4247.0, 337.0], [4246.75, 2322.0], [4246.5, 4335.0], [4246.25, 638.0], [4246.0, 2272.0], [4245.75, 346.0], [4245.5, 1153.0], [4245.0, 344.0]], "asks": [[4250.25, 3600.0], [4250.5, 1300.0], [4250.75, 8161.0], [4251.0, 49884.0], [4251.25, 603.0], [4251.5, 2456.0], [4251.75, 3742.0], [4252.0, 9445.0], [4252.25, 9953.0], [4252.5, 27102.0], [4252.75, 5057.0], [4253.0, 3547.0], [4253.25, 8630.0], [4253.5, 351.0], [4253.75, 1169.0], [4254.0, 337.0], [4254.25, 1124.0], [4254.5, 337.0], [4254.75, 2323.0], [4255.0, 4350.0]]}}}
{"jsonrpc": "2.0", "method": "subscription", "params": {"channel": "book.ETH-15AUG25.none.20.100ms", "data": {"timestamp": 1754944671479, "change_id": 80864446462, "instrument_name": "ETH-15AUG25", "bids": [[4250.0, 1000.0], [4249.75, 10394.0], [4249.5, 9500.0], [4249.25, 300.0], [4249.0, 1613.0], [4248.75, 2467.0], [4248.5, 1350.0], [4248.25, 1165.0], [4248.0, 350.0], [4247.75, 1165.0], [4247.5, 350.0], [4247.25, 1165.0], [4247.0, 337.0], [4246.75, 2322.0], [4246.5, 4335.0], [4246.25, 638.0], [4246.0, 2272.0], [4245.75, 346.0], [4245.5, 1153.0], [4245.0, 344.0]], "asks": [[4250.25, 6141.0], [4250.5, 1300.0], [4250.75, 8161.0], [4251.0, 49884.0], [4251.25, 603.0], [4251.5, 2456.0], [4251.75, 3742.0], [4252.0, 9445.0], [4252.25, 9953.0], [4252.5, 27102.0], [4252.75, 5057.0], [4253.0, 3547.0], [4253.25, 8630.0], [4253.5, 351.0], [4253.75, 1169.0], [4254.0, 337.0], [4254.25, 1124.0], [4254.5, 337.0], [4254.75, 2323.0], [4255.0, 4350.0]]}}}
{"jsonrpc": "2.0", "method": "subscription", "params": {"channel": "book.ETH-22AUG25.none.20.100ms", "data": {"timestamp": 1754944672063, "change_id": 80864447268, "instrument_name": "ETH-22AUG25", "bids": [[4258.75, 5160.0], [4258.5, 8500.0], [4258.25, 8111.0], [4257.0, 3865.0], [4256.75, 13831.0], [4256.5, 2237.0], [4256.25, 1361.0], [4255.75, 408.0], [4255.5, 1361.0], [4255.25, 408.0], [4255.0, 1361.0], [4254.75, 7672.0], [4254.5, 21687.0], [4254.25, 7699.0], [4254.0, 397.0], [4253.75, 1323.0], [4253.5, 411.0], [4253.25, 1370.0], [4253.0, 372.0], [4252.75, 1645.0]], "asks": [[4259.0, 9.0], [4259.25, 570.0], [4259.5, 2470.0], [4259.75, 3901.0], [4260.0, 7318.0], [4260.25, 2518.0], [4260.5, 4832.0], [4260.75, 10420.0], [4261.0, 5060.0], [4261.25, 10401.0], [4261.5, 1335.0], [4261.75, 763.0], [4262.0, 4794.0], [4262.25, 9714.0], [4262.5, 7546.0], [4262.75, 6036.0], [4263.0, 21327.0], [4263.25, 395.0], [4263.5, 1318.0], [4264.0, 408.0]]}}}
{"jsonrpc": "2.0", "method": "subscription", "params": {"channel": "book.ETH-15AUG25.none.20.100ms", "data": {"timestamp": 1754944672740, "change_id": 80864448498, "instrument_name": "ETH-15AUG25", "bids": [[4250.0, 1000.0], [4249.75, 160.0], [4249.5, 4046.0], [4249.25, 8428.0], [4249.0, 3823.0], [4248.75, 9967.0], [4248.5, 1350.0], [4248.25, 1165.0], [4248.0, 350.0], [4247.75, 1165.0], [4247.5, 350.0], [4247.25, 1165.0], [4247.0, 337.0], [4246.75, 2322.0], [4246.5, 4335.0], [4246.25, 638.0], [4246.0, 2272.0], [4245.75, 346.0], [4245.5, 1153.0], [4245.0, 344.0]], "asks": [[4250.25, 6141.0], [4250.5, 1300.0], [4250.75, 11023.0], [4251.0, 50184.0], [4251.25, 3742.0], [4251.5, 9584.0], [4251.75, 1347.0], [4252.0, 1317.0], [4252.25, 9953.0], [4252.5, 27102.0], [4252.75, 12557.0], [4253.0, 1339.0], [4253.25, 1130.0], [4253.5, 351.0], [4253.75, 1169.0], [4254.0, 337.0], [4254.25, 1124.0], [4254.5, 337.0], [4254.75, 2323.0], [4255.0, 4350.0]]}}}
{"jsonrpc": "2.0", "method": "subscription", "params": {"channel": "book.ETH-22AUG25.none.20.100ms", "data": {"timestamp": 1754944672784, "change_id": 80864448535, "instrument_name": "ETH-22AUG25", "bids": [[4258.75, 5160.0], [4258.5, 1000.0], [4258.25, 8111.0], [4258.0, 1890.0], [4257.75, 7500.0], [4257.0, 3865.0], [4256.75, 13831.0], [4256.5, 2237.0], [4256.25, 1361.0], [4255.75, 408.0], [4255.5, 1361.0], [4255.25, 408.0], [4255.0, 1361.0], [4254.75, 7672.0], [4254.5, 21687.0], [4254.25, 7699.0], [4254.0, 397.0], [4253.75, 1323.0], [4253.5, 411.0], [4253.25, 1370.0]], "asks": [[4259.0, 9.0], [4259.25, 570.0], [4259.5, 2470.0], [4259.75, 3901.0], [4260.0, 7318.0], [4260.25, 10629.0], [4260.5, 2470.0], [4260.75, 2309.0], [4261.0, 5060.0], [4261.25, 10401.0], [4261.5, 8835.0], [4261.75, 763.0], [4262.0, 2544.0], [4262.25, 2214.0], [4262.5, 7546.0], [4262.75, 6036.0], [4263.0, 21327.0], [4263.25, 395.0], [4263.5, 1318.0], [4264.0, 408.0]]}}}
{"jsonrpc": "2.0", "method": "subscription", "params": {"channel": "book.ETH-22AUG25.none.20.100ms", "data": {"timestamp": 1754944673155, "change_id": 80864448765, "instrument_name": "ETH-22AUG25", "bids": [[4258.75, 5160.0], [4258.5, 1000.0], [4258.25, 15611.0], [4257.0, 3865.0], [4256.75, 13831.0], [4256.5, 2237.0], [4256.25, 1361.0], [4255.75, 408.0], [4255.5, 1361.0], [4255.25, 408.0], [4255.0, 1361.0], [4254.75, 7672.0], [4254.5, 21687.0], [4254.25, 7699.0], [4254.0, 397.0], [4253.75, 1323.0], [4253.5, 411.0], [4253.25, 1370.0], [4253.0, 372.0], [4252.75, 1645.0]], "asks": [[4259.0, 9.0], [4259.25, 570.0], [4259.5, 2470.0], [4259.75, 3901.0], [4260.0, 9861.0], [4260.25, 10629.0], [4260.5, 2470.0], [4260.75, 2309.0], [4261.0, 5060.0], [4261.25, 12600.0], [4261.5, 8835.0], [4261.75, 763.0], [4262.0, 2544.0], [4262.25, 2214.0], [4262.5, 7546.0], [4262.75, 6036.0], [4263.0, 21327.0], [4263.25, 395.0], [4263.5, 1318.0], [4264.0, 408.0]]}}}
{"jsonrpc": "2.0", "method": "subscription", "params": {"channel": "book.ETH-15AUG25.none.20.100ms", "data": {"timestamp": 1754944673184, "change_id": 80864448871, "instrument_name": "ETH-15AUG25", "bids": [[4250.0, 1000.0], [4249.75, 760.0], [4249.5, 9479.0], [4249.25, 15928.0], [4249.0, 1613.0], [4248.75, 2467.0], [4248.5, 1350.0], [4248.25, 1165.0], [4248.0, 350.0], [4247.75, 1165.0], [4247.5, 350.0], [4247.25, 1165.0], [4247.0, 337.0], [4246.75, 2322.0], [4246.5, 4335.0], [4246.25, 638.0], [4246.0, 2272.0], [4245.75, 346.0], [4245.5, 1153.0], [4245.0, 344.0]], "asks": [[4250.25, 6141.0], [4250.5, 1300.0], [4250.75, 11023.0], [4251.0, 50184.0], [4251.25, 3742.0], [4251.5, 9584.0], [4251.75, 1347.0], [4252.0, 1317.0], [4252.25, 9953.0], [4252.5, 27102.0], [4252.75, 12557.0], [4253.0, 1339.0], [4253.25, 1130.0], [4253.5, 351.0], [4253.75, 1169.0], [4254.0, 337.0], [4254.25, 1124.0], [4254.5, 337.0], [4254.75, 2323.0], [4255.0, 4350.0]]}}}
{"jsonrpc": "2.0", "method": "subscription", "params": {"channel": "book.ETH-15AUG25.none.20.100ms", "data": {"timestamp": 1754944673278, "change_id": 80864448980, "instrument_name": "ETH-15AUG25", "bids": [[4250.0, 1000.0], [4249.75, 160.0], [4249.5, 9479.0], [4249.25, 15928.0], [4249.0, 1613.0], [4248.75, 2467.0], [4248.5, 1350.0], [4248.25, 1165.0], [4248.0, 350.0], [4247.75, 1165.0], [4247.5, 350.0], [4247.25, 1165.0], [4247.0, 337.0], [4246.75, 2322.0], [4246.5, 4335.0], [4246.25, 638.0], [4246.0, 2272.0], [4245.75, 346.0], [4245.5, 1153.0], [4245.0, 344.0]], "asks": [[4250.25, 6141.0], [4250.5, 1300.0], [4250.75, 11023.0], [4251.0, 50184.0], [4251.25, 3742.0], [4251.5, 9584.0], [4251.75, 1347.0], [4252.0, 1317.0], [4252.25, 9953.0], [4252.5, 27102.0], [4252.75, 12557.0], [4253.0, 1339.0], [4253.25, 1130.0], [4253.5, 351.0], [4253.75, 1169.0], [4254.0, 337.0], [4254.25, 1124.0], [4254.5, 337.0], [4254.75, 2323.0], [4255.0, 4350.0]]}}}
{"jsonrpc": "2.0", "method": "subscription", "params": {"channel": "book.ETH-15AUG25.none.20.100ms", "data": {"timestamp": 1754944673754, "change_id": 80864449662, "instrument_name": "ETH-15AUG25", "bids": [[4250.0, 1000.0], [4249.75, 661.0], [4249.5, 9479.0], [4249.25, 15928.0], [4249.0, 1613.0], [4248.75, 2467.0], [4248.5, 1350.0], [4248.25, 1165.0], [4248.0, 350.0], [4247.75, 1165.0], [4247.5, 350.0], [4247.25, 1165.0], [4247.0, 337.0], [4246.75, 2322.0], [4246.5, 4335.0], [4246.25, 638.0], [4246.0, 2272.0], [4245.75, 346.0], [4245.5, 1153.0], [4245.0, 344.0]], "asks": [[4250.25, 6141.0], [4250.5, 1300.0], [4250.75, 11023.0], [4251.0, 50184.0], [4251.25, 3742.0], [4251.5, 9584.0], [4251.75, 1347.0], [4252.0, 1917.0], [4252.25, 11953.0], [4252.5, 27102.0], [4252.75, 12557.0], [4253.0, 1339.0], [4253.25, 1130.0], [4253.5, 351.0], [4253.75, 1169.0], [4254.0, 337.0], [4254.25, 1124.0], [4254.5, 337.0], [4254.75, 2323.0], [4255.0, 4350.0]]}}}
{"jsonrpc": "2.0", "method": "subscription", "params": {"channel": "book.ETH-15AUG25.none.20.100ms", "data": {"timestamp": 1754944674116, "change_id": 80864449780, "instrument_name": "ETH-15AUG25", "bids": [[4250.0, 1000.0], [4249.75, 160.0], [4249.5, 9479.0], [4249.25, 15928.0], [4249.0, 1613.0], [4248.75, 2467.0], [4248.5, 1350.0], [4248.25, 1165.0], [4248.0, 350.0], [4247.75, 1165.0], [4247.5, 350.0], [4247.25, 1165.0], [4247.0, 337.0], [4246.75, 2322.0], [4246.5, 4335.0], [4246.25, 638.0], [4246.0, 2272.0], [4245.75, 346.0], [4245.5, 1153.0], [4245.0, 344.0]], "asks": [[4250.25, 6141.0], [4250.5, 1300.0], [4250.75, 11023.0], [4251.0, 50184.0], [4251.25, 3742.0], [4251.5, 9584.0], [4251.75, 1347.0], [4252.0, 1917.0], [4252.25, 11953.0], [4252.5, 27102.0], [4252.75, 12557.0], [4253.0, 1339.0], [4253.25, 1130.0], [4253.5, 351.0], [4253.75, 1169.0], [4254.0, 337.0], [4254.25, 1124.0], [4254.5, 337.0], [4254.75, 2323.0], [4255.0, 4350.0]]}}}
{"jsonrpc": "2.0", "method": "subscription", "params": {"channel": "book.ETH-22AUG25.none.20.100ms", "data": {"timestamp": 1754944674676, "change_id": 80864450529, "instrument_name": "ETH-22AUG25", "bids": [[4258.75, 160.0], [4258.5, 1000.0], [4258.25, 15611.0], [4258.0, 5000.0], [4257.0, 3865.0], [4256.75, 13831.0], [4256.5, 2237.0], [4256.25, 1361.0], [4255.75, 408.0], [4255.5, 1361.0], [4255.25, 408.0], [4255.0, 1361.0], [4254.75, 7672.0], [4254.5, 21687.0], [4254.25, 7699.0], [4254.0, 397.0], [4253.75, 1323.0], [4253.5, 411.0], [4253.25, 1370.0], [4253.0, 372.0]], "asks": [[4259.0, 9.0], [4259.25, 570.0], [4259.5, 2470.0], [4259.75, 3901.0], [4260.0, 9861.0], [4260.25, 10629.0], [4260.5, 2470.0], [4260.75, 2309.0], [4261.0, 5060.0], [4261.25, 12600.0], [4261.5, 8835.0], [4261.75, 763.0], [4262.0, 2544.0], [4262.25, 2214.0], [4262.5, 7546.0], [4262.75, 6036.0], [4263.0, 21327.0], [4263.25, 395.0], [4263.5, 1318.0], [4264.0, 408.0]]}}}
{"jsonrpc": "2.0", "method": "subscription", "params": {"channel": "book.ETH-15AUG25.none.20.100ms", "data": {"timestamp": 1754944675191, "change_id": 80864450970, "instrument_name": "ETH-15AUG25", "bids": [[4250.0, 1000.0], [4249.75, 160.0], [4249.5, 9479.0], [4249.25, 15928.0], [4249.0, 1613.0], [4248.75, 2467.0], [4248.5, 1350.0], [4248.25, 1165.0], [4248.0, 350.0], [4247.75, 1165.0], [4247.5, 350.0], [4247.25, 1165.0], [4247.0, 337.0], [4246.75, 2322.0], [4246.5, 4335.0], [4246.25, 638.0], [4246.0, 2272.0], [4245.75, 346.0], [4245.5, 1153.0], [4245.0, 344.0]], "asks": [[4250.25, 6141.0], [4250.5, 1300.0], [4250.75, 11023.0], [4251.0, 50184.0], [4251.25, 3742.0], [4251.5, 9584.0], [4251.75, 1347.0], [4252.0, 1917.0], [4252.25, 11953.0], [4252.5, 27102.0], [4252.75, 12557.0], [4253.0, 1339.0], [4253.25, 1130.0], [4253.5, 351.0], [4253.75, 1169.0], [4254.0, 3252.0], [4254.25, 10981.0], [4254.5, 337.0], [4254.75, 2323.0], [4255.0, 4350.0]]}}}
{"jsonrpc": "2.0", "method": "subscription", "params": {"channel": "book.ETH-22AUG25.none.20.100ms", "data": {"timestamp": 1754944675190, "change_id": 80864450969, "instrument_name": "ETH-22AUG25", "bids": [[4258.75, 160.0], [4258.5, 1000.0], [4258.25, 15611.0], [4258.0, 5000.0], [4257.0, 3865.0], [4256.75, 13831.0], [4256.5, 2237.0], [4256.25, 1361.0], [4255.75, 408.0], [4255.5, 1361.0], [4255.25, 408.0], [4255.0, 1361.0], [4254.75, 7672.0], [4254.5, 21687.0], [4254.25, 7699.0], [4254.0, 397.0], [4253.75, 1323.0], [4253.5, 411.0], [4253.25, 1370.0], [4253.0, 372.0]], "asks": [[4259.0, 9.0], [4259.25, 570.0], [4259.5, 2470.0], [4259.75, 3901.0], [4260.0, 9861.0], [4260.25, 10629.0], [4260.5, 2630.0], [4260.75, 2309.0], [4261.0, 4900.0], [4261.25, 12600.0], [4261.5, 8835.0], [4261.75, 763.0], [4262.0, 2544.0], [4262.25, 2214.0], [4262.5, 7546.0], [4262.75, 6036.0], [4263.0, 21327.0], [4263.25, 395.0], [4263.5, 1318.0], [4264.0, 408.0]]}}}
{"jsonrpc": "2.0", "method": "subscription", "params": {"channel": "book.ETH-22AUG25.none.20.100ms", "data": {"timestamp": 1754944675524, "change_id": 80864451393, "instrument_name": "ETH-22AUG25", "bids": [[4258.75, 160.0], [4258.5, 1000.0], [4258.25, 17111.0], [4258.0, 5000.0], [4257.0, 3865.0], [4256.75, 13831.0], [4256.5, 2237.0], [4256.25, 1361.0], [4255.75, 408.0], [4255.5, 1361.0], [4255.25, 408.0], [4255.0, 1361.0], [4254.75, 7672.0], [4254.5, 25098.0], [4254.25, 17696.0], [4254.0, 397.0], [4253.75, 1323.0], [4253.5, 411.0], [4253.25, 1370.0], [4253.0, 372.0]], "asks": [[4259.0, 9.0], [4259.25, 570.0], [4259.5, 2470.0], [4259.75, 3901.0], [4260.0, 9861.0], [4260.25, 10629.0], [4260.5, 2470.0], [4260.75, 2309.0], [4261.0, 4900.0], [4261.25, 12461.0], [4261.5, 1335.0], [4261.75, 763.0], [4262.0, 2544.0], [4262.25, 2214.0], [4262.5, 7546.0], [4262.75, 6036.0], [4263.0, 21327.0], [4263.25, 395.0], [4263.5, 1318.0], [4264.0, 408.0]]}}}
{"jsonrpc": "2.0", "method": "subscription", "params": {"channel": "book.ETH-15AUG25.none.20.100ms", "data": {"timestamp": 1754944675522, "change_id": 80864451391, "instrument_name": "ETH-15AUG25", "bids": [[4250.0, 1000.0], [4249.75, 1773.0], [4249.5, 9479.0], [4249.25, 15928.0], [4249.0, 1613.0], [4248.75, 2467.0], [4248.5, 1350.0], [4248.25, 1165.0], [4248.0, 350.0], [4247.75, 1165.0], [4247.5, 350.0], [4247.25, 1165.0], [4247.0, 337.0], [4246.75, 5234.0], [4246.5, 14542.0], [4246.25, 638.0], [4246.0, 2272.0], [4245.75, 346.0], [4245.5, 1153.0], [4245.0, 344.0]], "asks": [[4250.25, 6141.0], [4250.5, 1300.0], [4250.75, 1300.0], [4251.0, 1300.0], [4251.25, 3742.0], [4251.5, 9584.0], [4251.75, 1347.0], [4252.0, 1917.0], [4252.25, 11953.0], [4252.5, 27102.0], [4252.75, 5057.0], [4253.0, 1339.0], [4253.25, 1130.0], [4253.5, 351.0], [4253.75, 1169.0], [4254.0, 3252.0], [4254.25, 10981.0], [4254.5, 337.0], [4254.75, 2323.0], [4255.0, 4350.0]]}}}
{"jsonrpc": "2.0", "method": "subscription", "params": {"channel": "book.ETH-15AUG25.none.20.100ms", "data": {"timestamp": 1754944675779, "change_id": 80864451872, "instrument_name": "ETH-15AUG25", "bids": [[4250.0, 1000.0], [4249.75, 160.0], [4249.5, 9479.0], [4249.25, 15928.0], [4249.0, 1613.0], [4248.75, 2467.0], [4248.5, 1350.0], [4248.25, 1165.0], [4248.0, 350.0], [4247.75, 1165.0], [4247.5, 350.0], [4247.25, 1165.0], [4247.0, 337.0], [4246.75, 5234.0], [4246.5, 14542.0], [4246.25, 638.0], [4246.0, 2272.0], [4245.75, 346.0], [4245.5, 1153.0], [4245.0, 344.0]], "asks": [[4250.25, 6141.0], [4250.5, 40582.0], [4250.75, 1300.0], [4251.0, 1300.0], [4251.25, 3742.0], [4251.5, 9584.0], [4251.75, 1347.0], [4252.0, 1917.0], [4252.25, 11953.0], [4252.5, 27102.0], [4252.75, 5057.0], [4253.0, 8839.0], [4253.25, 1130.0], [4253.5, 351.0], [4253.75, 1169.0], [4254.0, 3252.0], [4254.25, 10981.0], [4254.5, 337.0], [4254.75, 2323.0], [4255.0, 4350.0]]}}}
{"jsonrpc": "2.0", "method": "subscription", "params": {"channel": "book.ETH-22AUG25.none.20.100ms", "data": {"timestamp": 1754944675848, "change_id": 80864451949, "instrument_name": "ETH-22AUG25", "bids": [[4258.75, 160.0], [4258.5, 1000.0], [4258.25, 15611.0], [4258.0, 5000.0], [4257.0, 3865.0], [4256.75, 13831.0], [4256.5, 2237.0], [4256.25, 1361.0], [4255.75, 408.0], [4255.5, 1361.0], [4255.25, 408.0], [4255.0, 1361.0], [4254.75, 7672.0], [4254.5, 25098.0], [4254.25, 17696.0], [4254.0, 397.0], [4253.75, 1323.0], [4253.5, 411.0], [4253.25, 1370.0], [4253.0, 372.0]], "asks": [[4259.0, 9.0], [4259.25, 570.0], [4259.5, 2470.0], [4259.75, 3901.0], [4260.0, 9861.0], [4260.25, 10629.0], [4260.5, 2470.0], [4260.75, 2469.0], [4261.0, 4900.0], [4261.25, 12301.0], [4261.5, 1335.0], [4261.75, 8263.0], [4262.0, 2544.0], [4262.25, 2214.0], [4262.5, 7546.0], [4262.75, 6036.0], [4263.0, 21327.0], [4263.25, 395.0], [4263.5, 1318.0], [4264.0, 408.0]]}}}
{"jsonrpc": "2.0", "method": "subscription", "params": {"channel": "book.ETH-15AUG25.none.20.100ms", "data": {"timestamp": 1754944675988, "change_id": 80864451993, "instrument_name": "ETH-15AUG25", "bids": [[4250.0, 1000.0], [4249.75, 160.0], [4249.5, 9479.0], [4249.25, 15928.0], [4249.0, 1613.0], [4248.75, 2467.0], [4248.5, 1350.0], [4248.25, 1165.0], [4248.0, 350.0], [4247.75, 1165.0], [4247.5, 350.0], [4247.25, 1165.0], [4247.0, 337.0], [4246.75, 5234.0], [4246.5, 14542.0], [4246.25, 638.0], [4246.0, 2272.0], [4245.75, 346.0], [4245.5, 1153.0], [4245.0, 344.0]], "asks": [[4250.25, 6141.0], [4250.5, 40582.0], [4250.75, 1300.0], [4251.0, 1300.0], [4251.25, 3742.0], [4251.5, 9584.0], [4251.75, 1347.0], [4252.0, 1917.0], [4252.25, 11953.0], [4252.5, 34602.0], [4252.75, 5057.0], [4253.0, 1339.0], [4253.25, 1130.0], [4253.5, 351.0], [4253.75, 1169.0], [4254.0, 3252.0], [4254.25, 10981.0], [4254.5, 337.0], [4254.75, 2323.0], [4255.0, 4350.0]]}}}
{"jsonrpc": "2.0", "method": "subscription", "params": {"channel": "book.ETH-22AUG25.none.20.100ms", "data": {"timestamp": 1754944676391, "change_id": 80864452355, "instrument_name": "ETH-22AUG25", "bids": [[4258.75, 160.0], [4258.5, 1000.0], [4258.25, 15611.0], [4258.0, 5000.0], [4257.0, 3865.0], [4256.75, 13831.0], [4256.5, 2237.0], [4256.25, 1361.0], [4255.75, 408.0], [4255.5, 1361.0], [4255.25, 408.0], [4255.0, 1361.0], [4254.75, 7672.0], [4254.5, 25098.0], [4254.25, 17696.0], [4254.0, 397.0], [4253.75, 1323.0], [4253.5, 411.0], [4253.25, 1370.0], [4253.0, 372.0]], "asks": [[4259.0, 9.0], [4259.25, 570.0], [4259.5, 2470.0], [4259.75, 3901.0], [4260.0, 9861.0], [4260.25, 10629.0], [4260.5, 2470.0], [4260.75, 2469.0], [4261.0, 4900.0], [4261.25, 19801.0], [4261.5, 1335.0], [4261.75, 763.0], [4262.0, 2544.0], [4262.25, 2214.0], [4262.5, 7546.0], [4262.75, 6036.0], [4263.0, 21327.0], [4263.25, 395.0], [4263.5, 1318.0], [4264.0, 408.0]]}}}
{"jsonrpc": "2.0", "method": "subscription", "params": {"channel": "book.ETH-15AUG25.none.20.100ms", "data": {"timestamp": 1754944676526, "change_id": 80864452561, "instrument_name": "ETH-15AUG25", "bids": [[4250.0, 1000.0], [4249.75, 160.0], [4249.5, 9479.0], [4249.25, 15928.0], [4249.0, 1613.0], [4248.75, 2467.0], [4248.5, 1350.0], [4248.25, 1165.0], [4248.0, 350.0], [4247.75, 1165.0], [4247.5, 350.0], [4247.25, 1165.0], [4247.0, 337.0], [4246.75, 5234.0], [4246.5, 14542.0], [4246.25, 1462.0], [4246.0, 1157.0], [4245.75, 346.0], [4245.5, 1153.0], [4245.0, 344.0]], "asks": [[4250.25, 6141.0], [4250.5, 40582.0], [4250.75, 1300.0], [4251.0, 1300.0], [4251.25, 3742.0], [4251.5, 9584.0], [4251.75, 1347.0], [4252.0, 1917.0], [4252.25, 11953.0], [4252.5, 34602.0], [4252.75, 5057.0], [4253.0, 1339.0], [4253.25, 1130.0], [4253.5, 351.0], [4253.75, 1169.0], [4254.0, 3252.0], [4254.25, 10981.0], [4254.5, 337.0], [4254.75, 2323.0], [4255.0, 4350.0]]}}}
{"jsonrpc": "2.0", "method": "subscription", "params": {"channel": "book.ETH-22AUG25.none.20.100ms", "data": {"timestamp": 1754944676663, "change_id": 80864452831, "instrument_name": "ETH-22AUG25", "bids": [[4258.75, 160.0], [4258.5, 1000.0], [4258.25, 15611.0], [4258.0, 5000.0], [4257.0, 3865.0], [4256.75, 13831.0], [4256.5, 2237.0], [4256.25, 1361.0], [4255.75, 408.0], [4255.5, 1361.0], [4255.25, 408.0], [4255.0, 1361.0], [4254.75, 7672.0], [4254.5, 25098.0], [4254.25, 17696.0], [4254.0, 397.0], [4253.75, 1323.0], [4253.5, 411.0], [4253.25, 1370.0], [4253.0, 372.0]], "asks": [[4259.0, 9.0], [4259.25, 570.0], [4259.5, 2470.0], [4259.75, 3901.0], [4260.0, 9861.0], [4260.25, 10629.0], [4260.5, 2470.0], [4260.75, 2469.0], [4261.0, 4900.0], [4261.25, 12301.0], [4261.5, 1335.0], [4261.75, 763.0], [4262.0, 10044.0], [4262.25, 2214.0], [4262.5, 7546.0], [4262.75, 6036.0], [4263.0, 21327.0], [4263.25, 395.0], [4263.5, 1318.0], [4264.0, 408.0]]}}}
{"jsonrpc": "2.0", "method": "subscription", "params": {"channel": "book.ETH-15AUG25.none.20.100ms", "data": {"timestamp": 1754944676978, "change_id": 80864453077, "instrument_name": "ETH-15AUG25", "bids": [[4250.0, 1000.0], [4249.75, 804.0], [4249.5, 9479.0], [4249.25, 15928.0], [4249.0, 1613.0], [4248.75, 2467.0], [4248.5, 1350.0], [4248.25, 1165.0], [4248.0, 350.0], [4247.75, 1165.0], [4247.5, 350.0], [4247.25, 1165.0], [4247.0, 337.0], [4246.75, 5234.0], [4246.5, 14542.0], [4246.25, 1462.0], [4246.0, 1157.0], [4245.75, 346.0], [4245.5, 1153.0], [4245.0, 344.0]], "asks": [[4250.25, 6141.0], [4250.5, 40582.0], [4250.75, 1300.0], [4251.0, 1300.0], [4251.25, 3742.0], [4251.5, 9584.0], [4251.75, 1347.0], [4252.0, 1917.0], [4252.25, 11953.0], [4252.5, 34602.0], [4252.75, 5057.0], [4253.0, 1339.0], [4253.25, 1130.0], [4253.5, 351.0], [4253.75, 1169.0], [4254.0, 3252.0], [4254.25, 10981.0], [4254.5, 337.0], [4254.75, 2323.0], [4255.0, 4350.0]]}}}
{"jsonrpc": "2.0", "method": "subscription", "params": {"channel": "book.ETH-22AUG25.none.20.100ms", "data": {"timestamp": 1754944677221, "change_id": 80864453261, "instrument_name": "ETH-22AUG25", "bids": [[4258.75, 160.0], [4258.5, 1000.0], [4258.25, 15611.0], [4258.0, 5000.0], [4257.0, 3865.0], [4256.75, 13831.0], [4256.5, 2237.0], [4256.25, 1361.0], [4255.75, 408.0], [4255.5, 1361.0], [4255.25, 408.0], [4255.0, 1361.0], [4254.75, 7672.0], [4254.5, 25098.0], [4254.25, 17696.0], [4254.0, 397.0], [4253.75, 1323.0], [4253.5, 411.0], [4253.25, 1370.0], [4253.0, 372.0]], "asks": [[4259.0, 9.0], [4259.25, 570.0], [4259.5, 2470.0], [4259.75, 3901.0], [4260.0, 9861.0], [4260.25, 10629.0], [4260.5, 2470.0], [4260.75, 2469.0], [4261.0, 4900.0], [4261.25, 14500.0], [4261.5, 8835.0], [4261.75, 763.0], [4262.0, 2544.0], [4262.25, 2214.0], [4262.5, 7546.0], [4262.75, 6036.0], [4263.0, 21327.0], [4263.25, 395.0], [4263.5, 1318.0], [4264.0, 408.0]]}}}
{"jsonrpc": "2.0", "method": "subscription", "params": {"channel": "book.ETH-22AUG25.none.20.100ms", "data": {"timestamp": 1754944677704, "change_id": 80864453862, "instrument_name": "ETH-22AUG25", "bids": [[4258.75, 160.0], [4258.5, 1000.0], [4258.25, 15611.0], [4258.0, 5000.0], [4257.0, 3865.0], [4256.75, 13831.0], [4256.5, 2237.0], [4256.25, 1361.0], [4255.75, 408.0], [4255.5, 1361.0], [4255.25, 408.0], [4255.0, 1361.0], [4254.75, 7672.0], [4254.5, 25098.0], [4254.25, 17696.0], [4254.0, 397.0], [4253.75, 1323.0], [4253.5, 411.0], [4253.25, 1370.0], [4253.0, 372.0]], "asks": [[4259.0, 9.0], [4259.25, 570.0], [4259.5, 2470.0], [4259.75, 3901.0], [4260.0, 9861.0], [4260.25, 10629.0], [4260.5, 2470.0], [4260.75, 2469.0], [4261.0, 4900.0], [4261.25, 12301.0], [4261.5, 1335.0], [4261.75, 763.0], [4262.0, 2544.0], [4262.25, 9714.0], [4262.5, 7546.0], [4262.75, 6036.0], [4263.0, 21327.0], [4263.25, 395.0], [4263.5, 1318.0], [4264.0, 408.0]]}}}
{"jsonrpc": "2.0", "method": "subscription", "params": {"channel": "book.ETH-15AUG25.none.20.100ms", "data": {"timestamp": 1754944677701, "change_id": 80864453857, "instrument_name": "ETH-15AUG25", "bids": [[4250.0, 1000.0], [4249.75, 1605.0], [4249.5, 9479.0], [4249.25, 15928.0], [4249.0, 1613.0], [4248.75, 2467.0], [4248.5, 1350.0], [4248.25, 1165.0], [4248.0, 350.0], [4247.75, 1165.0], [4247.5, 350.0], [4247.25, 1165.0], [4247.0, 337.0], [4246.75, 5234.0], [4246.5, 14542.0], [4246.25, 1462.0], [4246.0, 1157.0], [4245.75, 346.0], [4245.5, 1153.0], [4245.0, 344.0]], "asks": [[4250.25, 6141.0], [4250.5, 40582.0], [4250.75, 1300.0], [4251.0, 1000.0], [4251.25, 2742.0], [4251.5, 10584.0], [4251.75, 1347.0], [4252.0, 1917.0], [4252.25, 11953.0], [4252.5, 27102.0], [4252.75, 7270.0], [4253.0, 8839.0], [4253.25, 1130.0], [4253.5, 351.0], [4253.75, 1169.0], [4254.0, 3252.0], [4254.25, 10981.0], [4254.5, 337.0], [4254.75, 2323.0], [4255.0, 4350.0]]}}}
{"jsonrpc": "2.0", "method": "subscription", "params": {"channel": "book.ETH-15AUG25.none.20.100ms", "data": {"timestamp": 1754944678195, "change_id": 80864454349, "instrument_name": "ETH-15AUG25", "bids": [[4250.0, 1000.0], [4249.75, 1605.0], [4249.5, 9479.0], [4249.25, 15928.0], [4249.0, 1613.0], [4248.75, 2467.0], [4248.5, 1350.0], [4248.25, 1165.0], [4248.0, 350.0], [4247.75, 1165.0], [4247.5, 350.0], [4247.25, 1165.0], [4247.0, 337.0], [4246.75, 5234.0], [4246.5, 14542.0], [4246.25, 347.0], [4246.0, 1157.0], [4245.75, 346.0], [4245.5, 1153.0], [4245.0, 344.0]], "asks": [[4250.25, 6141.0], [4250.5, 1300.0], [4250.75, 1300.0], [4251.0, 1000.0], [4251.25, 2742.0], [4251.5, 10584.0], [4251.75, 1347.0], [4252.0, 1917.0], [4252.25, 2000.0], [4252.5, 1427.0], [4252.75, 7270.0], [4253.0, 8839.0], [4253.25, 1130.0], [4253.5, 351.0], [4253.75, 1169.0], [4254.0, 3252.0], [4254.25, 10981.0], [4254.5, 337.0], [4254.75, 2323.0], [4255.0, 4350.0]]}}}
{"jsonrpc": "2.0", "method": "subscription", "params": {"channel": "book.ETH-22AUG25.none.20.100ms", "data": {"timestamp": 1754944678196, "change_id": 80864454355, "instrument_name": "ETH-22AUG25", "bids": [[4258.75, 160.0], [4258.5, 6000.0], [4258.25, 15611.0], [4257.5, 403.0], [4257.25, 1343.0], [4257.0, 3865.0], [4256.75, 13831.0], [4256.5, 2237.0], [4256.25, 1361.0], [4255.75, 408.0], [4255.5, 1361.0], [4255.25, 408.0], [4255.0, 1361.0], [4254.75, 7672.0], [4254.5, 25098.0], [4254.25, 17696.0], [4254.0, 397.0], [4253.75, 1323.0], [4253.5, 411.0], [4253.25, 1370.0]], "asks": [[4259.0, 9.0], [4259.5, 2470.0], [4259.75, 3901.0], [4260.0, 9861.0], [4260.25, 10629.0], [4260.5, 2470.0], [4260.75, 2309.0], [4261.0, 4900.0], [4261.25, 12301.0], [4261.5, 1335.0], [4261.75, 763.0], [4262.0, 2544.0], [4262.25, 9714.0], [4262.5, 7546.0], [4262.75, 6036.0], [4263.0, 21327.0], [4263.25, 395.0], [4263.5, 1318.0], [4264.0, 408.0], [4264.25, 1361.0]]}}}
{"jsonrpc": "2.0", "method": "subscription", "params": {"channel": "book.ETH-15AUG25.none.20.100ms", "data": {"timestamp": 1754944678455, "change_id": 80864455302, "instrument_name": "ETH-15AUG25", "bids": [[4250.0, 1000.0], [4249.75, 17233.0], [4249.5, 6579.0], [4249.25, 300.0], [4249.0, 1613.0], [4248.75, 2467.0], [4248.5, 1350.0], [4248.25, 1165.0], [4248.0, 350.0], [4247.75, 1165.0], [4247.5, 350.0], [4247.25, 1165.0], [4247.0, 337.0], [4246.75, 5234.0], [4246.5, 14542.0], [4246.25, 1462.0], [4246.0, 1157.0], [4245.75, 346.0], [4245.5, 1153.0], [4245.0, 344.0]], "asks": [[4250.25, 5141.0], [4250.5, 3941.0], [4250.75, 31214.0], [4251.0, 1300.0], [4251.25, 1603.0], [4251.5, 2456.0], [4251.75, 1347.0], [4252.0, 10885.0], [4252.25, 2160.0], [4252.5, 1427.0], [4252.75, 5057.0], [4253.0, 1339.0], [4253.25, 1130.0], [4253.5, 7851.0], [4253.75, 1169.0], [4254.0, 3252.0], [4254.25, 36656.0], [4254.5, 337.0], [4254.75, 2323.0], [4255.0, 4350.0]]}}}
{"jsonrpc": "2.0", "method": "subscription", "params": {"channel": "book.ETH-22AUG25.none.20.100ms", "data": {"timestamp": 1754944678369, "change_id": 80864455080, "instrument_name": "ETH-22AUG25", "bids": [[4258.75, 7660.0], [4258.5, 6000.0], [4258.25, 8111.0], [4257.5, 403.0], [4257.25, 1343.0], [4257.0, 3865.0], [4256.75, 13831.0], [4256.5, 2237.0], [4256.25, 1361.0], [4255.75, 408.0], [4255.5, 1361.0], [4255.25, 408.0], [4255.0, 1361.0], [4254.75, 7672.0], [4254.5, 23188.0], [4254.25, 17696.0], [4254.0, 397.0], [4253.75, 1323.0], [4253.5, 411.0], [4253.25, 1370.0]], "asks": [[4259.0, 9.0], [4259.75, 2001.0], [4260.0, 7318.0], [4260.25, 2518.0], [4260.5, 4832.0], [4260.75, 10420.0], [4261.0, 4900.0], [4261.25, 12301.0], [4261.5, 1495.0], [4261.75, 763.0], [4262.0, 4794.0], [4262.25, 9714.0], [4262.5, 7546.0], [4262.75, 6036.0], [4263.0, 21327.0], [4263.25, 395.0], [4263.5, 1318.0], [4264.0, 408.0], [4264.25, 1361.0], [4264.5, 3026.0]]}}}
{"jsonrpc": "2.0", "method": "subscription", "params": {"channel": "book.ETH-22AUG25.none.20.100ms", "data": {"timestamp": 1754944678826, "change_id": 80864456668, "instrument_name": "ETH-22AUG25", "bids": [[4258.75, 12408.0], [4258.5, 6000.0], [4257.5, 403.0], [4257.25, 1343.0], [4257.0, 3865.0], [4256.75, 13831.0], [4256.5, 2237.0], [4256.25, 1361.0], [4255.75, 408.0], [4255.5, 1361.0], [4255.25, 408.0], [4255.0, 1361.0], [4254.75, 7672.0], [4254.5, 23188.0], [4254.25, 17696.0], [4254.0, 397.0], [4253.75, 1323.0], [4253.5, 411.0], [4253.25, 1370.0], [4253.0, 372.0]], "asks": [[4259.0, 9.0], [4259.75, 2001.0], [4260.0, 7318.0], [4260.25, 3817.0], [4260.5, 7218.0], [4260.75, 2309.0], [4261.0, 4900.0], [4261.25, 12301.0], [4261.5, 1495.0], [4261.75, 763.0], [4262.0, 4794.0], [4262.25, 9714.0], [4262.5, 7546.0], [4262.75, 6036.0], [4263.0, 21327.0], [4263.25, 395.0], [4263.5, 4394.0], [4263.75, 10254.0], [4264.0, 408.0], [4264.25, 1361.0]]}}}
{"jsonrpc": "2.0", "method": "subscription", "params": {"channel": "book.ETH-15AUG25.none.20.100ms", "data": {"timestamp": 1754944678858, "change_id": 80864456715, "instrument_name": "ETH-15AUG25", "bids": [[4250.0, 5973.0], [4249.75, 9105.0], [4249.5, 6579.0], [4249.25, 300.0], [4249.0, 1613.0], [4248.75, 2467.0], [4248.5, 1350.0], [4248.25, 1165.0], [4248.0, 350.0], [4247.75, 1165.0], [4247.5, 350.0], [4247.25, 1165.0], [4247.0, 337.0], [4246.75, 5234.0], [4246.5, 14542.0], [4246.25, 1462.0], [4246.0, 1157.0], [4245.75, 346.0], [4245.5, 1153.0], [4245.0, 344.0]], "asks": [[4250.25, 5141.0], [4250.5, 1000.0], [4250.75, 300.0], [4251.0, 1300.0], [4251.25, 1603.0], [4251.5, 7429.0], [4251.75, 2347.0], [4252.0, 1757.0], [4252.25, 2000.0], [4252.5, 1427.0], [4252.75, 5057.0], [4253.0, 1499.0], [4253.25, 1130.0], [4253.5, 7851.0], [4253.75, 1169.0], [4254.0, 3252.0], [4254.25, 26799.0], [4254.5, 337.0], [4254.75, 5186.0], [4255.0, 14393.0]]}}}
{"jsonrpc": "2.0", "method": "subscription", "params": {"channel": "book.ETH-15AUG25.none.20.100ms", "data": {"timestamp": 1754944679090, "change_id": 80864456906, "instrument_name": "ETH-15AUG25", "bids": [[4250.0, 5973.0], [4249.75, 9105.0], [4249.5, 6579.0], [4249.25, 300.0], [4249.0, 1613.0], [4248.75, 2467.0], [4248.5, 1350.0], [4248.25, 1165.0], [4248.0, 350.0], [4247.75, 1165.0], [4247.5, 350.0], [4247.25, 1165.0], [4247.0, 337.0], [4246.75, 5234.0], [4246.5, 14542.0], [4246.25, 1462.0], [4246.0, 1157.0], [4245.75, 346.0], [4245.5, 1153.0], [4245.0, 344.0]], "asks": [[4250.25, 5141.0], [4250.5, 1000.0], [4250.75, 5482.0], [4251.0, 39323.0], [4251.25, 1603.0], [4251.5, 7429.0], [4251.75, 2347.0], [4252.0, 1757.0], [4252.25, 2000.0], [4252.5, 1587.0], [4252.75, 5057.0], [4253.0, 1339.0], [4253.25, 1130.0], [4253.5, 7851.0], [4253.75, 1169.0], [4254.0, 3252.0], [4254.25, 26799.0], [4254.5, 337.0], [4254.75, 5186.0], [4255.0, 14393.0]]}}}
{"jsonrpc": "2.0", "method": "subscription", "params": {"channel": "book.ETH-22AUG25.none.20.100ms", "data": {"timestamp": 1754944679496, "change_id": 80864457340, "instrument_name": "ETH-22AUG25", "bids": [[4258.75, 12408.0], [4258.5, 6000.0], [4257.5, 403.0], [4257.25, 1343.0], [4257.0, 3865.0], [4256.75, 13831.0], [4256.5, 2237.0], [4256.25, 1361.0], [4255.75, 408.0], [4255.5, 1361.0], [4255.25, 408.0], [4255.0, 1361.0], [4254.75, 7672.0], [4254.5, 24910.0], [4254.25, 17696.0], [4254.0, 397.0], [4253.75, 1323.0], [4253.5, 411.0], [4253.25, 1370.0], [4253.0, 372.0]], "asks": [[4259.0, 9.0], [4259.75, 2001.0], [4260.0, 7318.0], [4260.25, 3817.0], [4260.5, 7218.0], [4260.75, 2309.0], [4261.0, 4900.0], [4261.25, 12301.0], [4261.5, 1495.0], [4261.75, 763.0], [4262.0, 4794.0], [4262.25, 9714.0], [4262.5, 7546.0], [4262.75, 6036.0], [4263.0, 21327.0], [4263.25, 395.0], [4263.5, 4394.0], [4263.75, 10254.0], [4264.0, 408.0], [4264.25, 1361.0]]}}}
{"jsonrpc": "2.0", "method": "subscription", "params": {"channel": "book.ETH-15AUG25.none.20.100ms", "data": {"timestamp": 1754944679391, "change_id": 80864457211, "instrument_name": "ETH-15AUG25", "bids": [[4250.0, 5973.0], [4249.75, 9105.0], [4249.5, 6579.0], [4249.25, 300.0], [4249.0, 1613.0], [4248.75, 2467.0], [4248.5, 1350.0], [4248.25, 1165.0], [4248.0, 350.0], [4247.75, 1165.0], [4247.5, 350.0], [4247.25, 1165.0], [4247.0, 337.0], [4246.75, 5234.0], [4246.5, 14542.0], [4246.25, 1462.0], [4246.0, 1157.0], [4245.75, 346.0], [4245.5, 1153.0], [4245.0, 344.0]], "asks": [[4250.25, 5141.0], [4250.5, 1300.0], [4250.75, 6482.0], [4251.0, 39323.0], [4251.25, 1603.0], [4251.5, 7429.0], [4251.75, 2347.0], [4252.0, 1757.0], [4252.25, 2000.0], [4252.5, 1587.0], [4252.75, 5057.0], [4253.0, 1339.0], [4253.25, 1130.0], [4253.5, 7851.0], [4253.75, 1169.0], [4254.0, 3252.0], [4254.25, 26799.0], [4254.5, 337.0], [4254.75, 5186.0], [4255.0, 14393.0]]}}}
{"jsonrpc": "2.0", "method": "subscription", "params": {"channel": "book.ETH-15AUG25.none.20.100ms", "data": {"timestamp": 1754944679702, "change_id": 80864457764, "instrument_name": "ETH-15AUG25", "bids": [[4250.0, 5973.0], [4249.75, 9105.0], [4249.5, 6579.0], [4249.25, 300.0], [4249.0, 1613.0], [4248.75, 2467.0], [4248.5, 1350.0], [4248.25, 1165.0], [4248.0, 350.0], [4247.75, 1165.0], [4247.5, 350.0], [4247.25, 1165.0], [4247.0, 337.0], [4246.75, 5234.0], [4246.5, 14542.0], [4246.25, 1462.0], [4246.0, 1157.0], [4245.75, 346.0], [4245.5, 1153.0], [4245.0, 344.0]], "asks": [[4250.25, 5141.0], [4250.5, 1300.0], [4250.75, 6482.0], [4251.0, 39323.0], [4251.25, 3063.0], [4251.5, 8429.0], [4251.75, 1347.0], [4252.0, 1917.0], [4252.25, 2000.0], [4252.5, 1427.0], [4252.75, 7270.0], [4253.0, 8839.0], [4253.25, 1130.0], [4253.5, 351.0], [4253.75, 1169.0], [4254.0, 3252.0], [4254.25, 26799.0], [4254.5, 337.0], [4254.75, 5186.0], [4255.0, 14393.0]]}}}
{"jsonrpc": "2.0", "method": "subscription", "params": {"channel": "book.ETH-22AUG25.none.20.100ms", "data": {"timestamp": 1754944679836, "change_id": 80864458112, "instrument_name": "ETH-22AUG25", "bids": [[4258.75, 12408.0], [4258.5, 6000.0], [4257.5, 403.0], [4257.25, 1343.0], [4257.0, 3865.0], [4256.75, 13831.0], [4256.5, 2237.0], [4256.25, 1361.0], [4255.75, 408.0], [4255.5, 1361.0], [4255.25, 408.0], [4255.0, 1361.0], [4254.75, 7672.0], [4254.5, 24910.0], [4254.25, 17696.0], [4254.0, 397.0], [4253.75, 1323.0], [4253.5, 411.0], [4253.25, 1370.0], [4253.0, 372.0]], "asks": [[4259.0, 9.0], [4259.75, 2001.0], [4260.0, 7318.0], [4260.25, 3817.0], [4260.5, 7218.0], [4260.75, 2309.0], [4261.0, 5060.0], [4261.25, 12301.0], [4261.5, 3585.0], [4261.75, 8263.0], [4262.0, 2544.0], [4262.25, 2214.0], [4262.5, 7546.0], [4262.75, 6036.0], [4263.0, 21327.0], [4263.25, 395.0], [4263.5, 4394.0], [4263.75, 10254.0], [4264.0, 408.0], [4264.25, 1361.0]]}}}
{"jsonrpc": "2.0", "method": "subscription", "params": {"channel": "book.ETH-15AUG25.none.20.100ms", "data": {"timestamp": 1754944680107, "change_id": 80864458329, "instrument_name": "ETH-15AUG25", "bids": [[4250.0, 5973.0], [4249.75, 5383.0], [4249.5, 2000.0], [4249.25, 2513.0], [4249.0, 9113.0], [4248.75, 2467.0], [4248.5, 1350.0], [4248.25, 1165.0], [4248.0, 350.0], [4247.75, 1165.0], [4247.5, 350.0], [4247.25, 1165.0], [4247.0, 337.0], [4246.75, 5234.0], [4246.5, 14542.0], [4246.25, 1462.0], [4246.0, 1157.0], [4245.75, 346.0], [4245.5, 1153.0], [4245.0, 344.0]], "asks": [[4250.25, 5141.0], [4250.5, 1300.0], [4250.75, 8926.0], [4251.0, 39323.0], [4251.25, 3063.0], [4251.5, 8429.0], [4251.75, 1347.0], [4252.0, 1917.0], [4252.25, 2000.0], [4252.5, 1427.0], [4252.75, 7270.0], [4253.0, 8839.0], [4253.25, 1130.0], [4253.5, 351.0], [4253.75, 1169.0], [4254.0, 3252.0], [4254.25, 26799.0], [4254.5, 337.0], [4254.75, 5186.0], [4255.0, 14393.0]]}}}
{"jsonrpc": "2.0", "method": "subscription", "params": {"channel": "book.ETH-22AUG25.none.20.100ms", "data": {"timestamp": 1754944680107, "change_id": 80864458330, "instrument_name": "ETH-22AUG25", "bids": [[4258.75, 4908.0], [4258.5, 6000.0], [4258.0, 7500.0], [4257.5, 403.0], [4257.25, 1343.0], [4257.0, 3865.0], [4256.75, 13831.0], [4256.5, 2237.0], [4256.25, 1361.0], [4255.75, 408.0], [4255.5, 1361.0], [4255.25, 408.0], [4255.0, 1361.0], [4254.75, 7672.0], [4254.5, 24910.0], [4254.25, 17696.0], [4254.0, 397.0], [4253.75, 1323.0], [4253.5, 411.0], [4253.25, 1370.0]], "asks": [[4259.0, 9.0], [4259.75, 3247.0], [4260.0, 12066.0], [4260.25, 2518.0], [4260.5, 2470.0], [4260.75, 2309.0], [4261.0, 5060.0], [4261.25, 12301.0], [4261.5, 3585.0], [4261.75, 8263.0], [4262.0, 2544.0], [4262.25, 2214.0], [4262.5, 7546.0], [4262.75, 6036.0], [4263.0, 21327.0], [4263.25, 395.0], [4263.5, 4394.0], [4263.75, 10254.0], [4264.0, 408.0], [4264.25, 1361.0]]}}}
{"jsonrpc": "2.0", "method": "subscription", "params": {"channel": "book.ETH-22AUG25.none.20.100ms", "data": {"timestamp": 1754944680467, "change_id": 80864458787, "instrument_name": "ETH-22AUG25", "bids": [[4258.75, 4908.0], [4258.5, 13500.0], [4257.5, 403.0], [4257.25, 1343.0], [4257.0, 3865.0], [4256.75, 13831.0], [4256.5, 2237.0], [4256.25, 1361.0], [4255.75, 408.0], [4255.5, 1361.0], [4255.25, 408.0], [4255.0, 1361.0], [4254.75, 7672.0], [4254.5, 24910.0], [4254.25, 17696.0], [4254.0, 397.0], [4253.75, 1323.0], [4253.5, 411.0], [4253.25, 1370.0], [4253.0, 372.0]], "asks": [[4259.0, 9.0], [4259.75, 3247.0], [4260.0, 12066.0], [4260.25, 2518.0], [4260.5, 2470.0], [4260.75, 2309.0], [4261.0, 5060.0], [4261.25, 12301.0], [4261.5, 1335.0], [4261.75, 763.0], [4262.0, 2544.0], [4262.25, 2214.0], [4262.5, 15046.0], [4262.75, 6036.0], [4263.0, 21327.0], [4263.25, 395.0], [4263.5, 4394.0], [4263.75, 10254.0], [4264.0, 408.0], [4264.25, 1361.0]]}}}
{"jsonrpc": "2.0", "method": "subscription", "params": {"channel": "book.ETH-15AUG25.none.20.100ms", "data": {"timestamp": 1754944680483, "change_id": 80864458799, "instrument_name": "ETH-15AUG25", "bids": [[4250.0, 5973.0], [4249.75, 7395.0], [4249.5, 9500.0], [4249.25, 300.0], [4249.0, 1613.0], [4248.75, 2467.0], [4248.5, 1350.0], [4248.25, 1165.0], [4248.0, 350.0], [4247.75, 1165.0], [4247.5, 350.0], [4247.25, 1165.0], [4247.0, 337.0], [4246.75, 5234.0], [4246.5, 14542.0], [4246.25, 1462.0], [4246.0, 1157.0], [4245.75, 346.0], [4245.5, 1153.0], [4245.0, 344.0]], "asks": [[4250.25, 5141.0], [4250.5, 1300.0], [4250.75, 8926.0], [4251.0, 39323.0], [4251.25, 3063.0], [4251.5, 7429.0], [4251.75, 2347.0], [4252.0, 1757.0], [4252.25, 2000.0], [4252.5, 1427.0], [4252.75, 7430.0], [4253.0, 8839.0], [4253.25, 1130.0], [4253.5, 351.0], [4253.75, 1169.0], [4254.0, 3252.0], [4254.25, 26799.0], [4254.5, 337.0], [4254.75, 5186.0], [4255.0, 14393.0]]}}}
{"jsonrpc": "2.0", "method": "subscription", "params": {"channel": "book.ETH-15AUG25.none.20.100ms", "data": {"timestamp": 1754944680805, "change_id": 80864459870, "instrument_name": "ETH-15AUG25", "bids": [[4250.0, 5973.0], [4249.75, 7395.0], [4249.5, 10627.0], [4249.25, 300.0], [4249.0, 1613.0], [4248.75, 2467.0], [4248.5, 1350.0], [4248.25, 1165.0], [4248.0, 350.0], [4247.75, 1165.0], [4247.5, 350.0], [4247.25, 1165.0], [4247.0, 337.0], [4246.75, 5234.0], [4246.5, 15657.0], [4246.25, 347.0], [4246.0, 1157.0], [4245.75, 346.0], [4245.5, 1153.0], [4245.0, 344.0]], "asks": [[4250.25, 5141.0], [4250.75, 1300.0], [4251.0, 1300.0], [4251.25, 1347.0], [4251.5, 1300.0], [4251.75, 2796.0], [4252.0, 7130.0], [4252.5, 1427.0], [4252.75, 5217.0], [4253.0, 3339.0], [4253.25, 1130.0], [4253.5, 2557.0], [4253.75, 8669.0], [4254.0, 3252.0], [4254.25, 26799.0], [4254.5, 337.0], [4254.75, 5186.0], [4255.0, 14393.0], [4255.25, 1167.0], [4256.5, 343.0]]}}}
{"jsonrpc": "2.0", "method": "subscription", "params": {"channel": "book.ETH-22AUG25.none.20.100ms", "data": {"timestamp": 1754944680843, "change_id": 80864459957, "instrument_name": "ETH-22AUG25", "bids": [[4259.25, 4908.0], [4259.0, 6000.0], [4258.75, 2210.0], [4258.5, 7500.0], [4257.75, 3000.0], [4257.5, 10403.0], [4257.25, 1343.0], [4257.0, 907.0], [4256.75, 3831.0], [4256.5, 2237.0], [4256.25, 1361.0], [4255.75, 408.0], [4255.5, 1361.0], [4255.25, 408.0], [4255.0, 1361.0], [4254.75, 7672.0], [4254.5, 29556.0], [4254.25, 11328.0], [4254.0, 397.0], [4253.75, 1323.0]], "asks": [[4260.0, 2318.0], [4260.25, 3817.0], [4260.5, 8647.0], [4260.75, 7309.0], [4261.0, 4900.0], [4261.25, 12301.0], [4261.75, 923.0], [4262.0, 2544.0], [4262.25, 2214.0], [4262.5, 8818.0], [4262.75, 6036.0], [4263.0, 21327.0], [4263.25, 395.0], [4263.5, 4394.0], [4263.75, 10254.0], [4264.0, 408.0], [4264.25, 3229.0], [4264.5, 6228.0], [4264.75, 402.0], [4265.0, 1340.0]]}}}
{"jsonrpc": "2.0", "method": "subscription", "params": {"channel": "book.ETH-15AUG25.none.20.100ms", "data": {"timestamp": 1754944681172, "change_id": 80864460391, "instrument_name": "ETH-15AUG25", "bids": [[4250.5, 6133.0], [4250.25, 3734.0], [4250.0, 9922.0], [4249.75, 4340.0], [4249.5, 1127.0], [4249.25, 300.0], [4249.0, 1613.0], [4248.75, 2467.0], [4248.5, 1350.0], [4248.25, 1165.0], [4248.0, 350.0], [4247.75, 1165.0], [4247.5, 350.0], [4247.25, 1165.0], [4247.0, 337.0], [4246.75, 5234.0], [4246.5, 15657.0], [4246.25, 347.0], [4246.0, 1157.0], [4245.75, 346.0]], "asks": [[4250.75, 1000.0], [4251.0, 1300.0], [4251.25, 1347.0], [4251.5, 1300.0], [4251.75, 2796.0], [4252.0, 4973.0], [4252.25, 1127.0], [4252.5, 1427.0], [4252.75, 5057.0], [4253.0, 3339.0], [4253.25, 1130.0], [4253.5, 2717.0], [4253.75, 8669.0], [4254.0, 3252.0], [4254.25, 26799.0], [4254.5, 337.0], [4254.75, 5186.0], [4255.0, 14393.0], [4255.25, 1167.0], [4256.5, 343.0]]}}}
{"jsonrpc": "2.0", "method": "subscription", "params": {"channel": "book.ETH-22AUG25.none.20.100ms", "data": {"timestamp": 1754944681172, "change_id": 80864460394, "instrument_name": "ETH-22AUG25", "bids": [[4259.25, 4908.0], [4259.0, 13500.0], [4258.0, 403.0], [4257.75, 4343.0], [4257.5, 10403.0], [4257.25, 1343.0], [4257.0, 907.0], [4256.75, 3831.0], [4256.5, 2237.0], [4256.25, 1361.0], [4255.75, 408.0], [4255.5, 1361.0], [4255.25, 408.0], [4255.0, 1361.0], [4254.75, 7672.0], [4254.5, 9556.0], [4254.25, 11328.0], [4254.0, 397.0], [4253.75, 1323.0], [4253.5, 411.0]], "asks": [[4260.0, 579.0], [4260.25, 2518.0], [4260.5, 3899.0], [4260.75, 7309.0], [4261.0, 2470.0], [4261.25, 1900.0], [4261.75, 923.0], [4262.0, 2544.0], [4262.25, 395.0], [4262.5, 3568.0], [4262.75, 7898.0], [4263.0, 1327.0], [4263.25, 395.0], [4263.5, 4394.0], [4263.75, 10254.0], [4264.0, 408.0], [4264.25, 3229.0], [4264.5, 6228.0], [4264.75, 402.0], [4265.0, 1340.0]]}}}
{"jsonrpc": "2.0", "method": "subscription", "params": {"channel": "book.ETH-22AUG25.none.20.100ms", "data": {"timestamp": 1754944681403, "change_id": 80864461788, "instrument_name": "ETH-22AUG25", "bids": [[4259.75, 4908.0], [4259.5, 5000.0], [4259.25, 2224.0], [4259.0, 7500.0], [4258.0, 403.0], [4257.75, 4343.0], [4257.5, 10403.0], [4257.25, 1343.0], [4257.0, 936.0], [4256.75, 3831.0], [4256.5, 337.0], [4256.25, 1361.0], [4256.0, 6000.0], [4255.75, 20408.0], [4255.5, 1361.0], [4255.25, 1860.0], [4255.0, 7729.0], [4254.5, 3237.0], [4254.25, 11328.0], [4254.0, 397.0]], "asks": [[4260.0, 9.0], [4260.5, 3899.0], [4260.75, 7309.0], [4261.0, 3253.0], [4261.25, 4748.0], [4261.5, 570.0], [4261.75, 2787.0], [4262.0, 6109.0], [4262.25, 10395.0], [4262.5, 1478.0], [4262.75, 398.0], [4263.0, 1327.0], [4263.25, 395.0], [4263.5, 6260.0], [4263.75, 17754.0], [4264.0, 408.0], [4264.25, 8996.0], [4264.5, 26228.0], [4264.75, 402.0], [4265.0, 1340.0]]}}}
{"jsonrpc": "2.0", "method": "subscription", "params": {"channel": "book.ETH-15AUG25.none.20.100ms", "data": {"timestamp": 1754944681432, "change_id": 80864461844, "instrument_name": "ETH-15AUG25", "bids": [[4251.0, 5133.0], [4250.75, 648.0], [4250.5, 2000.0], [4250.25, 2550.0], [4250.0, 7500.0], [4249.75, 338.0], [4249.5, 1127.0], [4249.25, 206.0], [4249.0, 1523.0], [4248.75, 2167.0], [4248.5, 350.0], [4248.25, 1165.0], [4248.0, 1506.0], [4247.75, 5165.0], [4247.5, 350.0], [4247.25, 1398.0], [4247.0, 1452.0], [4246.75, 3934.0], [4246.5, 10207.0], [4246.25, 347.0]], "asks": [[4251.25, 1210.0], [4251.5, 3648.0], [4251.75, 49194.0], [4252.0, 1000.0], [4252.25, 1492.0], [4252.5, 6400.0], [4252.75, 4757.0], [4253.0, 339.0], [4253.25, 1778.0], [4253.5, 2511.0], [4253.75, 1169.0], [4254.0, 7080.0], [4254.25, 27799.0], [4254.5, 337.0], [4254.75, 3881.0], [4255.0, 10393.0], [4255.25, 1167.0], [4256.0, 338.0], [4256.25, 2327.0], [4256.5, 4343.0]]}}}
{"jsonrpc": "2.0", "method": "subscription", "params": {"channel": "book.ETH-22AUG25.none.20.100ms", "data": {"timestamp": 1754944681830, "change_id": 80864463584, "instrument_name": "ETH-22AUG25", "bids": [[4259.75, 12408.0], [4259.5, 5000.0], [4258.5, 3353.0], [4258.25, 11343.0], [4258.0, 403.0], [4257.75, 1343.0], [4257.5, 403.0], [4257.25, 1343.0], [4257.0, 903.0], [4256.75, 3261.0], [4256.5, 337.0], [4256.25, 1361.0], [4256.0, 6000.0], [4255.75, 20408.0], [4255.5, 1361.0], [4255.25, 2319.0], [4255.0, 7729.0], [4254.5, 3155.0], [4254.25, 11328.0], [4254.0, 397.0]], "asks": [[4260.0, 9.0], [4261.25, 1500.0], [4261.5, 6923.0], [4261.75, 7535.0], [4262.0, 6109.0], [4262.25, 10395.0], [4262.5, 1318.0], [4262.75, 398.0], [4263.0, 1327.0], [4263.25, 395.0], [4263.5, 3344.0], [4263.75, 7500.0], [4264.0, 408.0], [4264.25, 8996.0], [4264.5, 26228.0], [4264.75, 402.0], [4265.0, 1340.0], [4265.5, 396.0], [4265.75, 4255.0], [4266.0, 10184.0]]}}}
{"jsonrpc": "2.0", "method": "subscription", "params": {"channel": "book.ETH-15AUG25.none.20.100ms", "data": {"timestamp": 1754944681832, "change_id": 80864463601, "instrument_name": "ETH-15AUG25", "bids": [[4251.25, 5621.0], [4251.0, 4410.0], [4250.75, 7500.0], [4250.5, 338.0], [4250.25, 1127.0], [4249.75, 338.0], [4249.5, 1127.0], [4249.25, 206.0], [4249.0, 1523.0], [4248.75, 2167.0], [4248.5, 350.0], [4248.25, 1165.0], [4248.0, 1506.0], [4247.75, 5165.0], [4247.5, 350.0], [4247.25, 1398.0], [4247.0, 1452.0], [4246.75, 3934.0], [4246.5, 10207.0], [4246.25, 347.0]], "asks": [[4251.75, 1300.0], [4252.0, 1300.0], [4252.25, 2064.0], [4252.5, 6053.0], [4252.75, 3900.0], [4253.0, 1339.0], [4253.25, 1130.0], [4253.5, 351.0], [4253.75, 1769.0], [4254.0, 9080.0], [4254.25, 27799.0], [4254.5, 497.0], [4254.75, 1123.0], [4255.0, 2556.0], [4255.25, 8667.0], [4256.0, 338.0], [4256.25, 2327.0], [4256.5, 4337.0], [4256.75, 1122.0], [4257.0, 338.0]]}}}
{"jsonrpc": "2.0", "method": "subscription", "params": {"channel": "book.ETH-22AUG25.none.20.100ms", "data": {"timestamp": 1754944682096, "change_id": 80864464134, "instrument_name": "ETH-22AUG25", "bids": [[4260.5, 4748.0], [4260.25, 160.0], [4260.0, 1000.0], [4259.75, 9000.0], [4259.5, 5000.0], [4258.5, 3353.0], [4258.25, 11343.0], [4258.0, 403.0], [4257.75, 1343.0], [4257.5, 403.0], [4257.25, 1343.0], [4257.0, 304.0], [4256.75, 1361.0], [4256.5, 337.0], [4256.25, 1361.0], [4256.0, 6000.0], [4255.75, 22268.0], [4255.5, 7729.0], [4255.25, 408.0], [4255.0, 1361.0]], "asks": [[4261.25, 1500.0], [4261.5, 5570.0], [4261.75, 2787.0], [4262.0, 6109.0], [4262.25, 10395.0], [4262.75, 398.0], [4263.0, 1487.0], [4263.25, 395.0], [4263.5, 3184.0], [4263.75, 7500.0], [4264.0, 408.0], [4264.25, 8996.0], [4264.5, 26228.0], [4264.75, 402.0], [4265.0, 1340.0], [4265.5, 396.0], [4265.75, 4255.0], [4266.0, 10184.0], [4266.25, 1324.0], [4266.5, 403.0]]}}}
{"jsonrpc": "2.0", "method": "subscription", "params": {"channel": "book.ETH-15AUG25.none.20.100ms", "data": {"timestamp": 1754944682122, "change_id": 80864464261, "instrument_name": "ETH-15AUG25", "bids": [[4251.5, 160.0], [4251.25, 5621.0], [4251.0, 4250.0], [4250.75, 7500.0], [4250.5, 338.0], [4250.25, 1127.0], [4249.75, 338.0], [4249.5, 1127.0], [4249.25, 206.0], [4249.0, 1523.0], [4248.75, 2167.0], [4248.5, 350.0], [4248.25, 1165.0], [4248.0, 1506.0], [4247.75, 5500.0], [4247.5, 1465.0], [4247.25, 1165.0], [4247.0, 337.0], [4246.75, 3934.0], [4246.5, 10207.0]], "asks": [[4251.75, 1300.0], [4252.0, 1300.0], [4252.25, 1000.0], [4252.5, 1080.0], [4252.75, 3900.0], [4253.0, 1339.0], [4253.25, 1130.0], [4253.5, 351.0], [4253.75, 1769.0], [4254.0, 9240.0], [4254.25, 27799.0], [4254.5, 337.0], [4254.75, 1123.0], [4255.0, 350.0], [4255.25, 3417.0], [4255.5, 7838.0], [4255.75, 1127.0], [4256.0, 338.0], [4256.25, 2327.0], [4256.5, 4337.0]]}}}
{"jsonrpc": "2.0", "method": "subscription", "params": {"channel": "book.ETH-22AUG25.none.20.100ms", "data": {"timestamp": 1754944682491, "change_id": 80864467312, "instrument_name": "ETH-22AUG25", "bids": [[4261.0, 4748.0], [4260.75, 160.0], [4259.75, 7500.0], [4259.0, 11343.0], [4258.25, 1343.0], [4257.75, 1343.0], [4257.25, 1343.0], [4257.0, 20000.0], [4256.75, 1361.0], [4256.25, 11760.0], [4256.0, 6368.0], [4255.5, 1361.0], [4255.0, 1361.0], [4254.25, 1331.0], [4253.75, 1323.0], [4253.25, 1370.0], [4253.0, 18465.0], [4252.75, 7421.0], [4252.5, 1352.0], [4251.75, 1351.0]], "asks": [[4261.75, 1900.0], [4262.0, 1209.0], [4262.25, 5000.0], [4262.5, 1900.0], [4263.0, 1909.0], [4263.25, 10000.0], [4263.5, 1318.0], [4264.25, 1521.0], [4264.5, 6228.0], [4265.0, 1340.0], [4265.75, 1319.0], [4266.0, 29787.0], [4266.25, 1324.0], [4266.75, 1343.0], [4267.75, 1353.0], [4268.0, 60.0], [4268.5, 1373.0], [4268.75, 34680.0], [4269.0, 1392.0], [4269.5, 1343.0]]}}}
{"jsonrpc": "2.0", "method": "subscription", "params": {"channel": "book.ETH-15AUG25.none.20.100ms", "data": {"timestamp": 1754944682465, "change_id": 80864467084, "instrument_name": "ETH-15AUG25", "bids": [[4252.25, 4973.0], [4252.0, 160.0], [4251.75, 1000.0], [4251.0, 1127.0], [4250.75, 7500.0], [4249.5, 1127.0], [4249.0, 4000.0], [4248.75, 1167.0], [4248.5, 10145.0], [4248.25, 1165.0], [4247.75, 2280.0], [4247.25, 1165.0], [4246.75, 1122.0], [4246.0, 1157.0], [4245.5, 1153.0], [4244.75, 25423.0], [4244.25, 1153.0], [4243.75, 1127.0], [4243.25, 1167.0], [4243.0, 20.0]], "asks": [[4252.5, 1000.0], [4252.75, 17961.0], [4253.75, 7142.0], [4254.5, 2000.0], [4254.75, 1123.0], [4255.25, 1327.0], [4255.5, 1000.0], [4255.75, 1127.0], [4256.0, 25675.0], [4256.25, 1127.0], [4256.5, 4000.0], [4256.75, 1122.0], [4257.25, 1125.0], [4257.5, 10045.0], [4257.75, 1149.0], [4258.25, 1127.0], [4258.75, 1165.0], [4259.25, 1142.0], [4259.75, 1127.0], [4260.75, 1127.0]]}}}
{"jsonrpc": "2.0", "method": "subscription", "params": {"channel": "book.ETH-22AUG25.none.20.100ms", "data": {"timestamp": 1754944682625, "change_id": 80864468119, "instrument_name": "ETH-22AUG25", "bids": [[4261.0, 4748.0], [4260.75, 160.0], [4260.25, 7500.0], [4259.0, 11343.0], [4258.25, 1343.0], [4257.75, 1343.0], [4257.25, 1343.0], [4257.0, 20000.0], [4256.75, 1361.0], [4256.25, 11760.0], [4256.0, 6368.0], [4255.5, 1361.0], [4255.0, 1361.0], [4254.25, 1331.0], [4253.75, 1323.0], [4253.25, 1370.0], [4253.0, 18465.0], [4252.75, 7421.0], [4252.5, 1352.0], [4251.75, 1351.0]], "asks": [[4261.75, 1900.0], [4262.0, 1209.0], [4262.25, 9748.0], [4262.5, 1900.0], [4263.0, 1909.0], [4263.25, 10000.0], [4263.5, 1318.0], [4263.75, 160.0], [4264.25, 1361.0], [4264.5, 13728.0], [4265.0, 1340.0], [4265.75, 1319.0], [4266.0, 29787.0], [4266.25, 1324.0], [4266.75, 1343.0], [4267.75, 1353.0], [4268.0, 60.0], [4268.5, 1373.0], [4268.75, 34680.0], [4269.0, 1392.0]]}}}
{"jsonrpc": "2.0", "method": "subscription", "params": {"channel": "book.ETH-15AUG25.none.20.100ms", "data": {"timestamp": 1754944682698, "change_id": 80864468362, "instrument_name": "ETH-15AUG25", "bids": [[4252.25, 4973.0], [4252.0, 160.0], [4251.75, 1000.0], [4251.5, 7500.0], [4251.0, 1127.0], [4249.5, 1127.0], [4249.0, 4000.0], [4248.75, 1167.0], [4248.5, 10145.0], [4248.25, 1165.0], [4247.75, 2280.0], [4247.25, 1165.0], [4246.75, 1122.0], [4246.0, 1157.0], [4245.5, 1153.0], [4244.75, 25423.0], [4244.25, 1153.0], [4243.75, 1127.0], [4243.25, 1167.0], [4243.0, 20.0]], "asks": [[4252.5, 1000.0], [4252.75, 17961.0], [4253.25, 4973.0], [4253.75, 2169.0], [4254.5, 2000.0], [4254.75, 1283.0], [4255.25, 1167.0], [4255.5, 1000.0], [4255.75, 8627.0], [4256.0, 25675.0], [4256.25, 1127.0], [4256.5, 4000.0], [4256.75, 1122.0], [4257.25, 1125.0], [4257.5, 10045.0], [4257.75, 1149.0], [4258.25, 1127.0], [4258.75, 1165.0], [4259.25, 1142.0], [4259.75, 1127.0]]}}}
{"jsonrpc": "2.0", "method": "subscription", "params": {"channel": "book.ETH-22AUG25.none.20.100ms", "data": {"timestamp": 1754944683131, "change_id": 80864469878, "instrument_name": "ETH-22AUG25", "bids": [[4261.0, 4748.0], [4260.75, 160.0], [4260.25, 7500.0], [4259.25, 3403.0], [4259.0, 11343.0], [4258.5, 403.0], [4258.25, 1343.0], [4258.0, 403.0], [4257.75, 1343.0], [4257.5, 403.0], [4257.25, 7343.0], [4257.0, 20408.0], [4256.75, 1361.0], [4256.5, 3528.0], [4256.25, 13670.0], [4256.0, 6368.0], [4255.75, 408.0], [4255.5, 1361.0], [4255.25, 408.0], [4255.0, 1361.0]], "asks": [[4261.5, 570.0], [4261.75, 2787.0], [4262.0, 6033.0], [4262.25, 9748.0], [4262.75, 573.0], [4263.0, 4957.0], [4263.25, 10395.0], [4263.5, 1318.0], [4263.75, 160.0], [4264.0, 408.0], [4264.25, 5479.0], [4264.5, 13728.0], [4264.75, 402.0], [4265.0, 1340.0], [4265.5, 396.0], [4265.75, 10255.0], [4266.0, 30184.0], [4266.25, 1324.0], [4266.5, 403.0], [4266.75, 1343.0]]}}}
{"jsonrpc": "2.0", "method": "subscription", "params": {"channel": "book.ETH-15AUG25.none.20.100ms", "data": {"timestamp": 1754944683156, "change_id": 80864469969, "instrument_name": "ETH-15AUG25", "bids": [[4252.25, 4973.0], [4252.0, 460.0], [4251.75, 3250.0], [4251.5, 7500.0], [4251.25, 338.0], [4251.0, 1127.0], [4249.75, 338.0], [4249.5, 1127.0], [4249.25, 1200.0], [4249.0, 4350.0], [4248.75, 4211.0], [4248.5, 10495.0], [4248.25, 1165.0], [4248.0, 684.0], [4247.75, 2280.0], [4247.5, 350.0], [4247.25, 1165.0], [4247.0, 337.0], [4246.75, 1122.0], [4246.25, 347.0]], "asks": [[4252.5, 1000.0], [4252.75, 17961.0], [4253.0, 1492.0], [4253.25, 4973.0], [4253.5, 651.0], [4253.75, 2169.0], [4254.0, 386.0], [4254.25, 1727.0], [4254.5, 2337.0], [4254.75, 1283.0], [4255.0, 2600.0], [4255.25, 8967.0], [4255.5, 1338.0], [4255.75, 8830.0], [4256.0, 26013.0], [4256.25, 2327.0], [4256.5, 4337.0], [4256.75, 1122.0], [4257.0, 338.0], [4257.25, 4139.0]]}}}
{"jsonrpc": "2.0", "method": "subscription", "params": {"channel": "book.ETH-15AUG25.none.20.100ms", "data": {"timestamp": 1754944683423, "change_id": 80864471284, "instrument_name": "ETH-15AUG25", "bids": [[4252.25, 1000.0], [4252.0, 160.0], [4251.75, 8223.0], [4251.5, 7500.0], [4251.25, 338.0], [4251.0, 1127.0], [4249.75, 338.0], [4249.5, 1127.0], [4249.25, 1200.0], [4249.0, 4350.0], [4248.75, 4211.0], [4248.5, 10495.0], [4248.25, 1165.0], [4248.0, 684.0], [4247.75, 2280.0], [4247.5, 350.0], [4247.25, 1165.0], [4247.0, 337.0], [4246.75, 1122.0], [4246.25, 347.0]], "asks": [[4252.5, 1000.0], [4252.75, 18261.0], [4253.0, 2492.0], [4253.25, 5273.0], [4253.5, 1351.0], [4253.75, 1469.0], [4254.0, 1386.0], [4254.25, 1887.0], [4254.5, 4545.0], [4254.75, 8623.0], [4255.0, 350.0], [4255.25, 1467.0], [4255.5, 1338.0], [4255.75, 8830.0], [4256.0, 26013.0], [4256.25, 2327.0], [4256.5, 4337.0], [4256.75, 1122.0], [4257.0, 338.0], [4257.25, 4139.0]]}}}
{"jsonrpc": "2.0", "method": "subscription", "params": {"channel": "book.ETH-22AUG25.none.20.100ms", "data": {"timestamp": 1754944683380, "change_id": 80864471087, "instrument_name": "ETH-22AUG25", "bids": [[4260.75, 160.0], [4260.5, 4748.0], [4260.25, 7500.0], [4259.25, 3403.0], [4259.0, 11343.0], [4258.5, 403.0], [4258.25, 1343.0], [4258.0, 403.0], [4257.75, 1343.0], [4257.5, 403.0], [4257.25, 7343.0], [4257.0, 20408.0], [4256.75, 1361.0], [4256.5, 3528.0], [4256.25, 13670.0], [4256.0, 6368.0], [4255.75, 408.0], [4255.5, 1361.0], [4255.25, 729.0], [4255.0, 2600.0]], "asks": [[4261.25, 570.0], [4261.5, 2470.0], [4261.75, 2787.0], [4262.0, 6033.0], [4262.25, 9748.0], [4262.5, 570.0], [4262.75, 2473.0], [4263.0, 4957.0], [4263.25, 10555.0], [4263.5, 1318.0], [4263.75, 2250.0], [4264.0, 7908.0], [4264.25, 3229.0], [4264.5, 6228.0], [4264.75, 402.0], [4265.0, 1340.0], [4265.5, 396.0], [4265.75, 10255.0], [4266.0, 30184.0], [4266.25, 1324.0]]}}}
{"jsonrpc": "2.0", "method": "subscription", "params": {"channel": "book.ETH-15AUG25.none.20.100ms", "data": {"timestamp": 1754944683723, "change_id": 80864472911, "instrument_name": "ETH-15AUG25", "bids": [[4252.25, 1000.0], [4252.0, 160.0], [4251.75, 7898.0], [4251.5, 7500.0], [4251.25, 338.0], [4251.0, 1127.0], [4249.75, 338.0], [4249.5, 1127.0], [4249.25, 1200.0], [4249.0, 4350.0], [4248.75, 4211.0], [4248.5, 10495.0], [4248.25, 1165.0], [4248.0, 684.0], [4247.75, 2280.0], [4247.5, 350.0], [4247.25, 1165.0], [4247.0, 337.0], [4246.75, 1122.0], [4246.25, 347.0]], "asks": [[4252.5, 2162.0], [4252.75, 19715.0], [4253.0, 5973.0], [4253.25, 300.0], [4253.5, 1351.0], [4253.75, 1469.0], [4254.0, 1938.0], [4254.25, 3287.0], [4254.5, 2545.0], [4254.75, 8623.0], [4255.0, 350.0], [4255.25, 1467.0], [4255.5, 1338.0], [4255.75, 8830.0], [4256.0, 26013.0], [4256.25, 2327.0], [4256.5, 4337.0], [4256.75, 1122.0], [4257.0, 338.0], [4257.25, 4139.0]]}}}
{"jsonrpc": "2.0", "method": "subscription", "params": {"channel": "book.ETH-22AUG25.none.20.100ms", "data": {"timestamp": 1754944683718, "change_id": 80864472820, "instrument_name": "ETH-22AUG25", "bids": [[4260.75, 1160.0], [4260.5, 9748.0], [4260.25, 7500.0], [4259.25, 3403.0], [4259.0, 11343.0], [4258.5, 403.0], [4258.25, 1343.0], [4258.0, 403.0], [4257.75, 1343.0], [4257.5, 403.0], [4257.25, 7343.0], [4257.0, 20408.0], [4256.75, 1361.0], [4256.5, 3528.0], [4256.25, 13670.0], [4256.0, 6368.0], [4255.75, 408.0], [4255.5, 1361.0], [4255.25, 408.0], [4255.0, 1361.0]], "asks": [[4261.25, 570.0], [4261.5, 2470.0], [4261.75, 4146.0], [4262.0, 9357.0], [4262.25, 5000.0], [4262.5, 570.0], [4262.75, 2473.0], [4263.0, 4957.0], [4263.25, 12756.0], [4263.5, 8818.0], [4264.0, 408.0], [4264.25, 3229.0], [4264.5, 6228.0], [4264.75, 402.0], [4265.0, 1340.0], [4265.5, 396.0], [4265.75, 10255.0], [4266.0, 30184.0], [4266.25, 1324.0], [4266.5, 403.0]]}}}
{"jsonrpc": "2.0", "method": "subscription", "params": {"channel": "book.ETH-22AUG25.none.20.100ms", "data": {"timestamp": 1754944684369, "change_id": 80864475260, "instrument_name": "ETH-22AUG25", "bids": [[4260.75, 1160.0], [4260.5, 9748.0], [4260.25, 7500.0], [4259.25, 3403.0], [4259.0, 11343.0], [4258.5, 403.0], [4258.25, 1343.0], [4258.0, 403.0], [4257.75, 1343.0], [4257.5, 403.0], [4257.25, 7343.0], [4257.0, 20408.0], [4256.75, 1361.0], [4256.5, 3528.0], [4256.25, 13670.0], [4256.0, 6368.0], [4255.75, 408.0], [4255.5, 1361.0], [4255.25, 408.0], [4255.0, 1361.0]], "asks": [[4261.25, 570.0], [4261.5, 2470.0], [4261.75, 4146.0], [4262.0, 9357.0], [4262.25, 5570.0], [4262.5, 2470.0], [4262.75, 2633.0], [4263.0, 4957.0], [4263.25, 14496.0], [4263.5, 8818.0], [4264.0, 408.0], [4264.25, 3229.0], [4264.5, 6228.0], [4264.75, 402.0], [4265.0, 1340.0], [4265.5, 396.0], [4265.75, 10255.0], [4266.0, 30184.0], [4266.25, 1324.0], [4266.5, 403.0]]}}}
{"jsonrpc": "2.0", "method": "subscription", "params": {"channel": "book.ETH-15AUG25.none.20.100ms", "data": {"timestamp": 1754944684425, "change_id": 80864475388, "instrument_name": "ETH-15AUG25", "bids": [[4252.25, 1000.0], [4252.0, 160.0], [4251.75, 5973.0], [4251.5, 7500.0], [4251.25, 338.0], [4251.0, 1127.0], [4249.75, 338.0], [4249.5, 1127.0], [4249.25, 1200.0], [4249.0, 4350.0], [4248.75, 4211.0], [4248.5, 10495.0], [4248.25, 1165.0], [4248.0, 684.0], [4247.75, 2280.0], [4247.5, 350.0], [4247.25, 1165.0], [4247.0, 337.0], [4246.75, 1122.0], [4246.25, 347.0]], "asks": [[4252.5, 2162.0], [4252.75, 19715.0], [4253.0, 5973.0], [4253.25, 300.0], [4253.5, 1655.0], [4253.75, 2629.0], [4254.0, 1938.0], [4254.25, 4127.0], [4254.5, 2545.0], [4254.75, 8623.0], [4255.0, 350.0], [4255.25, 1467.0], [4255.5, 1338.0], [4255.75, 8830.0], [4256.0, 26013.0], [4256.25, 2327.0], [4256.5, 4337.0], [4256.75, 1122.0], [4257.0, 338.0], [4257.25, 4139.0]]}}}
{"jsonrpc": "2.0", "method": "subscription", "params": {"channel": "book.ETH-22AUG25.none.20.100ms", "data": {"timestamp": 1754944684614, "change_id": 80864475896, "instrument_name": "ETH-22AUG25", "bids": [[4260.75, 1160.0], [4260.5, 9748.0], [4259.75, 2250.0], [4259.5, 7500.0], [4259.25, 3403.0], [4259.0, 11343.0], [4258.5, 403.0], [4258.25, 1343.0], [4258.0, 403.0], [4257.75, 1343.0], [4257.5, 403.0], [4257.25, 7343.0], [4257.0, 20408.0], [4256.75, 1361.0], [4256.5, 3528.0], [4256.25, 13670.0], [4256.0, 6368.0], [4255.75, 408.0], [4255.5, 1361.0], [4255.25, 408.0]], "asks": [[4261.25, 570.0], [4261.5, 2470.0], [4261.75, 4146.0], [4262.0, 9357.0], [4262.25, 5570.0], [4262.5, 2470.0], [4262.75, 2633.0], [4263.0, 4957.0], [4263.25, 12295.0], [4263.5, 1318.0], [4263.75, 2250.0], [4264.0, 7908.0], [4264.25, 3229.0], [4264.5, 6228.0], [4264.75, 402.0], [4265.0, 1340.0], [4265.5, 396.0], [4265.75, 10255.0], [4266.0, 30184.0], [4266.25, 1324.0]]}}}
{"jsonrpc": "2.0", "method": "subscription", "params": {"channel": "book.ETH-15AUG25.none.20.100ms", "data": {"timestamp": 1754944684507, "change_id": 80864475573, "instrument_name": "ETH-15AUG25", "bids": [[4252.25, 1000.0], [4252.0, 160.0], [4251.75, 5973.0], [4251.25, 338.0], [4251.0, 3377.0], [4250.75, 7500.0], [4249.75, 338.0], [4249.5, 1127.0], [4249.25, 1200.0], [4249.0, 4350.0], [4248.75, 4211.0], [4248.5, 10495.0], [4248.25, 1165.0], [4248.0, 684.0], [4247.75, 2280.0], [4247.5, 350.0], [4247.25, 1165.0], [4247.0, 337.0], [4246.75, 1122.0], [4246.25, 347.0]], "asks": [[4252.5, 2162.0], [4252.75, 5354.0], [4253.0, 5973.0], [4253.25, 300.0], [4253.5, 1655.0], [4253.75, 2629.0], [4254.0, 1938.0], [4254.25, 4127.0], [4254.5, 2545.0], [4254.75, 8623.0], [4255.0, 350.0], [4255.25, 1467.0], [4255.5, 1338.0], [4255.75, 8830.0], [4256.0, 26013.0], [4256.25, 2327.0], [4256.5, 4337.0], [4256.75, 1122.0], [4257.0, 338.0], [4257.25, 4139.0]]}}}
{"jsonrpc": "2.0", "method": "subscription", "params": {"channel": "book.ETH-22AUG25.none.20.100ms", "data": {"timestamp": 1754944684948, "change_id": 80864476508, "instrument_name": "ETH-22AUG25", "bids": [[4260.75, 1160.0], [4260.5, 9748.0], [4259.75, 2250.0], [4259.5, 7500.0], [4259.25, 3403.0], [4259.0, 11343.0], [4258.5, 403.0], [4258.25, 1343.0], [4258.0, 403.0], [4257.75, 1343.0], [4257.5, 403.0], [4257.25, 7343.0], [4257.0, 20408.0], [4256.75, 1361.0], [4256.5, 3528.0], [4256.25, 13670.0], [4256.0, 6368.0], [4255.75, 408.0], [4255.5, 1361.0], [4255.25, 408.0]], "asks": [[4261.25, 570.0], [4261.5, 2470.0], [4261.75, 4146.0], [4262.0, 8157.0], [4262.25, 5570.0], [4262.5, 2470.0], [4262.75, 2633.0], [4263.0, 4957.0], [4263.25, 14496.0], [4263.5, 8818.0], [4264.0, 408.0], [4264.25, 3229.0], [4264.5, 6228.0], [4264.75, 402.0], [4265.0, 1340.0], [4265.5, 396.0], [4265.75, 10255.0], [4266.0, 30184.0], [4266.25, 1324.0], [4266.5, 403.0]]}}}
{"jsonrpc": "2.0", "method": "subscription", "params": {"channel": "book.ETH-15AUG25.none.20.100ms", "data": {"timestamp": 1754944684949, "change_id": 80864476509, "instrument_name": "ETH-15AUG25", "bids": [[4252.25, 1000.0], [4252.0, 160.0], [4251.75, 5973.0], [4251.25, 338.0], [4251.0, 3377.0], [4250.75, 7500.0], [4249.75, 338.0], [4249.5, 1127.0], [4249.25, 1200.0], [4249.0, 4350.0], [4248.75, 4211.0], [4248.5, 10495.0], [4248.25, 1165.0], [4248.0, 684.0], [4247.75, 2280.0], [4247.5, 350.0], [4247.25, 1165.0], [4247.0, 337.0], [4246.75, 1122.0], [4246.25, 347.0]], "asks": [[4252.5, 2162.0], [4252.75, 32567.0], [4253.0, 5973.0], [4253.25, 300.0], [4253.5, 1655.0], [4253.75, 2629.0], [4254.0, 1938.0], [4254.25, 4127.0], [4254.5, 2545.0], [4254.75, 8623.0], [4255.0, 350.0], [4255.25, 1467.0], [4255.5, 1338.0], [4255.75, 8830.0], [4256.0, 26013.0], [4256.25, 2327.0], [4256.5, 4337.0], [4256.75, 1122.0], [4257.0, 338.0], [4257.25, 4139.0]]}}}
{"jsonrpc": "2.0", "method": "subscription", "params": {"channel": "book.ETH-15AUG25.none.20.100ms", "data": {"timestamp": 1754944685434, "change_id": 80864477567, "instrument_name": "ETH-15AUG25", "bids": [[4252.25, 1000.0], [4252.0, 160.0], [4251.75, 5973.0], [4251.5, 2250.0], [4251.25, 7838.0], [4251.0, 1127.0], [4249.75, 338.0], [4249.5, 1127.0], [4249.25, 1200.0], [4249.0, 4350.0], [4248.75, 4211.0], [4248.5, 10495.0], [4248.25, 1165.0], [4248.0, 684.0], [4247.75, 2280.0], [4247.5, 350.0], [4247.25, 1165.0], [4247.0, 337.0], [4246.75, 1122.0], [4246.25, 347.0]], "asks": [[4252.5, 2162.0], [4252.75, 33567.0], [4253.0, 5973.0], [4253.25, 300.0], [4253.5, 1655.0], [4253.75, 2469.0], [4254.0, 1938.0], [4254.25, 4127.0], [4254.5, 497.0], [4254.75, 1123.0], [4255.0, 350.0], [4255.25, 3680.0], [4255.5, 8838.0], [4255.75, 8830.0], [4256.0, 26013.0], [4256.25, 2327.0], [4256.5, 4337.0], [4256.75, 1122.0], [4257.0, 338.0], [4257.25, 4139.0]]}}}
{"jsonrpc": "2.0", "method": "subscription", "params": {"channel": "book.ETH-22AUG25.none.20.100ms", "data": {"timestamp": 1754944685358, "change_id": 80864477452, "instrument_name": "ETH-22AUG25", "bids": [[4260.75, 1160.0], [4260.5, 9748.0], [4260.25, 2041.0], [4260.0, 7500.0], [4259.25, 3403.0], [4259.0, 11343.0], [4258.5, 403.0], [4258.25, 1343.0], [4258.0, 403.0], [4257.75, 1343.0], [4257.5, 403.0], [4257.25, 7343.0], [4257.0, 20408.0], [4256.75, 1361.0], [4256.5, 3528.0], [4256.25, 13670.0], [4256.0, 6368.0], [4255.75, 408.0], [4255.5, 1361.0], [4255.25, 408.0]], "asks": [[4261.5, 2470.0], [4261.75, 4146.0], [4262.0, 8157.0], [4262.25, 7470.0], [4262.5, 2470.0], [4262.75, 2473.0], [4263.0, 4957.0], [4263.25, 12295.0], [4263.5, 1478.0], [4264.0, 408.0], [4264.25, 3229.0], [4264.5, 8478.0], [4264.75, 7902.0], [4265.0, 1340.0], [4265.5, 396.0], [4265.75, 10255.0], [4266.0, 30184.0], [4266.25, 1324.0], [4266.5, 403.0], [4266.75, 1343.0]]}}}
{"jsonrpc": "2.0", "method": "subscription", "params": {"channel": "book.ETH-15AUG25.none.20.100ms", "data": {"timestamp": 1754944685763, "change_id": 80864478345, "instrument_name": "ETH-15AUG25", "bids": [[4252.25, 1000.0], [4252.0, 160.0], [4251.75, 5973.0], [4251.5, 2250.0], [4251.25, 7838.0], [4251.0, 1127.0], [4249.75, 338.0], [4249.5, 1127.0], [4249.25, 1200.0], [4249.0, 4350.0], [4248.75, 4211.0], [4248.5, 10495.0], [4248.25, 1165.0], [4248.0, 684.0], [4247.75, 2280.0], [4247.5, 350.0], [4247.25, 1165.0], [4247.0, 337.0], [4246.75, 1122.0], [4246.25, 347.0]], "asks": [[4252.5, 2162.0], [4252.75, 33567.0], [4253.0, 5973.0], [4253.25, 300.0], [4253.5, 1655.0], [4253.75, 2469.0], [4254.0, 2098.0], [4254.25, 4127.0], [4254.5, 337.0], [4254.75, 1123.0], [4255.0, 350.0], [4255.25, 1467.0], [4255.5, 8838.0], [4255.75, 8830.0], [4256.0, 26013.0], [4256.25, 2327.0], [4256.5, 4337.0], [4256.75, 1122.0], [4257.0, 338.0], [4257.25, 4139.0]]}}}
{"jsonrpc": "2.0", "method": "subscription", "params": {"channel": "book.ETH-22AUG25.none.20.100ms", "data": {"timestamp": 1754944685714, "change_id": 80864478188, "instrument_name": "ETH-22AUG25", "bids": [[4260.75, 1160.0], [4260.5, 17248.0], [4259.25, 3403.0], [4259.0, 11343.0], [4258.5, 403.0], [4258.25, 1343.0], [4258.0, 403.0], [4257.75, 1343.0], [4257.5, 403.0], [4257.25, 7343.0], [4257.0, 20408.0], [4256.75, 1361.0], [4256.5, 3528.0], [4256.25, 13670.0], [4256.0, 6368.0], [4255.75, 408.0], [4255.5, 1361.0], [4255.25, 408.0], [4255.0, 1733.0], [4254.75, 1239.0]], "asks": [[4261.25, 570.0], [4261.5, 2470.0], [4261.75, 3786.0], [4262.0, 8157.0], [4262.25, 7470.0], [4262.5, 2470.0], [4262.75, 2473.0], [4263.0, 5117.0], [4263.25, 12295.0], [4263.5, 1318.0], [4264.0, 408.0], [4264.25, 8861.0], [4264.5, 6228.0], [4264.75, 402.0], [4265.0, 1340.0], [4265.5, 396.0], [4265.75, 10255.0], [4266.0, 30184.0], [4266.25, 1324.0], [4266.5, 403.0]]}}}
{"jsonrpc": "2.0", "method": "subscription", "params": {"channel": "book.ETH-15AUG25.none.20.100ms", "data": {"timestamp": 1754944686055, "change_id": 80864478524, "instrument_name": "ETH-15AUG25", "bids": [[4252.25, 1000.0], [4252.0, 160.0], [4251.75, 5973.0], [4251.5, 2250.0], [4251.25, 7838.0], [4251.0, 1127.0], [4249.75, 338.0], [4249.5, 1127.0], [4249.25, 1200.0], [4249.0, 4350.0], [4248.75, 4211.0], [4248.5, 10495.0], [4248.25, 1165.0], [4248.0, 684.0], [4247.75, 2280.0], [4247.5, 350.0], [4247.25, 1165.0], [4247.0, 337.0], [4246.75, 1122.0], [4246.25, 347.0]], "asks": [[4252.5, 2162.0], [4252.75, 33567.0], [4253.0, 5973.0], [4253.25, 300.0], [4253.5, 1655.0], [4253.75, 2469.0], [4254.0, 2098.0], [4254.25, 4127.0], [4254.5, 337.0], [4254.75, 3373.0], [4255.0, 7850.0], [4255.25, 1467.0], [4255.5, 1338.0], [4255.75, 8830.0], [4256.0, 26013.0], [4256.25, 2327.0], [4256.5, 4337.0], [4256.75, 1122.0], [4257.0, 338.0], [4257.25, 4139.0]]}}}
{"jsonrpc": "2.0", "method": "subscription", "params": {"channel": "book.ETH-22AUG25.none.20.100ms", "data": {"timestamp": 1754944686189, "change_id": 80864478627, "instrument_name": "ETH-22AUG25", "bids": [[4260.75, 1160.0], [4260.5, 17248.0], [4259.25, 3403.0], [4259.0, 11343.0], [4258.5, 403.0], [4258.25, 1343.0], [4258.0, 403.0], [4257.75, 1343.0], [4257.5, 403.0], [4257.25, 7343.0], [4257.0, 20408.0], [4256.75, 1361.0], [4256.5, 3528.0], [4256.25, 13670.0], [4256.0, 6368.0], [4255.75, 408.0], [4255.5, 1361.0], [4255.25, 408.0], [4255.0, 1733.0], [4254.75, 1239.0]], "asks": [[4261.25, 570.0], [4261.5, 2470.0], [4261.75, 3786.0], [4262.0, 8157.0], [4262.25, 7470.0], [4262.5, 2470.0], [4262.75, 2473.0], [4263.0, 5117.0], [4263.25, 12295.0], [4263.5, 1318.0], [4264.0, 2607.0], [4264.25, 8861.0], [4264.5, 6228.0], [4264.75, 402.0], [4265.0, 1340.0], [4265.5, 396.0], [4265.75, 10255.0], [4266.0, 30184.0], [4266.25, 1324.0], [4266.5, 403.0]]}}}
{"jsonrpc": "2.0", "method": "subscription", "params": {"channel": "book.ETH-15AUG25.none.20.100ms", "data": {"timestamp": 1754944686782, "change_id": 80864479621, "instrument_name": "ETH-15AUG25", "bids": [[4252.25, 1000.0], [4252.0, 160.0], [4251.75, 5973.0], [4251.5, 2250.0], [4251.25, 7838.0], [4251.0, 1127.0], [4249.75, 338.0], [4249.5, 1127.0], [4249.25, 1200.0], [4249.0, 4350.0], [4248.75, 4211.0], [4248.5, 10495.0], [4248.25, 1165.0], [4248.0, 684.0], [4247.75, 2280.0], [4247.5, 350.0], [4247.25, 1165.0], [4247.0, 337.0], [4246.75, 1122.0], [4246.25, 347.0]], "asks": [[4252.5, 2162.0], [4252.75, 2754.0], [4253.0, 5973.0], [4253.25, 300.0], [4253.5, 1655.0], [4253.75, 2469.0], [4254.0, 2098.0], [4254.25, 4127.0], [4254.5, 337.0], [4254.75, 3373.0], [4255.0, 7850.0], [4255.25, 1467.0], [4255.5, 1338.0], [4255.75, 8830.0], [4256.0, 26013.0], [4256.25, 2327.0], [4256.5, 4337.0], [4256.75, 1122.0], [4257.0, 338.0], [4257.25, 4139.0]]}}}
{"jsonrpc": "2.0", "method": "subscription", "params": {"channel": "book.ETH-22AUG25.none.20.100ms", "data": {"timestamp": 1754944686852, "change_id": 80864479893, "instrument_name": "ETH-22AUG25", "bids": [[4260.75, 1160.0], [4260.5, 17248.0], [4259.25, 3403.0], [4259.0, 11343.0], [4258.5, 403.0], [4258.25, 1343.0], [4258.0, 403.0], [4257.75, 1343.0], [4257.5, 403.0], [4257.25, 7343.0], [4257.0, 20408.0], [4256.75, 1361.0], [4256.5, 3528.0], [4256.25, 13670.0], [4256.0, 6368.0], [4255.75, 408.0], [4255.5, 1361.0], [4255.25, 408.0], [4255.0, 1733.0], [4254.75, 1239.0]], "asks": [[4261.5, 2470.0], [4261.75, 3786.0], [4262.0, 8157.0], [4262.25, 7470.0], [4262.5, 2470.0], [4262.75, 2473.0], [4263.0, 5117.0], [4263.25, 12295.0], [4263.5, 1318.0], [4264.0, 2607.0], [4264.25, 8861.0], [4264.5, 6228.0], [4264.75, 402.0], [4265.0, 1340.0], [4265.5, 396.0], [4265.75, 10255.0], [4266.0, 30184.0], [4266.25, 1324.0], [4266.5, 403.0], [4266.75, 1343.0]]}}}
{"jsonrpc": "2.0", "method": "subscription", "params": {"channel": "book.ETH-22AUG25.none.20.100ms", "data": {"timestamp": 1754944687214, "change_id": 80864480344, "instrument_name": "ETH-22AUG25", "bids": [[4260.75, 1160.0], [4260.5, 17248.0], [4259.25, 3403.0], [4259.0, 11343.0], [4258.5, 403.0], [4258.25, 1343.0], [4258.0, 403.0], [4257.75, 3253.0], [4257.5, 6771.0], [4257.25, 7343.0], [4257.0, 20408.0], [4256.75, 1361.0], [4256.5, 3528.0], [4256.25, 11760.0], [4255.75, 408.0], [4255.5, 1361.0], [4255.25, 408.0], [4255.0, 1733.0], [4254.75, 1239.0], [4254.5, 399.0]], "asks": [[4261.25, 570.0], [4261.5, 2470.0], [4261.75, 3786.0], [4262.0, 8157.0], [4262.25, 7470.0], [4262.5, 2470.0], [4262.75, 2473.0], [4263.0, 5117.0], [4263.25, 12295.0], [4263.5, 1318.0], [4264.0, 2607.0], [4264.25, 10729.0], [4264.5, 6228.0], [4264.75, 402.0], [4265.0, 1340.0], [4265.5, 396.0], [4265.75, 10255.0], [4266.0, 30184.0], [4266.25, 1324.0], [4266.5, 403.0]]}}}
{"jsonrpc": "2.0", "method": "subscription", "params": {"channel": "book.ETH-15AUG25.none.20.100ms", "data": {"timestamp": 1754944687390, "change_id": 80864480539, "instrument_name": "ETH-15AUG25", "bids": [[4252.25, 1000.0], [4252.0, 160.0], [4251.75, 5973.0], [4251.5, 2250.0], [4251.25, 7838.0], [4251.0, 1127.0], [4249.75, 338.0], [4249.5, 1127.0], [4249.25, 1200.0], [4249.0, 4350.0], [4248.75, 4211.0], [4248.5, 10495.0], [4248.25, 1165.0], [4248.0, 684.0], [4247.75, 2280.0], [4247.5, 350.0], [4247.25, 1165.0], [4247.0, 337.0], [4246.75, 1122.0], [4246.25, 347.0]], "asks": [[4252.5, 2162.0], [4252.75, 22093.0], [4253.0, 5973.0], [4253.25, 300.0], [4253.5, 1655.0], [4253.75, 2469.0], [4254.0, 1938.0], [4254.25, 4287.0], [4254.5, 337.0], [4254.75, 1123.0], [4255.0, 350.0], [4255.25, 1467.0], [4255.5, 1338.0], [4255.75, 8830.0], [4256.0, 33513.0], [4256.25, 2327.0], [4256.5, 4337.0], [4256.75, 1122.0], [4257.0, 338.0], [4257.25, 4139.0]]}}}
{"jsonrpc": "2.0", "method": "subscription", "params": {"channel": "book.ETH-22AUG25.none.20.100ms", "data": {"timestamp": 1754944687778, "change_id": 80864481513, "instrument_name": "ETH-22AUG25", "bids": [[4260.75, 1160.0], [4260.5, 5000.0], [4260.25, 4748.0], [4259.25, 3403.0], [4259.0, 11343.0], [4258.5, 403.0], [4258.25, 1343.0], [4258.0, 403.0], [4257.75, 3253.0], [4257.5, 6771.0], [4257.25, 7343.0], [4257.0, 20408.0], [4256.75, 1361.0], [4256.25, 1361.0], [4255.75, 408.0], [4255.5, 1361.0], [4255.25, 408.0], [4255.0, 1733.0], [4254.75, 1239.0], [4254.5, 399.0]], "asks": [[4261.25, 570.0], [4261.5, 3899.0], [4261.75, 8786.0], [4262.0, 7227.0], [4262.25, 2470.0], [4262.5, 2630.0], [4262.75, 2473.0], [4263.0, 4957.0], [4263.25, 12295.0], [4263.5, 1318.0], [4264.0, 2607.0], [4264.25, 10729.0], [4264.5, 6228.0], [4264.75, 402.0], [4265.0, 1340.0], [4265.5, 396.0], [4265.75, 10255.0], [4266.0, 30184.0], [4266.25, 1324.0], [4266.5, 403.0]]}}}
{"jsonrpc": "2.0", "method": "subscription", "params": {"channel": "book.ETH-15AUG25.none.20.100ms", "data": {"timestamp": 1754944687668, "change_id": 80864481256, "instrument_name": "ETH-15AUG25", "bids": [[4252.25, 1000.0], [4251.75, 1000.0], [4251.5, 4973.0], [4251.25, 498.0], [4251.0, 1127.0], [4250.0, 335.0], [4249.75, 1453.0], [4249.5, 1127.0], [4249.25, 1200.0], [4249.0, 4350.0], [4248.75, 1167.0], [4248.5, 350.0], [4248.25, 1165.0], [4248.0, 350.0], [4247.75, 1165.0], [4247.5, 350.0], [4247.25, 1165.0], [4247.0, 337.0], [4246.75, 1122.0], [4246.25, 347.0]], "asks": [[4252.5, 2162.0], [4252.75, 22093.0], [4253.0, 6273.0], [4253.25, 1000.0], [4253.5, 655.0], [4253.75, 2629.0], [4254.0, 1938.0], [4254.25, 4127.0], [4254.5, 337.0], [4254.75, 1123.0], [4255.0, 350.0], [4255.25, 1467.0], [4255.5, 8838.0], [4255.75, 8830.0], [4256.0, 26013.0], [4256.25, 2327.0], [4256.5, 4337.0], [4256.75, 1122.0], [4257.0, 338.0], [4257.25, 4139.0]]}}}
{"jsonrpc": "2.0", "method": "subscription", "params": {"channel": "book.ETH-15AUG25.none.20.100ms", "data": {"timestamp": 1754944688104, "change_id": 80864482299, "instrument_name": "ETH-15AUG25", "bids": [[4251.75, 1000.0], [4251.5, 4973.0], [4251.25, 160.0], [4251.0, 4250.0], [4250.75, 7500.0], [4250.25, 338.0], [4250.0, 1463.0], [4249.75, 1453.0], [4249.5, 1127.0], [4249.25, 1200.0], [4249.0, 4350.0], [4248.75, 1167.0], [4248.5, 350.0], [4248.25, 1165.0], [4248.0, 350.0], [4247.75, 11193.0], [4247.5, 350.0], [4247.25, 1165.0], [4247.0, 337.0], [4246.75, 1122.0]], "asks": [[4252.25, 2141.0], [4252.5, 13237.0], [4252.75, 22093.0], [4253.0, 3128.0], [4253.5, 655.0], [4253.75, 2629.0], [4254.0, 3590.0], [4254.25, 2127.0], [4254.5, 7837.0], [4254.75, 1123.0], [4255.0, 350.0], [4255.25, 1467.0], [4255.5, 1338.0], [4255.75, 8830.0], [4256.0, 26013.0], [4256.25, 2327.0], [4256.5, 4337.0], [4256.75, 1122.0], [4257.0, 338.0], [4257.25, 4139.0]]}}}
{"jsonrpc": "2.0", "method": "subscription", "params": {"channel": "book.ETH-22AUG25.none.20.100ms", "data": {"timestamp": 1754944688105, "change_id": 80864482304, "instrument_name": "ETH-22AUG25", "bids": [[4260.75, 1000.0], [4260.0, 160.0], [4259.75, 17248.0], [4259.25, 3403.0], [4259.0, 11343.0], [4258.5, 403.0], [4258.25, 1343.0], [4258.0, 403.0], [4257.75, 3253.0], [4257.5, 6771.0], [4257.25, 7343.0], [4257.0, 20408.0], [4256.75, 1361.0], [4256.25, 1361.0], [4255.75, 3437.0], [4255.5, 11627.0], [4255.25, 408.0], [4255.0, 1733.0], [4254.75, 1239.0], [4254.5, 399.0]], "asks": [[4261.25, 1923.0], [4261.5, 8647.0], [4261.75, 7263.0], [4262.0, 2479.0], [4262.25, 2470.0], [4262.5, 2630.0], [4262.75, 2473.0], [4263.0, 4957.0], [4263.25, 19795.0], [4263.5, 1318.0], [4264.0, 408.0], [4264.25, 3229.0], [4264.5, 6228.0], [4264.75, 402.0], [4265.0, 1340.0], [4265.5, 396.0], [4265.75, 10255.0], [4266.0, 30184.0], [4266.25, 1324.0], [4266.5, 403.0]]}}}
