{"jsonrpc": "2.0", "id": 1, "result": ["book.ETH-6FEB26.none.20.100ms"], "usIn": 1769683307248577, "usOut": 1769683307248763, "usDiff": 186, "testnet": false}
{"jsonrpc": "2.0", "method": "subscription", "params": {"channel": "book.ETH-6FEB26.none.20.100ms", "data": {"timestamp": 1769683305798, "change_id": 106518106399, "instrument_name": "ETH-6FEB26", "bids": [[2947.25, 1925.0], [2947.0, 26490.0], [2944.75, 1509.0], [2944.5, 5055.0], [2942.5, 2033.0], [2942.25, 6810.0], [2940.5, 1499.0], [2940.25, 5023.0], [2939.5, 500.0], [2939.0, 7570.0], [2938.75, 25323.0], [2938.5, 40000.0], [2938.0, 14989.0], [2936.0, 30682.0], [2933.0, 182.0], [2932.75, 75818.0], [2932.5, 40000.0], [2931.25, 30247.0], [2930.75, 29765.0], [2925.0, 40000.0]], "asks": [[2947.5, 10168.0], [2947.75, 8696.0], [2948.0, 29134.0], [2948.5, 625.0], [2949.0, 2138.0], [2949.25, 7445.0], [2949.5, 1653.0], [2949.75, 2679.0], [2950.0, 5307.0], [2950.25, 1000.0], [2950.75, 1415.0], [2951.0, 4739.0], [2952.25, 4496.0], [2952.5, 15061.0], [2952.75, 47.0], [2953.5, 5658.0], [2953.75, 18956.0], [2954.75, 11.0], [2955.0, 30618.0], [2955.25, 1000.0]]}}}
{"jsonrpc": "2.0", "method": "subscription", "params": {"channel": "book.ETH-6FEB26.none.20.100ms", "data": {"timestamp": 1769683308389, "change_id": 106518108735, "instrument_name": "ETH-6FEB26", "bids": [[2947.25, 1925.0], [2947.0, 26490.0], [2943.0, 1509.0], [2942.75, 5055.0], [2942.5, 2033.0], [2942.25, 6810.0], [2941.0, 1499.0], [2940.75, 5023.0], [2939.5, 500.0], [2939.0, 7570.0], [2938.75, 25323.0], [2938.5, 40000.0], [2938.0, 14989.0], [2936.0, 30682.0], [2933.0, 182.0], [2932.75, 75818.0], [2932.5, 40000.0], [2931.25, 30247.0], [2930.75, 29765.0], [2925.0, 40000.0]], "asks": [[2947.5, 10168.0], [2947.75, 8696.0], [2948.0, 29134.0], [2948.5, 625.0], [2949.0, 2138.0], [2949.25, 7445.0], [2949.5, 1653.0], [2949.75, 2679.0], [2950.0, 5307.0], [2950.25, 1000.0], [2950.75, 1415.0], [2951.0, 4739.0], [2952.25, 4496.0], [2952.5, 15061.0], [2952.75, 47.0], [2953.5, 5658.0], [2953.75, 18956.0], [2954.75, 11.0], [2955.0, 30618.0], [2955.25, 1000.0]]}}}
{"jsonrpc": "2.0", "method": "subscription", "params": {"channel": "book.ETH-6FEB26.none.20.100ms", "data": {"timestamp": 1769683310645, "change_id": 106518110493, "instrument_name": "ETH-6FEB26", "bids": [[2947.25, 625.0], [2947.0, 26490.0], [2943.0, 1509.0], [2942.75, 5055.0], [2942.5, 2033.0], [2942.25, 6810.0], [2941.0, 1499.0], [2940.75, 5023.0], [2939.5, 500.0], [2939.0, 7570.0], [2938.75, 25323.0], [2938.5, 40000.0], [2938.0, 14989.0], [2936.0, 30682.0], [2933.0, 182.0], [2932.75, 75818.0], [2932.5, 40000.0], [2931.25, 30247.0], [2930.75, 29765.0], [2925.0, 40000.0]], "asks": [[2947.5, 10168.0], [2947.75, 8696.0], [2948.0, 29134.0], [2948.5, 625.0], [2949.0, 2138.0], [2949.25, 7445.0], [2949.5, 1653.0], [2949.75, 2679.0], [2950.0, 5307.0], [2950.25, 1000.0], [2950.75, 1415.0], [2951.0, 4739.0], [2952.25, 4496.0], [2952.5, 15061.0], [2952.75, 47.0], [2953.5, 5658.0], [2953.75, 18956.0], [2954.75, 11.0], [2955.0, 30618.0], [2955.25, 1000.0]]}}}
{"jsonrpc": "2.0", "method": "subscription", "params": {"channel": "book.ETH-6FEB26.none.20.100ms", "data": {"timestamp": 1769683310936, "change_id": 106518110837, "instrument_name": "ETH-6FEB26", "bids": [[2947.25, 9716.0], [2947.0, 26490.0], [2943.0, 1509.0], [2942.75, 5055.0], [2942.5, 2033.0], [2942.25, 6810.0], [2941.0, 1499.0], [2940.75, 5023.0], [2939.5, 500.0], [2939.0, 7570.0], [2938.75, 25323.0], [2938.5, 40000.0], [2938.0, 14989.0], [2936.0, 30682.0], [2933.0, 182.0], [2932.75, 75818.0], [2932.5, 40000.0], [2931.25, 30247.0], [2930.75, 29765.0], [2925.0, 40000.0]], "asks": [[2947.75, 12750.0], [2948.0, 25080.0], [2948.25, 625.0], [2949.0, 2138.0], [2949.25, 7445.0], [2949.5, 1653.0], [2949.75, 2679.0], [2950.0, 5307.0], [2950.25, 1000.0], [2950.75, 1415.0], [2951.0, 4739.0], [2952.25, 4496.0], [2952.5, 15061.0], [2952.75, 47.0], [2953.5, 5658.0], [2953.75, 18956.0], [2954.75, 11.0], [2955.0, 30618.0], [2955.25, 1000.0], [2956.25, 30644.0]]}}}
{"jsonrpc": "2.0", "method": "subscription", "params": {"channel": "book.ETH-6FEB26.none.20.100ms", "data": {"timestamp": 1769683311177, "change_id": 106518111069, "instrument_name": "ETH-6FEB26", "bids": [[2947.25, 9716.0], [2947.0, 26490.0], [2943.0, 1509.0], [2942.75, 5055.0], [2942.5, 2033.0], [2942.25, 6810.0], [2941.0, 1499.0], [2940.75, 5023.0], [2939.5, 500.0], [2939.0, 7570.0], [2938.75, 25323.0], [2938.5, 40000.0], [2938.0, 14989.0], [2936.0, 30682.0], [2933.0, 182.0], [2932.75, 75818.0], [2932.5, 40000.0], [2931.25, 30247.0], [2930.75, 29765.0], [2925.0, 40000.0]], "asks": [[2947.75, 22918.0], [2948.0, 25080.0], [2948.25, 625.0], [2949.0, 2138.0], [2949.25, 7445.0], [2949.5, 1653.0], [2949.75, 2679.0], [2950.0, 5307.0], [2950.25, 1000.0], [2950.75, 1415.0], [2951.0, 4739.0], [2952.25, 4496.0], [2952.5, 15061.0], [2952.75, 47.0], [2953.5, 5658.0], [2953.75, 18956.0], [2954.75, 11.0], [2955.0, 30618.0], [2955.25, 1000.0], [2956.25, 30644.0]]}}}
{"jsonrpc": "2.0", "method": "subscription", "params": {"channel": "book.ETH-6FEB26.none.20.100ms", "data": {"timestamp": 1769683311390, "change_id": 106518111276, "instrument_name": "ETH-6FEB26", "bids": [[2947.25, 9716.0], [2947.0, 26490.0], [2943.5, 1509.0], [2943.25, 5055.0], [2942.5, 2033.0], [2942.25, 6810.0], [2941.5, 1499.0], [2941.25, 5023.0], [2939.5, 500.0], [2939.0, 7570.0], [2938.75, 25323.0], [2938.5, 40000.0], [2938.0, 14989.0], [2936.0, 30682.0], [2933.0, 182.0], [2932.75, 75818.0], [2932.5, 40000.0], [2931.25, 30247.0], [2930.75, 29765.0], [2925.0, 40000.0]], "asks": [[2947.75, 22918.0], [2948.0, 25080.0], [2948.25, 625.0], [2949.0, 2138.0], [2949.25, 7445.0], [2949.5, 1653.0], [2949.75, 2679.0], [2950.0, 5307.0], [2950.25, 1000.0], [2950.75, 1415.0], [2951.0, 4739.0], [2952.25, 4496.0], [2952.5, 15061.0], [2952.75, 47.0], [2953.5, 5658.0], [2953.75, 18956.0], [2954.75, 11.0], [2955.0, 30618.0], [2955.25, 1000.0], [2956.25, 30644.0]]}}}
{"jsonrpc": "2.0", "method": "subscription", "params": {"channel": "book.ETH-6FEB26.none.20.100ms", "data": {"timestamp": 1769683311682, "change_id": 106518111471, "instrument_name": "ETH-6FEB26", "bids": [[2947.25, 9716.0], [2947.0, 26490.0], [2943.5, 1509.0], [2943.25, 5055.0], [2942.5, 2033.0], [2942.25, 6810.0], [2941.5, 1499.0], [2941.25, 5023.0], [2939.5, 500.0], [2939.0, 7570.0], [2938.75, 25323.0], [2938.5, 40000.0], [2938.0, 14989.0], [2936.0, 30682.0], [2933.0, 182.0], [2932.75, 75818.0], [2932.5, 40000.0], [2931.25, 30247.0], [2930.75, 29765.0], [2925.0, 40000.0]], "asks": [[2947.75, 18864.0], [2948.0, 29134.0], [2948.25, 625.0], [2949.0, 2138.0], [2949.25, 7445.0], [2949.5, 1653.0], [2949.75, 2679.0], [2950.0, 5307.0], [2950.25, 1000.0], [2950.75, 1415.0], [2951.0, 4739.0], [2952.25, 4496.0], [2952.5, 15061.0], [2952.75, 47.0], [2953.5, 5658.0], [2953.75, 18956.0], [2954.75, 11.0], [2955.0, 30618.0], [2955.25, 1000.0], [2956.25, 30644.0]]}}}
{"jsonrpc": "2.0", "method": "subscription", "params": {"channel": "book.ETH-6FEB26.none.20.100ms", "data": {"timestamp": 1769683314384, "change_id": 106518113751, "instrument_name": "ETH-6FEB26", "bids": [[2947.25, 9716.0], [2947.0, 26490.0], [2943.5, 1509.0], [2943.25, 5055.0], [2942.5, 2033.0], [2942.25, 6810.0], [2941.5, 1499.0], [2939.5, 500.0], [2939.0, 7570.0], [2938.75, 25323.0], [2938.5, 40000.0], [2938.0, 14989.0], [2936.0, 30682.0], [2933.0, 182.0], [2932.75, 75818.0], [2932.5, 40000.0], [2931.25, 30247.0], [2930.75, 29765.0], [2925.0, 40000.0], [2923.0, 30213.0]], "asks": [[2947.75, 18864.0], [2948.0, 29134.0], [2948.25, 625.0], [2949.0, 2138.0], [2949.25, 7445.0], [2949.5, 1653.0], [2949.75, 2679.0], [2950.0, 5307.0], [2950.25, 1000.0], [2950.75, 1415.0], [2951.0, 4739.0], [2952.25, 4496.0], [2952.5, 15061.0], [2952.75, 47.0], [2953.5, 5658.0], [2953.75, 18956.0], [2954.75, 11.0], [2955.0, 30618.0], [2955.25, 1000.0], [2956.25, 30644.0]]}}}
{"jsonrpc": "2.0", "method": "subscription", "params": {"channel": "book.ETH-6FEB26.none.20.100ms", "data": {"timestamp": 1769683314391, "change_id": 106518113787, "instrument_name": "ETH-6FEB26", "bids": [[2947.25, 9716.0], [2947.0, 26490.0], [2944.0, 1509.0], [2943.75, 5055.0], [2942.5, 2033.0], [2942.25, 6810.0], [2942.0, 1499.0], [2941.75, 5023.0], [2939.5, 500.0], [2939.0, 7570.0], [2938.75, 25323.0], [2938.5, 40000.0], [2938.0, 14989.0], [2936.0, 30682.0], [2933.0, 182.0], [2932.75, 75818.0], [2932.5, 40000.0], [2931.25, 30247.0], [2930.75, 29765.0], [2925.0, 40000.0]], "asks": [[2947.75, 18864.0], [2948.0, 29134.0], [2948.25, 625.0], [2949.0, 2138.0], [2949.25, 7445.0], [2949.5, 1653.0], [2949.75, 2679.0], [2950.0, 5307.0], [2950.25, 1000.0], [2950.75, 1415.0], [2951.0, 4739.0], [2952.25, 4496.0], [2952.5, 15061.0], [2952.75, 47.0], [2953.5, 5658.0], [2953.75, 18956.0], [2954.75, 11.0], [2955.0, 30618.0], [2955.25, 1000.0], [2956.25, 30644.0]]}}}
{"jsonrpc": "2.0", "method": "subscription", "params": {"channel": "book.ETH-6FEB26.none.20.100ms", "data": {"timestamp": 1769683315615, "change_id": 106518114730, "instrument_name": "ETH-6FEB26", "bids": [[2947.25, 9716.0], [2947.0, 26490.0], [2944.0, 1509.0], [2943.75, 5055.0], [2942.5, 2033.0], [2942.25, 6810.0], [2942.0, 1499.0], [2941.75, 5023.0], [2939.5, 500.0], [2939.0, 7570.0], [2938.75, 25323.0], [2938.5, 40000.0], [2938.0, 14989.0], [2936.0, 30682.0], [2933.0, 182.0], [2932.75, 75818.0], [2932.5, 40000.0], [2931.25, 30247.0], [2930.75, 29765.0], [2925.0, 40000.0]], "asks": [[2947.75, 18864.0], [2948.0, 25080.0], [2948.25, 625.0], [2949.0, 2138.0], [2949.25, 7445.0], [2949.5, 1653.0], [2949.75, 2679.0], [2950.0, 5307.0], [2950.25, 1000.0], [2950.75, 1415.0], [2951.0, 4739.0], [2952.25, 4496.0], [2952.5, 15061.0], [2952.75, 47.0], [2953.5, 5658.0], [2953.75, 18956.0], [2954.75, 11.0], [2955.0, 30618.0], [2955.25, 1000.0], [2956.25, 30644.0]]}}}
{"jsonrpc": "2.0", "method": "subscription", "params": {"channel": "book.ETH-6FEB26.none.20.100ms", "data": {"timestamp": 1769683315618, "change_id": 106518114731, "instrument_name": "ETH-6FEB26", "bids": [[2947.25, 9716.0], [2947.0, 26490.0], [2944.0, 1509.0], [2943.75, 5055.0], [2942.5, 2033.0], [2942.25, 6810.0], [2942.0, 1499.0], [2941.75, 5023.0], [2939.5, 500.0], [2939.0, 7570.0], [2938.75, 25323.0], [2938.5, 40000.0], [2938.0, 14989.0], [2936.0, 30682.0], [2933.0, 182.0], [2932.75, 75818.0], [2932.5, 40000.0], [2931.25, 30247.0], [2930.75, 29765.0], [2925.0, 40000.0]], "asks": [[2947.75, 22918.0], [2948.0, 25080.0], [2948.25, 625.0], [2949.0, 2138.0], [2949.25, 7445.0], [2949.5, 1653.0], [2949.75, 2679.0], [2950.0, 5307.0], [2950.25, 1000.0], [2950.75, 1415.0], [2951.0, 4739.0], [2952.25, 4496.0], [2952.5, 15061.0], [2952.75, 47.0], [2953.5, 5658.0], [2953.75, 18956.0], [2954.75, 11.0], [2955.0, 30618.0], [2955.25, 1000.0], [2956.25, 30644.0]]}}}
{"jsonrpc": "2.0", "method": "subscription", "params": {"channel": "book.ETH-6FEB26.none.20.100ms", "data": {"timestamp": 1769683317394, "change_id": 106518116268, "instrument_name": "ETH-6FEB26", "bids": [[2947.25, 9716.0], [2947.0, 26490.0], [2944.5, 1509.0], [2944.25, 5055.0], [2942.5, 3272.0], [2942.25, 11833.0], [2939.5, 500.0], [2939.0, 7570.0], [2938.75, 25323.0], [2938.5, 40000.0], [2938.0, 14989.0], [2936.0, 30682.0], [2933.0, 182.0], [2932.75, 75818.0], [2932.5, 40000.0], [2931.25, 30247.0], [2930.75, 29765.0], [2925.0, 40000.0], [2923.0, 30213.0], [2919.75, 20487.0]], "asks": [[2947.75, 22918.0], [2948.0, 25080.0], [2948.25, 625.0], [2949.0, 2138.0], [2949.25, 7445.0], [2949.5, 1653.0], [2949.75, 2679.0], [2950.0, 5307.0], [2950.25, 1000.0], [2950.75, 1415.0], [2951.0, 4739.0], [2952.25, 4496.0], [2952.5, 15061.0], [2952.75, 47.0], [2953.5, 5658.0], [2953.75, 18956.0], [2954.75, 11.0], [2955.0, 30618.0], [2955.25, 1000.0], [2956.25, 30644.0]]}}}
{"jsonrpc": "2.0", "method": "subscription", "params": {"channel": "book.ETH-6FEB26.none.20.100ms", "data": {"timestamp": 1769683318531, "change_id": 106518117280, "instrument_name": "ETH-6FEB26", "bids": [[2947.25, 9716.0], [2947.0, 26490.0], [2944.5, 1509.0], [2944.25, 5055.0], [2942.5, 3272.0], [2942.25, 11833.0], [2939.5, 500.0], [2939.0, 7570.0], [2938.75, 25323.0], [2938.5, 40000.0], [2938.0, 14989.0], [2936.0, 30682.0], [2933.0, 182.0], [2932.75, 75818.0], [2932.5, 40000.0], [2931.25, 30247.0], [2930.75, 29765.0], [2925.0, 40000.0], [2923.0, 30213.0], [2919.75, 20487.0]], "asks": [[2947.75, 22918.0], [2948.0, 25080.0], [2948.25, 625.0], [2949.0, 2138.0], [2949.25, 7445.0], [2949.5, 1653.0], [2949.75, 2679.0], [2950.0, 5307.0], [2950.25, 1000.0], [2950.75, 1415.0], [2951.0, 4739.0], [2952.25, 4496.0], [2952.5, 15061.0], [2952.75, 47.0], [2953.5, 5658.0], [2953.75, 18956.0], [2954.75, 11.0], [2955.0, 30618.0], [2955.25, 1000.0], [2956.25, 30644.0]]}}}
{"jsonrpc": "2.0", "method": "subscription", "params": {"channel": "book.ETH-6FEB26.none.20.100ms", "data": {"timestamp": 1769683318660, "change_id": 106518117287, "instrument_name": "ETH-6FEB26", "bids": [[2947.25, 9716.0], [2947.0, 26490.0], [2944.5, 1509.0], [2944.25, 5055.0], [2942.5, 3272.0], [2942.25, 11833.0], [2939.5, 500.0], [2939.0, 7570.0], [2938.75, 25323.0], [2938.5, 40000.0], [2938.0, 14989.0], [2936.0, 30682.0], [2933.0, 182.0], [2932.75, 75818.0], [2932.5, 40000.0], [2931.25, 30247.0], [2930.75, 29765.0], [2925.0, 40000.0], [2923.0, 30213.0], [2919.75, 20487.0]], "asks": [[2947.75, 18864.0], [2948.0, 29134.0], [2948.25, 625.0], [2949.0, 2138.0], [2949.25, 7445.0], [2949.5, 1653.0], [2949.75, 2679.0], [2950.0, 5307.0], [2950.25, 1000.0], [2950.75, 1415.0], [2951.0, 4739.0], [2952.25, 4496.0], [2952.5, 15061.0], [2952.75, 47.0], [2953.5, 5658.0], [2953.75, 18956.0], [2954.75, 11.0], [2955.0, 30618.0], [2955.25, 1000.0], [2956.25, 30644.0]]}}}
{"jsonrpc": "2.0", "method": "subscription", "params": {"channel": "book.ETH-6FEB26.none.20.100ms", "data": {"timestamp": 1769683320396, "change_id": 106518118850, "instrument_name": "ETH-6FEB26", "bids": [[2947.25, 9716.0], [2947.0, 26490.0], [2944.75, 1509.0], [2944.5, 5055.0], [2942.5, 2033.0], [2942.25, 6810.0], [2940.0, 1499.0], [2939.75, 5023.0], [2939.5, 500.0], [2939.0, 7570.0], [2938.75, 25323.0], [2938.5, 40000.0], [2938.0, 14989.0], [2936.0, 30682.0], [2933.0, 182.0], [2932.75, 75818.0], [2932.5, 40000.0], [2931.25, 30247.0], [2930.75, 29765.0], [2925.0, 40000.0]], "asks": [[2947.75, 18864.0], [2948.0, 29134.0], [2948.25, 625.0], [2949.0, 2138.0], [2949.25, 7445.0], [2949.5, 1653.0], [2949.75, 2679.0], [2950.0, 5307.0], [2950.25, 1000.0], [2950.75, 1415.0], [2951.0, 4739.0], [2952.25, 4496.0], [2952.5, 15061.0], [2952.75, 47.0], [2953.5, 5658.0], [2953.75, 18956.0], [2954.75, 11.0], [2955.0, 30618.0], [2955.25, 1000.0], [2956.25, 30644.0]]}}}
{"jsonrpc": "2.0", "method": "subscription", "params": {"channel": "book.ETH-6FEB26.none.20.100ms", "data": {"timestamp": 1769683321468, "change_id": 106518119711, "instrument_name": "ETH-6FEB26", "bids": [[2947.25, 8416.0], [2947.0, 26490.0], [2944.75, 1509.0], [2944.5, 5055.0], [2942.5, 2033.0], [2942.25, 6810.0], [2940.0, 1499.0], [2939.75, 5023.0], [2939.5, 500.0], [2939.0, 7570.0], [2938.75, 25323.0], [2938.5, 40000.0], [2938.0, 14989.0], [2936.0, 30682.0], [2933.0, 182.0], [2932.75, 75818.0], [2932.5, 40000.0], [2931.25, 30247.0], [2930.75, 29765.0], [2925.0, 40000.0]], "asks": [[2947.75, 22918.0], [2948.0, 25080.0], [2948.25, 625.0], [2949.0, 2138.0], [2949.25, 7445.0], [2949.5, 1653.0], [2949.75, 2679.0], [2950.0, 5307.0], [2950.25, 1000.0], [2950.75, 1415.0], [2951.0, 4739.0], [2952.25, 4496.0], [2952.5, 15061.0], [2952.75, 47.0], [2953.5, 5658.0], [2953.75, 18956.0], [2954.75, 11.0], [2955.0, 30618.0], [2955.25, 1000.0], [2956.25, 30644.0]]}}}
{"jsonrpc": "2.0", "method": "subscription", "params": {"channel": "book.ETH-6FEB26.none.20.100ms", "data": {"timestamp": 1769683321801, "change_id": 106518120180, "instrument_name": "ETH-6FEB26", "bids": [[2947.25, 8506.0], [2947.0, 23209.0], [2946.75, 4054.0], [2944.75, 1509.0], [2944.5, 5055.0], [2942.5, 2033.0], [2942.25, 6810.0], [2940.0, 1499.0], [2939.75, 5023.0], [2939.5, 500.0], [2939.0, 7570.0], [2938.75, 25323.0], [2938.5, 40000.0], [2938.0, 14989.0], [2936.0, 30682.0], [2933.0, 182.0], [2932.75, 75818.0], [2932.5, 40000.0], [2931.25, 30247.0], [2930.75, 29765.0]], "asks": [[2947.75, 22918.0], [2948.0, 25080.0], [2948.25, 625.0], [2949.0, 2138.0], [2949.25, 7445.0], [2949.5, 1653.0], [2949.75, 2679.0], [2950.0, 5307.0], [2950.25, 1000.0], [2950.75, 1415.0], [2951.0, 4739.0], [2952.25, 4496.0], [2952.5, 15061.0], [2952.75, 47.0], [2953.5, 5658.0], [2953.75, 18956.0], [2954.75, 11.0], [2955.0, 30618.0], [2955.25, 1000.0], [2956.25, 30644.0]]}}}
{"jsonrpc": "2.0", "method": "subscription", "params": {"channel": "book.ETH-6FEB26.none.20.100ms", "data": {"timestamp": 1769683323184, "change_id": 106518121224, "instrument_name": "ETH-6FEB26", "bids": [[2947.25, 8506.0], [2947.0, 26490.0], [2944.75, 1509.0], [2944.5, 5055.0], [2942.5, 2033.0], [2942.25, 6810.0], [2940.0, 1499.0], [2939.75, 5023.0], [2939.5, 500.0], [2939.0, 7570.0], [2938.75, 25323.0], [2938.5, 40000.0], [2938.0, 14989.0], [2936.0, 30682.0], [2933.0, 182.0], [2932.75, 75818.0], [2932.5, 40000.0], [2931.25, 30247.0], [2930.75, 29765.0], [2925.0, 40000.0]], "asks": [[2947.75, 22918.0], [2948.0, 25080.0], [2948.25, 625.0], [2949.0, 2138.0], [2949.25, 7445.0], [2949.5, 1653.0], [2949.75, 2679.0], [2950.0, 5307.0], [2950.25, 1000.0], [2950.75, 1415.0], [2951.0, 4739.0], [2952.25, 4496.0], [2952.5, 15061.0], [2952.75, 47.0], [2953.5, 5658.0], [2953.75, 18956.0], [2954.75, 11.0], [2955.0, 30618.0], [2955.25, 1000.0], [2956.25, 30644.0]]}}}
{"jsonrpc": "2.0", "method": "subscription", "params": {"channel": "book.ETH-6FEB26.none.20.100ms", "data": {"timestamp": 1769683323396, "change_id": 106518121447, "instrument_name": "ETH-6FEB26", "bids": [[2947.25, 8506.0], [2947.0, 26490.0], [2943.0, 1509.0], [2942.75, 5055.0], [2942.5, 2033.0], [2942.25, 6810.0], [2940.5, 1499.0], [2940.25, 5023.0], [2939.5, 500.0], [2939.0, 7570.0], [2938.75, 25323.0], [2938.5, 40000.0], [2938.0, 14989.0], [2936.0, 30682.0], [2933.0, 182.0], [2932.75, 75818.0], [2932.5, 40000.0], [2931.25, 30247.0], [2930.75, 29765.0], [2925.0, 40000.0]], "asks": [[2947.75, 22918.0], [2948.0, 25080.0], [2948.25, 625.0], [2949.0, 2138.0], [2949.25, 7445.0], [2949.5, 1653.0], [2949.75, 2679.0], [2950.0, 5307.0], [2950.25, 1000.0], [2950.75, 1415.0], [2951.0, 4739.0], [2952.25, 4496.0], [2952.5, 15061.0], [2952.75, 47.0], [2953.5, 5658.0], [2953.75, 18956.0], [2954.75, 11.0], [2955.0, 30618.0], [2955.25, 1000.0], [2956.25, 30644.0]]}}}
{"jsonrpc": "2.0", "method": "subscription", "params": {"channel": "book.ETH-6FEB26.none.20.100ms", "data": {"timestamp": 1769683323693, "change_id": 106518121666, "instrument_name": "ETH-6FEB26", "bids": [[2947.25, 9006.0], [2947.0, 26490.0], [2943.0, 1509.0], [2942.75, 5055.0], [2942.5, 2033.0], [2942.25, 6810.0], [2940.5, 1499.0], [2940.25, 5023.0], [2939.0, 7570.0], [2938.75, 25323.0], [2938.5, 40000.0], [2938.0, 14989.0], [2936.0, 30682.0], [2933.0, 182.0], [2932.75, 75818.0], [2932.5, 40000.0], [2931.25, 30247.0], [2930.75, 29765.0], [2925.0, 40000.0], [2923.0, 30213.0]], "asks": [[2947.75, 22918.0], [2948.0, 25080.0], [2948.25, 625.0], [2949.0, 2138.0], [2949.25, 7445.0], [2949.5, 1653.0], [2949.75, 2679.0], [2950.0, 5307.0], [2950.25, 1000.0], [2950.75, 1415.0], [2951.0, 4739.0], [2952.25, 4496.0], [2952.5, 15061.0], [2952.75, 47.0], [2953.5, 5658.0], [2953.75, 18956.0], [2954.75, 11.0], [2955.0, 30618.0], [2955.25, 1000.0], [2956.25, 30644.0]]}}}
{"jsonrpc": "2.0", "method": "subscription", "params": {"channel": "book.ETH-6FEB26.none.20.100ms", "data": {"timestamp": 1769683326398, "change_id": 106518123937, "instrument_name": "ETH-6FEB26", "bids": [[2947.25, 9006.0], [2947.0, 26490.0], [2943.5, 1509.0], [2943.25, 5055.0], [2942.5, 2033.0], [2942.25, 6810.0], [2941.0, 1499.0], [2940.75, 5023.0], [2939.0, 7570.0], [2938.75, 25323.0], [2938.5, 40000.0], [2938.0, 14989.0], [2936.0, 30682.0], [2933.0, 182.0], [2932.75, 75818.0], [2932.5, 40000.0], [2931.25, 30247.0], [2930.75, 29765.0], [2925.0, 40000.0], [2923.0, 30213.0]], "asks": [[2947.75, 22918.0], [2948.0, 25080.0], [2948.25, 625.0], [2949.0, 2138.0], [2949.25, 7445.0], [2949.5, 1653.0], [2949.75, 2679.0], [2950.0, 5307.0], [2950.25, 1000.0], [2950.75, 1415.0], [2951.0, 4739.0], [2952.25, 4496.0], [2952.5, 15061.0], [2952.75, 47.0], [2953.5, 5658.0], [2953.75, 18956.0], [2954.75, 11.0], [2955.0, 30618.0], [2955.25, 1000.0], [2956.25, 30644.0]]}}}
{"jsonrpc": "2.0", "method": "subscription", "params": {"channel": "book.ETH-6FEB26.none.20.100ms", "data": {"timestamp": 1769683328609, "change_id": 106518125730, "instrument_name": "ETH-6FEB26", "bids": [[2947.25, 9006.0], [2947.0, 26490.0], [2943.5, 1509.0], [2943.25, 5055.0], [2942.5, 2033.0], [2942.25, 6810.0], [2941.0, 1499.0], [2940.75, 5023.0], [2939.0, 7570.0], [2938.75, 25323.0], [2938.5, 40000.0], [2938.0, 14989.0], [2936.0, 30682.0], [2933.0, 182.0], [2932.75, 75818.0], [2932.5, 40000.0], [2931.25, 30247.0], [2930.75, 29765.0], [2925.0, 40000.0], [2923.0, 30213.0]], "asks": [[2947.75, 22918.0], [2948.0, 25080.0], [2948.25, 625.0], [2949.0, 2138.0], [2949.25, 7445.0], [2949.5, 1653.0], [2949.75, 2679.0], [2950.0, 5307.0], [2950.25, 1000.0], [2950.75, 1415.0], [2951.0, 4739.0], [2952.25, 4496.0], [2952.5, 15061.0], [2952.75, 47.0], [2953.5, 5658.0], [2953.75, 18956.0], [2954.75, 11.0], [2955.0, 30618.0], [2955.25, 1000.0], [2956.25, 30644.0]]}}}
{"jsonrpc": "2.0", "method": "subscription", "params": {"channel": "book.ETH-6FEB26.none.20.100ms", "data": {"timestamp": 1769683329169, "change_id": 106518126135, "instrument_name": "ETH-6FEB26", "bids": [[2947.25, 2425.0], [2947.0, 26490.0], [2943.5, 1509.0], [2943.25, 5055.0], [2942.5, 2033.0], [2942.25, 6810.0], [2941.0, 1499.0], [2940.75, 5023.0], [2939.0, 7570.0], [2938.75, 25323.0], [2938.5, 40000.0], [2938.0, 14989.0], [2936.0, 30682.0], [2933.0, 182.0], [2932.75, 75818.0], [2932.5, 40000.0], [2931.25, 30247.0], [2930.75, 29765.0], [2925.0, 40000.0], [2923.0, 30213.0]], "asks": [[2947.75, 22918.0], [2948.0, 25080.0], [2948.25, 625.0], [2949.0, 2138.0], [2949.25, 7445.0], [2949.5, 1653.0], [2949.75, 2679.0], [2950.0, 5307.0], [2950.25, 1000.0], [2950.75, 1415.0], [2951.0, 4739.0], [2952.25, 4496.0], [2952.5, 15061.0], [2952.75, 47.0], [2953.5, 5658.0], [2953.75, 18956.0], [2954.75, 11.0], [2955.0, 30618.0], [2955.25, 1000.0], [2956.25, 30644.0]]}}}
{"jsonrpc": "2.0", "method": "subscription", "params": {"channel": "book.ETH-6FEB26.none.20.100ms", "data": {"timestamp": 1769683331025, "change_id": 106518127823, "instrument_name": "ETH-6FEB26", "bids": [[2947.25, 1125.0], [2947.0, 23209.0], [2946.75, 4054.0], [2944.25, 5055.0], [2940.5, 5023.0], [2940.25, 2034.0], [2940.0, 6814.0], [2939.0, 7570.0], [2938.75, 37263.0], [2938.5, 40000.0], [2938.0, 14989.0], [2936.0, 30682.0], [2933.0, 182.0], [2932.75, 75818.0], [2932.5, 40000.0], [2931.25, 30247.0], [2930.75, 29765.0], [2925.0, 40000.0], [2923.0, 30213.0], [2919.75, 20487.0]], "asks": [[2947.5, 4054.0], [2947.75, 18864.0], [2948.0, 25080.0], [2948.25, 625.0], [2949.0, 2138.0], [2949.25, 7445.0], [2949.5, 1653.0], [2949.75, 2679.0], [2950.0, 5307.0], [2950.25, 1000.0], [2950.75, 1415.0], [2951.0, 4739.0], [2952.25, 4496.0], [2952.5, 15061.0], [2952.75, 47.0], [2953.5, 5658.0], [2953.75, 18956.0], [2954.75, 11.0], [2955.0, 30618.0], [2955.25, 1000.0]]}}}
{"jsonrpc": "2.0", "method": "subscription", "params": {"channel": "book.ETH-6FEB26.none.20.100ms", "data": {"timestamp": 1769683331394, "change_id": 106518128236, "instrument_name": "ETH-6FEB26", "bids": [[2947.25, 1125.0], [2947.0, 23209.0], [2946.75, 4054.0], [2944.25, 5055.0], [2942.0, 7008.0], [2940.5, 5023.0], [2939.0, 7570.0], [2938.75, 37263.0], [2938.5, 40000.0], [2938.0, 14989.0], [2936.0, 30682.0], [2933.0, 182.0], [2932.75, 75818.0], [2932.5, 40000.0], [2931.25, 30247.0], [2930.75, 29765.0], [2925.0, 40000.0], [2923.0, 30213.0], [2919.75, 20487.0], [2910.75, 20057.0]], "asks": [[2947.75, 12750.0], [2948.0, 25705.0], [2949.0, 2138.0], [2949.25, 7445.0], [2949.5, 1653.0], [2949.75, 2679.0], [2950.0, 5307.0], [2950.25, 1000.0], [2950.75, 1415.0], [2951.0, 4739.0], [2952.25, 4496.0], [2952.5, 15061.0], [2952.75, 47.0], [2953.5, 5658.0], [2953.75, 18956.0], [2954.75, 11.0], [2955.0, 30618.0], [2955.25, 1000.0], [2956.25, 30644.0], [2956.5, 40000.0]]}}}
{"jsonrpc": "2.0", "method": "subscription", "params": {"channel": "book.ETH-6FEB26.none.20.100ms", "data": {"timestamp": 1769683331686, "change_id": 106518129070, "instrument_name": "ETH-6FEB26", "bids": [[2947.25, 500.0], [2947.0, 22048.0], [2946.75, 1835.0], [2946.5, 4054.0], [2942.25, 5055.0], [2942.0, 7008.0], [2939.25, 5023.0], [2939.0, 7570.0], [2938.75, 37263.0], [2938.5, 40000.0], [2938.0, 14989.0], [2936.0, 30682.0], [2933.0, 182.0], [2932.75, 75818.0], [2932.5, 40000.0], [2931.25, 30247.0], [2930.75, 29765.0], [2925.0, 40000.0], [2923.0, 30213.0], [2919.75, 20487.0]], "asks": [[2947.5, 40602.0], [2947.75, 625.0], [2949.0, 2138.0], [2949.25, 7445.0], [2949.5, 1653.0], [2949.75, 2679.0], [2950.0, 5307.0], [2950.25, 1000.0], [2950.75, 1415.0], [2951.0, 4739.0], [2952.25, 4496.0], [2952.5, 15061.0], [2952.75, 47.0], [2953.5, 5658.0], [2953.75, 18956.0], [2954.75, 11.0], [2955.0, 30618.0], [2955.25, 1000.0], [2956.25, 30644.0], [2956.5, 40000.0]]}}}
{"jsonrpc": "2.0", "method": "subscription", "params": {"channel": "book.ETH-6FEB26.none.20.100ms", "data": {"timestamp": 1769683331982, "change_id": 106518129431, "instrument_name": "ETH-6FEB26", "bids": [[2947.25, 500.0], [2947.0, 22048.0], [2946.75, 1835.0], [2946.5, 4054.0], [2942.25, 5055.0], [2942.0, 7008.0], [2939.5, 1499.0], [2939.25, 5023.0], [2939.0, 7570.0], [2938.75, 37263.0], [2938.5, 40000.0], [2938.0, 14989.0], [2936.0, 30682.0], [2933.0, 182.0], [2932.75, 75818.0], [2932.5, 40000.0], [2931.25, 30247.0], [2930.75, 29765.0], [2925.0, 40000.0], [2923.0, 30213.0]], "asks": [[2947.5, 30434.0], [2947.75, 625.0], [2949.0, 2138.0], [2949.25, 7445.0], [2949.5, 1653.0], [2949.75, 2679.0], [2950.0, 5307.0], [2950.25, 1000.0], [2950.75, 1415.0], [2951.0, 4739.0], [2952.25, 4496.0], [2952.5, 15061.0], [2952.75, 47.0], [2953.5, 5658.0], [2953.75, 18956.0], [2954.75, 11.0], [2955.0, 30618.0], [2955.25, 1000.0], [2956.25, 30644.0], [2956.5, 40000.0]]}}}
{"jsonrpc": "2.0", "method": "subscription", "params": {"channel": "book.ETH-6FEB26.none.20.100ms", "data": {"timestamp": 1769683332989, "change_id": 106518130356, "instrument_name": "ETH-6FEB26", "bids": [[2947.25, 500.0], [2947.0, 22048.0], [2946.75, 1835.0], [2946.5, 4054.0], [2942.5, 1509.0], [2942.25, 5055.0], [2942.0, 7008.0], [2939.5, 1499.0], [2939.25, 5023.0], [2939.0, 7570.0], [2938.75, 37263.0], [2938.5, 40000.0], [2938.0, 14989.0], [2936.0, 30682.0], [2933.0, 182.0], [2932.75, 75818.0], [2932.5, 40000.0], [2931.25, 30247.0], [2930.75, 29765.0], [2925.0, 40000.0]], "asks": [[2947.5, 30434.0], [2947.75, 625.0], [2949.0, 2138.0], [2949.25, 7445.0], [2949.5, 1653.0], [2949.75, 2679.0], [2950.0, 5307.0], [2950.25, 1000.0], [2950.75, 1415.0], [2951.0, 4739.0], [2952.25, 4496.0], [2952.5, 15061.0], [2952.75, 47.0], [2953.5, 5658.0], [2953.75, 18956.0], [2954.75, 11.0], [2955.0, 30618.0], [2955.25, 1000.0], [2956.25, 30644.0], [2956.5, 40000.0]]}}}
{"jsonrpc": "2.0", "method": "subscription", "params": {"channel": "book.ETH-6FEB26.none.20.100ms", "data": {"timestamp": 1769683333996, "change_id": 106518131416, "instrument_name": "ETH-6FEB26", "bids": [[2947.25, 500.0], [2947.0, 22048.0], [2946.75, 1835.0], [2946.5, 4054.0], [2942.5, 1509.0], [2942.25, 7147.0], [2942.0, 7008.0], [2939.5, 1499.0], [2939.25, 5023.0], [2939.0, 7570.0], [2938.75, 37263.0], [2938.5, 40000.0], [2938.0, 14989.0], [2936.0, 30682.0], [2933.0, 182.0], [2932.75, 75818.0], [2932.5, 40000.0], [2931.25, 30247.0], [2930.75, 29765.0], [2925.0, 40000.0]], "asks": [[2947.5, 30434.0], [2947.75, 625.0], [2949.0, 2138.0], [2949.25, 7445.0], [2949.5, 1653.0], [2949.75, 2679.0], [2950.0, 5307.0], [2950.25, 1000.0], [2950.75, 1415.0], [2951.0, 4739.0], [2952.25, 4496.0], [2952.5, 15061.0], [2952.75, 47.0], [2953.5, 5658.0], [2953.75, 18956.0], [2954.75, 11.0], [2955.0, 30618.0], [2955.25, 1000.0], [2956.25, 30644.0], [2956.5, 40000.0]]}}}
{"jsonrpc": "2.0", "method": "subscription", "params": {"channel": "book.ETH-6FEB26.none.20.100ms", "data": {"timestamp": 1769683335058, "change_id": 106518132292, "instrument_name": "ETH-6FEB26", "bids": [[2947.25, 500.0], [2947.0, 22048.0], [2946.75, 1835.0], [2946.5, 4054.0], [2942.5, 1509.0], [2942.25, 7147.0], [2942.0, 7008.0], [2939.75, 353.0], [2939.5, 2683.0], [2939.25, 5023.0], [2939.0, 7570.0], [2938.75, 36079.0], [2938.5, 40000.0], [2938.0, 14989.0], [2936.0, 30682.0], [2933.0, 182.0], [2932.75, 75818.0], [2932.5, 40000.0], [2931.25, 30247.0], [2930.75, 29765.0]], "asks": [[2947.5, 30434.0], [2947.75, 625.0], [2949.0, 2138.0], [2949.25, 7445.0], [2949.5, 1653.0], [2949.75, 2679.0], [2950.0, 5307.0], [2950.25, 1000.0], [2950.75, 1415.0], [2951.0, 4739.0], [2952.25, 4496.0], [2952.5, 15061.0], [2952.75, 47.0], [2953.5, 5658.0], [2953.75, 18956.0], [2954.75, 11.0], [2955.0, 30618.0], [2955.25, 1000.0], [2956.25, 30644.0], [2956.5, 40000.0]]}}}
{"jsonrpc": "2.0", "method": "subscription", "params": {"channel": "book.ETH-6FEB26.none.20.100ms", "data": {"timestamp": 1769683335401, "change_id": 106518132698, "instrument_name": "ETH-6FEB26", "bids": [[2947.25, 500.0], [2947.0, 22048.0], [2946.75, 1835.0], [2946.5, 4054.0], [2942.75, 1509.0], [2942.5, 5055.0], [2942.25, 2092.0], [2942.0, 7008.0], [2939.75, 353.0], [2939.5, 6207.0], [2939.0, 7570.0], [2938.75, 36079.0], [2938.5, 40000.0], [2938.0, 14989.0], [2936.0, 30682.0], [2933.0, 182.0], [2932.75, 75818.0], [2932.5, 40000.0], [2931.25, 30247.0], [2930.75, 29765.0]], "asks": [[2947.5, 30434.0], [2947.75, 625.0], [2949.0, 2138.0], [2949.25, 7445.0], [2949.5, 1653.0], [2949.75, 2679.0], [2950.0, 5307.0], [2950.25, 1000.0], [2950.75, 1415.0], [2951.0, 4739.0], [2952.25, 4496.0], [2952.5, 15061.0], [2952.75, 47.0], [2953.5, 5658.0], [2953.75, 18956.0], [2954.75, 11.0], [2955.0, 30618.0], [2955.25, 1000.0], [2956.25, 30644.0], [2956.5, 40000.0]]}}}
{"jsonrpc": "2.0", "method": "subscription", "params": {"channel": "book.ETH-6FEB26.none.20.100ms", "data": {"timestamp": 1769683336268, "change_id": 106518133902, "instrument_name": "ETH-6FEB26", "bids": [[2947.25, 500.0], [2947.0, 22048.0], [2946.5, 625.0], [2942.75, 1509.0], [2942.5, 5055.0], [2941.25, 2047.0], [2941.0, 6858.0], [2939.75, 1808.0], [2939.5, 6207.0], [2939.0, 7570.0], [2938.75, 36079.0], [2938.5, 40000.0], [2938.0, 14989.0], [2936.0, 30682.0], [2933.0, 182.0], [2932.75, 75818.0], [2932.5, 40000.0], [2931.25, 30247.0], [2930.75, 29765.0], [2925.0, 40000.0]], "asks": [[2947.5, 30434.0], [2947.75, 625.0], [2949.0, 2138.0], [2949.25, 7445.0], [2949.5, 1653.0], [2949.75, 2679.0], [2950.0, 5307.0], [2950.25, 1000.0], [2950.75, 1415.0], [2951.0, 4739.0], [2952.25, 4496.0], [2952.5, 15061.0], [2952.75, 47.0], [2953.5, 5658.0], [2953.75, 18956.0], [2954.75, 11.0], [2955.0, 30618.0], [2955.25, 1000.0], [2956.25, 30644.0], [2956.5, 40000.0]]}}}
{"jsonrpc": "2.0", "method": "subscription", "params": {"channel": "book.ETH-6FEB26.none.20.100ms", "data": {"timestamp": 1769683336559, "change_id": 106518134375, "instrument_name": "ETH-6FEB26", "bids": [[2947.25, 500.0], [2947.0, 23445.0], [2946.75, 4679.0], [2942.75, 1509.0], [2942.5, 5055.0], [2941.25, 2047.0], [2941.0, 6858.0], [2939.75, 1808.0], [2939.5, 6207.0], [2939.0, 7570.0], [2938.75, 36079.0], [2938.5, 40000.0], [2938.0, 14989.0], [2936.0, 30682.0], [2933.0, 182.0], [2932.75, 75818.0], [2932.5, 40000.0], [2931.25, 30247.0], [2930.75, 29765.0], [2925.0, 40000.0]], "asks": [[2947.5, 29134.0], [2949.0, 2138.0], [2949.25, 7445.0], [2949.5, 1653.0], [2949.75, 2679.0], [2950.0, 5307.0], [2950.25, 1000.0], [2950.75, 1415.0], [2951.0, 4739.0], [2952.25, 4496.0], [2952.5, 15061.0], [2952.75, 47.0], [2953.5, 5658.0], [2953.75, 18956.0], [2954.75, 11.0], [2955.0, 30618.0], [2955.25, 1000.0], [2956.25, 30644.0], [2956.5, 40000.0], [2958.25, 9232.0]]}}}
{"jsonrpc": "2.0", "method": "subscription", "params": {"channel": "book.ETH-6FEB26.none.20.100ms", "data": {"timestamp": 1769683336740, "change_id": 106518134527, "instrument_name": "ETH-6FEB26", "bids": [[2947.25, 500.0], [2947.0, 24070.0], [2946.75, 4054.0], [2942.75, 1509.0], [2942.5, 5055.0], [2941.25, 2047.0], [2941.0, 6858.0], [2939.75, 1808.0], [2939.5, 6207.0], [2939.0, 7570.0], [2938.75, 36079.0], [2938.5, 40000.0], [2938.0, 14989.0], [2936.0, 30682.0], [2933.0, 182.0], [2932.75, 75818.0], [2932.5, 40000.0], [2931.25, 30247.0], [2930.75, 29765.0], [2925.0, 40000.0]], "asks": [[2947.5, 29134.0], [2948.25, 625.0], [2949.0, 2138.0], [2949.25, 7445.0], [2949.5, 1653.0], [2949.75, 2679.0], [2950.0, 5307.0], [2950.25, 1000.0], [2950.75, 1415.0], [2951.0, 4739.0], [2952.25, 4496.0], [2952.5, 15061.0], [2952.75, 47.0], [2953.5, 5658.0], [2953.75, 18956.0], [2954.75, 11.0], [2955.0, 30618.0], [2955.25, 1000.0], [2956.25, 30644.0], [2956.5, 40000.0]]}}}
{"jsonrpc": "2.0", "method": "subscription", "params": {"channel": "book.ETH-6FEB26.none.20.100ms", "data": {"timestamp": 1769683337579, "change_id": 106518135500, "instrument_name": "ETH-6FEB26", "bids": [[2947.25, 500.0], [2947.0, 24070.0], [2946.75, 4054.0], [2942.75, 3406.0], [2942.5, 12057.0], [2939.75, 1808.0], [2939.5, 6207.0], [2939.0, 7570.0], [2938.75, 36079.0], [2938.5, 40000.0], [2938.0, 14989.0], [2936.0, 30682.0], [2933.0, 182.0], [2932.75, 75818.0], [2932.5, 40000.0], [2931.25, 30247.0], [2930.75, 29765.0], [2925.0, 40000.0], [2923.0, 30213.0], [2919.75, 20487.0]], "asks": [[2947.5, 29134.0], [2948.25, 625.0], [2949.0, 2138.0], [2949.25, 7445.0], [2949.5, 1653.0], [2949.75, 2679.0], [2950.0, 5307.0], [2950.25, 1000.0], [2950.75, 1415.0], [2951.0, 4739.0], [2952.25, 4496.0], [2952.5, 15061.0], [2952.75, 47.0], [2953.5, 5658.0], [2953.75, 18956.0], [2954.75, 11.0], [2955.0, 30618.0], [2955.25, 1000.0], [2956.25, 30644.0], [2956.5, 40000.0]]}}}
{"jsonrpc": "2.0", "method": "subscription", "params": {"channel": "book.ETH-6FEB26.none.20.100ms", "data": {"timestamp": 1769683337738, "change_id": 106518135624, "instrument_name": "ETH-6FEB26", "bids": [[2947.25, 500.0], [2947.0, 24070.0], [2946.75, 4054.0], [2942.75, 3406.0], [2942.5, 12057.0], [2939.75, 1808.0], [2939.5, 6207.0], [2939.0, 7570.0], [2938.75, 36079.0], [2938.5, 40000.0], [2938.0, 14989.0], [2936.0, 30682.0], [2933.0, 182.0], [2932.75, 75818.0], [2932.5, 40000.0], [2931.25, 30247.0], [2930.75, 29765.0], [2925.0, 40000.0], [2923.0, 30213.0], [2919.75, 20487.0]], "asks": [[2947.5, 29134.0], [2948.25, 625.0], [2949.0, 2138.0], [2949.25, 7445.0], [2949.5, 1653.0], [2949.75, 2679.0], [2950.0, 5307.0], [2950.25, 1000.0], [2950.75, 1415.0], [2951.0, 4739.0], [2952.25, 4496.0], [2952.5, 15061.0], [2952.75, 47.0], [2953.5, 5658.0], [2953.75, 18956.0], [2954.75, 11.0], [2955.0, 30618.0], [2955.25, 1000.0], [2956.25, 30644.0], [2956.5, 40000.0]]}}}
{"jsonrpc": "2.0", "method": "subscription", "params": {"channel": "book.ETH-6FEB26.none.20.100ms", "data": {"timestamp": 1769683338153, "change_id": 106518135963, "instrument_name": "ETH-6FEB26", "bids": [[2947.25, 500.0], [2947.0, 24070.0], [2946.75, 4054.0], [2942.75, 3406.0], [2942.5, 12057.0], [2939.75, 1808.0], [2939.5, 7621.0], [2939.25, 4738.0], [2939.0, 7570.0], [2938.75, 31341.0], [2938.5, 40000.0], [2938.0, 14989.0], [2936.0, 30682.0], [2933.0, 182.0], [2932.75, 75818.0], [2932.5, 40000.0], [2931.25, 30247.0], [2930.75, 29765.0], [2925.0, 40000.0], [2923.0, 30213.0]], "asks": [[2947.5, 29134.0], [2948.25, 625.0], [2949.0, 2138.0], [2949.25, 7445.0], [2949.5, 1653.0], [2949.75, 2679.0], [2950.0, 5307.0], [2950.25, 1000.0], [2950.75, 1415.0], [2951.0, 4739.0], [2952.25, 4496.0], [2952.5, 15061.0], [2952.75, 47.0], [2953.5, 5658.0], [2953.75, 18956.0], [2954.75, 11.0], [2955.0, 30618.0], [2955.25, 1000.0], [2956.25, 30644.0], [2956.5, 40000.0]]}}}
{"jsonrpc": "2.0", "method": "subscription", "params": {"channel": "book.ETH-6FEB26.none.20.100ms", "data": {"timestamp": 1769683338599, "change_id": 106518136492, "instrument_name": "ETH-6FEB26", "bids": [[2947.25, 500.0], [2947.0, 24070.0], [2946.75, 4054.0], [2943.25, 1509.0], [2943.0, 5055.0], [2942.75, 1509.0], [2942.5, 7002.0], [2940.0, 5023.0], [2939.75, 353.0], [2939.5, 2598.0], [2939.25, 4738.0], [2939.0, 7570.0], [2938.75, 31341.0], [2938.5, 40000.0], [2938.0, 14989.0], [2936.0, 30682.0], [2933.0, 182.0], [2932.75, 75818.0], [2932.5, 40000.0], [2931.25, 30247.0]], "asks": [[2947.5, 29134.0], [2948.0, 625.0], [2949.0, 2138.0], [2949.25, 7445.0], [2949.5, 1653.0], [2949.75, 2679.0], [2950.0, 5307.0], [2950.25, 1000.0], [2950.75, 1415.0], [2951.0, 4739.0], [2952.25, 4496.0], [2952.5, 15061.0], [2952.75, 47.0], [2953.5, 5658.0], [2953.75, 18956.0], [2954.75, 11.0], [2955.0, 30618.0], [2955.25, 1000.0], [2956.25, 30644.0], [2956.5, 40000.0]]}}}
{"jsonrpc": "2.0", "method": "subscription", "params": {"channel": "book.ETH-6FEB26.none.20.100ms", "data": {"timestamp": 1769683339195, "change_id": 106518137102, "instrument_name": "ETH-6FEB26", "bids": [[2947.25, 500.0], [2947.0, 22673.0], [2946.75, 4054.0], [2943.25, 1509.0], [2943.0, 5055.0], [2942.75, 1509.0], [2942.5, 7002.0], [2940.0, 5023.0], [2939.75, 353.0], [2939.5, 2598.0], [2939.25, 4738.0], [2939.0, 7570.0], [2938.75, 31341.0], [2938.5, 40000.0], [2938.0, 14989.0], [2936.0, 30682.0], [2933.0, 182.0], [2932.75, 75818.0], [2932.5, 40000.0], [2931.25, 30247.0]], "asks": [[2947.5, 29134.0], [2947.75, 625.0], [2949.0, 2138.0], [2949.25, 7445.0], [2949.5, 1653.0], [2949.75, 2679.0], [2950.0, 5307.0], [2950.25, 1000.0], [2950.75, 1415.0], [2951.0, 4739.0], [2952.25, 4496.0], [2952.5, 15061.0], [2952.75, 47.0], [2953.5, 5658.0], [2953.75, 18956.0], [2954.75, 11.0], [2955.0, 30618.0], [2955.25, 1000.0], [2956.25, 30644.0], [2956.5, 40000.0]]}}}
{"jsonrpc": "2.0", "method": "subscription", "params": {"channel": "book.ETH-6FEB26.none.20.100ms", "data": {"timestamp": 1769683340038, "change_id": 106518137854, "instrument_name": "ETH-6FEB26", "bids": [[2947.25, 500.0], [2947.0, 22673.0], [2946.75, 4054.0], [2943.25, 1509.0], [2943.0, 5055.0], [2942.75, 1509.0], [2942.5, 7002.0], [2940.25, 1499.0], [2940.0, 5023.0], [2939.75, 353.0], [2939.5, 2598.0], [2939.25, 4738.0], [2939.0, 7570.0], [2938.75, 31341.0], [2938.5, 40000.0], [2938.0, 14989.0], [2936.0, 30682.0], [2933.0, 182.0], [2932.75, 75818.0], [2932.5, 40000.0]], "asks": [[2947.5, 29134.0], [2947.75, 625.0], [2949.0, 2138.0], [2949.25, 7445.0], [2949.5, 1653.0], [2949.75, 2679.0], [2950.0, 5307.0], [2950.25, 1000.0], [2950.75, 1415.0], [2951.0, 4739.0], [2952.25, 4496.0], [2952.5, 15061.0], [2952.75, 47.0], [2953.5, 5658.0], [2953.75, 18956.0], [2954.75, 11.0], [2955.0, 30618.0], [2955.25, 1000.0], [2956.25, 30644.0], [2956.5, 40000.0]]}}}
{"jsonrpc": "2.0", "method": "subscription", "params": {"channel": "book.ETH-6FEB26.none.20.100ms", "data": {"timestamp": 1769683340582, "change_id": 106518138518, "instrument_name": "ETH-6FEB26", "bids": [[2947.25, 500.0], [2947.0, 26727.0], [2943.25, 1509.0], [2943.0, 5055.0], [2942.75, 1509.0], [2942.5, 7002.0], [2940.25, 1499.0], [2940.0, 5023.0], [2939.75, 353.0], [2939.5, 2598.0], [2939.25, 4738.0], [2939.0, 7570.0], [2938.75, 31341.0], [2938.5, 40000.0], [2938.0, 14989.0], [2936.0, 30682.0], [2933.0, 182.0], [2932.75, 75818.0], [2932.5, 40000.0], [2931.25, 30247.0]], "asks": [[2947.5, 29134.0], [2948.25, 625.0], [2949.0, 2138.0], [2949.25, 7445.0], [2949.5, 1653.0], [2949.75, 2679.0], [2950.0, 5307.0], [2950.25, 1000.0], [2950.75, 1415.0], [2951.0, 4739.0], [2952.25, 4496.0], [2952.5, 15061.0], [2952.75, 47.0], [2953.5, 5658.0], [2953.75, 18956.0], [2954.75, 11.0], [2955.0, 30618.0], [2955.25, 1000.0], [2956.25, 30644.0], [2956.5, 40000.0]]}}}
{"jsonrpc": "2.0", "method": "subscription", "params": {"channel": "book.ETH-6FEB26.none.20.100ms", "data": {"timestamp": 1769683340642, "change_id": 106518138537, "instrument_name": "ETH-6FEB26", "bids": [[2947.25, 500.0], [2947.0, 26727.0], [2943.25, 1509.0], [2943.0, 5055.0], [2942.75, 1509.0], [2942.5, 7002.0], [2940.25, 1499.0], [2940.0, 5023.0], [2939.75, 353.0], [2939.5, 2598.0], [2939.25, 4738.0], [2939.0, 7570.0], [2938.75, 31341.0], [2938.5, 40000.0], [2938.0, 14989.0], [2936.0, 30682.0], [2933.0, 182.0], [2932.75, 75818.0], [2932.5, 40000.0], [2931.25, 30247.0]], "asks": [[2947.5, 29134.0], [2948.0, 625.0], [2949.0, 2138.0], [2949.25, 7445.0], [2949.5, 1653.0], [2949.75, 2679.0], [2950.0, 5307.0], [2950.25, 1000.0], [2950.75, 1415.0], [2951.0, 4739.0], [2952.25, 4496.0], [2952.5, 15061.0], [2952.75, 47.0], [2953.5, 5658.0], [2953.75, 18956.0], [2954.75, 11.0], [2955.0, 30618.0], [2955.25, 1000.0], [2956.25, 30644.0], [2956.5, 40000.0]]}}}
{"jsonrpc": "2.0", "method": "subscription", "params": {"channel": "book.ETH-6FEB26.none.20.100ms", "data": {"timestamp": 1769683341010, "change_id": 106518138844, "instrument_name": "ETH-6FEB26", "bids": [[2947.25, 500.0], [2947.0, 23883.0], [2946.75, 4054.0], [2943.25, 1509.0], [2943.0, 5055.0], [2942.75, 1509.0], [2942.5, 7002.0], [2940.25, 1499.0], [2940.0, 5023.0], [2939.75, 353.0], [2939.5, 2598.0], [2939.25, 4738.0], [2939.0, 7570.0], [2938.75, 31341.0], [2938.5, 40000.0], [2938.0, 14989.0], [2936.0, 30682.0], [2933.0, 182.0], [2932.75, 75818.0], [2932.5, 40000.0]], "asks": [[2947.5, 29134.0], [2948.0, 625.0], [2949.0, 2138.0], [2949.25, 7445.0], [2949.5, 1653.0], [2949.75, 2679.0], [2950.0, 5307.0], [2950.25, 1000.0], [2950.75, 1415.0], [2951.0, 4739.0], [2952.25, 4496.0], [2952.5, 15061.0], [2952.75, 47.0], [2953.5, 5658.0], [2953.75, 18956.0], [2954.75, 11.0], [2955.0, 30618.0], [2955.25, 1000.0], [2956.25, 30644.0], [2956.5, 40000.0]]}}}
{"jsonrpc": "2.0", "method": "subscription", "params": {"channel": "book.ETH-6FEB26.none.20.100ms", "data": {"timestamp": 1769683341405, "change_id": 106518139272, "instrument_name": "ETH-6FEB26", "bids": [[2947.25, 500.0], [2947.0, 23883.0], [2946.75, 4054.0], [2943.75, 1509.0], [2943.5, 5055.0], [2942.75, 1509.0], [2942.5, 7002.0], [2940.75, 1499.0], [2940.5, 5023.0], [2939.75, 353.0], [2939.5, 2598.0], [2939.25, 4738.0], [2939.0, 7570.0], [2938.75, 31341.0], [2938.5, 40000.0], [2938.0, 14989.0], [2936.0, 30682.0], [2933.0, 182.0], [2932.75, 75818.0], [2932.5, 40000.0]], "asks": [[2947.5, 29134.0], [2948.0, 625.0], [2949.0, 2138.0], [2949.25, 7445.0], [2949.5, 1653.0], [2949.75, 2679.0], [2950.0, 5307.0], [2950.25, 1000.0], [2950.75, 1415.0], [2951.0, 4739.0], [2952.25, 4496.0], [2952.5, 15061.0], [2952.75, 47.0], [2953.5, 5658.0], [2953.75, 18956.0], [2954.75, 11.0], [2955.0, 30618.0], [2955.25, 1000.0], [2956.25, 30644.0], [2956.5, 40000.0]]}}}
{"jsonrpc": "2.0", "method": "subscription", "params": {"channel": "book.ETH-6FEB26.none.20.100ms", "data": {"timestamp": 1769683344542, "change_id": 106518142259, "instrument_name": "ETH-6FEB26", "bids": [[2947.25, 1800.0], [2947.0, 23883.0], [2946.75, 4054.0], [2943.75, 1509.0], [2943.5, 5055.0], [2942.75, 1509.0], [2942.5, 7002.0], [2940.75, 1499.0], [2940.5, 5023.0], [2939.75, 353.0], [2939.5, 2598.0], [2939.25, 4738.0], [2939.0, 7570.0], [2938.75, 31341.0], [2938.5, 40000.0], [2938.0, 14989.0], [2936.0, 30682.0], [2933.0, 182.0], [2932.75, 75818.0], [2932.5, 40000.0]], "asks": [[2947.5, 29134.0], [2948.0, 625.0], [2949.0, 2138.0], [2949.25, 7445.0], [2949.5, 1653.0], [2949.75, 2679.0], [2950.0, 5307.0], [2950.25, 1000.0], [2950.75, 1415.0], [2951.0, 4739.0], [2952.25, 4496.0], [2952.5, 15061.0], [2952.75, 47.0], [2953.5, 5658.0], [2953.75, 18956.0], [2954.75, 11.0], [2955.0, 30618.0], [2955.25, 1000.0], [2956.25, 30644.0], [2956.5, 40000.0]]}}}
{"jsonrpc": "2.0", "method": "subscription", "params": {"channel": "book.ETH-6FEB26.none.20.100ms", "data": {"timestamp": 1769683345374, "change_id": 106518142966, "instrument_name": "ETH-6FEB26", "bids": [[2947.25, 2425.0], [2947.0, 23258.0], [2946.75, 4054.0], [2943.75, 1509.0], [2943.5, 5055.0], [2942.75, 1509.0], [2942.5, 7002.0], [2940.75, 1499.0], [2940.5, 5023.0], [2939.75, 353.0], [2939.5, 2598.0], [2939.25, 4738.0], [2939.0, 7570.0], [2938.75, 31341.0], [2938.5, 40000.0], [2938.0, 14989.0], [2936.0, 30682.0], [2933.0, 182.0], [2932.75, 75818.0], [2932.5, 40000.0]], "asks": [[2947.5, 29134.0], [2948.0, 625.0], [2949.0, 2138.0], [2949.25, 7445.0], [2949.5, 1653.0], [2949.75, 2679.0], [2950.0, 5307.0], [2950.25, 1000.0], [2950.75, 1415.0], [2951.0, 4739.0], [2952.25, 4496.0], [2952.5, 15061.0], [2952.75, 47.0], [2953.5, 5658.0], [2953.75, 18956.0], [2954.75, 11.0], [2955.0, 30618.0], [2955.25, 1000.0], [2956.25, 30644.0], [2956.5, 40000.0]]}}}
{"jsonrpc": "2.0", "method": "subscription", "params": {"channel": "book.ETH-6FEB26.none.20.100ms", "data": {"timestamp": 1769683346023, "change_id": 106518143452, "instrument_name": "ETH-6FEB26", "bids": [[2947.25, 2425.0], [2947.0, 26102.0], [2943.75, 1509.0], [2943.5, 5055.0], [2942.75, 1509.0], [2942.5, 7002.0], [2940.75, 1499.0], [2940.5, 5023.0], [2939.75, 353.0], [2939.5, 2598.0], [2939.25, 4738.0], [2939.0, 7570.0], [2938.75, 31341.0], [2938.5, 40000.0], [2938.0, 14989.0], [2936.0, 30682.0], [2933.0, 182.0], [2932.75, 75818.0], [2932.5, 40000.0], [2931.25, 30247.0]], "asks": [[2947.5, 29134.0], [2948.0, 625.0], [2949.0, 2138.0], [2949.25, 7445.0], [2949.5, 1653.0], [2949.75, 2679.0], [2950.0, 5307.0], [2950.25, 1000.0], [2950.75, 1415.0], [2951.0, 4739.0], [2952.25, 4496.0], [2952.5, 15061.0], [2952.75, 47.0], [2953.5, 5658.0], [2953.75, 18956.0], [2954.75, 11.0], [2955.0, 30618.0], [2955.25, 1000.0], [2956.25, 30644.0], [2956.5, 40000.0]]}}}
{"jsonrpc": "2.0", "method": "subscription", "params": {"channel": "book.ETH-6FEB26.none.20.100ms", "data": {"timestamp": 1769683346182, "change_id": 106518143609, "instrument_name": "ETH-6FEB26", "bids": [[2947.25, 2425.0], [2947.0, 26102.0], [2943.75, 1509.0], [2943.5, 5055.0], [2942.75, 1509.0], [2942.5, 7002.0], [2940.75, 1499.0], [2940.5, 5023.0], [2939.75, 353.0], [2939.5, 2598.0], [2939.25, 4738.0], [2939.0, 7570.0], [2938.75, 31341.0], [2938.5, 40000.0], [2938.0, 14989.0], [2936.0, 30682.0], [2933.0, 182.0], [2932.75, 75818.0], [2932.5, 40000.0], [2931.25, 30247.0]], "asks": [[2947.5, 25080.0], [2947.75, 4054.0], [2948.0, 625.0], [2949.0, 2138.0], [2949.25, 7445.0], [2949.5, 1653.0], [2949.75, 2679.0], [2950.0, 5307.0], [2950.25, 1000.0], [2950.75, 1415.0], [2951.0, 4739.0], [2952.25, 4496.0], [2952.5, 15061.0], [2952.75, 47.0], [2953.5, 5658.0], [2953.75, 18956.0], [2954.75, 11.0], [2955.0, 30618.0], [2955.25, 1000.0], [2956.25, 30644.0]]}}}
{"jsonrpc": "2.0", "method": "subscription", "params": {"channel": "book.ETH-6FEB26.none.20.100ms", "data": {"timestamp": 1769683347407, "change_id": 106518144778, "instrument_name": "ETH-6FEB26", "bids": [[2947.25, 2425.0], [2947.0, 26102.0], [2944.25, 1509.0], [2944.0, 5055.0], [2942.75, 1509.0], [2942.5, 7002.0], [2941.25, 1499.0], [2941.0, 5023.0], [2939.75, 353.0], [2939.5, 2598.0], [2939.25, 4738.0], [2939.0, 7570.0], [2938.75, 31341.0], [2938.5, 40000.0], [2938.0, 14989.0], [2936.0, 30682.0], [2933.0, 182.0], [2932.75, 75818.0], [2932.5, 40000.0], [2931.25, 30247.0]], "asks": [[2947.5, 25080.0], [2947.75, 4054.0], [2948.0, 625.0], [2949.0, 2138.0], [2949.25, 7445.0], [2949.5, 1653.0], [2949.75, 2679.0], [2950.0, 5307.0], [2950.25, 1000.0], [2950.75, 1415.0], [2951.0, 4739.0], [2952.25, 4496.0], [2952.5, 15061.0], [2952.75, 47.0], [2953.5, 5658.0], [2953.75, 18956.0], [2954.75, 11.0], [2955.0, 30618.0], [2955.25, 1000.0], [2956.25, 30644.0]]}}}
{"jsonrpc": "2.0", "method": "subscription", "params": {"channel": "book.ETH-6FEB26.none.20.100ms", "data": {"timestamp": 1769683347807, "change_id": 106518145142, "instrument_name": "ETH-6FEB26", "bids": [[2947.25, 1125.0], [2947.0, 26102.0], [2944.25, 1509.0], [2944.0, 5055.0], [2942.75, 1509.0], [2942.5, 7002.0], [2941.25, 1499.0], [2941.0, 5023.0], [2939.75, 353.0], [2939.5, 2598.0], [2939.25, 4738.0], [2939.0, 7570.0], [2938.75, 31341.0], [2938.5, 40000.0], [2938.0, 14989.0], [2936.0, 30682.0], [2933.0, 182.0], [2932.75, 75818.0], [2932.5, 40000.0], [2931.25, 30247.0]], "asks": [[2947.5, 25080.0], [2947.75, 4054.0], [2948.0, 625.0], [2949.0, 2138.0], [2949.25, 7445.0], [2949.5, 1653.0], [2949.75, 2679.0], [2950.0, 5307.0], [2950.25, 1000.0], [2950.75, 1415.0], [2951.0, 4739.0], [2952.25, 4496.0], [2952.5, 15061.0], [2952.75, 47.0], [2953.5, 5658.0], [2953.75, 18956.0], [2954.75, 11.0], [2955.0, 30618.0], [2955.25, 1000.0], [2956.25, 30644.0]]}}}
{"jsonrpc": "2.0", "method": "subscription", "params": {"channel": "book.ETH-6FEB26.none.20.100ms", "data": {"timestamp": 1769683349274, "change_id": 106518146364, "instrument_name": "ETH-6FEB26", "bids": [[2947.25, 1125.0], [2947.0, 26102.0], [2944.25, 1509.0], [2944.0, 5055.0], [2942.75, 1509.0], [2942.5, 7002.0], [2941.25, 1499.0], [2941.0, 5023.0], [2939.75, 353.0], [2939.5, 2598.0], [2939.25, 4738.0], [2939.0, 7570.0], [2938.75, 31341.0], [2938.5, 40000.0], [2938.0, 14989.0], [2936.0, 30682.0], [2933.0, 182.0], [2932.75, 75818.0], [2932.5, 40000.0], [2931.25, 30247.0]], "asks": [[2947.5, 25080.0], [2948.0, 625.0], [2949.0, 2138.0], [2949.25, 7445.0], [2949.5, 1653.0], [2949.75, 2679.0], [2950.0, 5307.0], [2950.25, 1000.0], [2950.75, 1415.0], [2951.0, 4739.0], [2952.25, 4496.0], [2952.5, 15061.0], [2952.75, 47.0], [2953.5, 5658.0], [2953.75, 18956.0], [2954.75, 11.0], [2955.0, 30618.0], [2955.25, 1000.0], [2956.25, 30644.0], [2956.5, 40000.0]]}}}
{"jsonrpc": "2.0", "method": "subscription", "params": {"channel": "book.ETH-6FEB26.none.20.100ms", "data": {"timestamp": 1769683349277, "change_id": 106518146365, "instrument_name": "ETH-6FEB26", "bids": [[2947.25, 1125.0], [2947.0, 26102.0], [2944.25, 1509.0], [2944.0, 5055.0], [2942.75, 1509.0], [2942.5, 7002.0], [2941.25, 1499.0], [2941.0, 5023.0], [2939.75, 353.0], [2939.5, 2598.0], [2939.25, 4738.0], [2939.0, 7570.0], [2938.75, 31341.0], [2938.5, 40000.0], [2938.0, 14989.0], [2936.0, 30682.0], [2933.0, 182.0], [2932.75, 75818.0], [2932.5, 40000.0], [2931.25, 30247.0]], "asks": [[2947.5, 29134.0], [2948.0, 625.0], [2949.0, 2138.0], [2949.25, 7445.0], [2949.5, 1653.0], [2949.75, 2679.0], [2950.0, 5307.0], [2950.25, 1000.0], [2950.75, 1415.0], [2951.0, 4739.0], [2952.25, 4496.0], [2952.5, 15061.0], [2952.75, 47.0], [2953.5, 5658.0], [2953.75, 18956.0], [2954.75, 11.0], [2955.0, 30618.0], [2955.25, 1000.0], [2956.25, 30644.0], [2956.5, 40000.0]]}}}
{"jsonrpc": "2.0", "method": "subscription", "params": {"channel": "book.ETH-6FEB26.none.20.100ms", "data": {"timestamp": 1769683349977, "change_id": 106518146990, "instrument_name": "ETH-6FEB26", "bids": [[2947.25, 1125.0], [2947.0, 26102.0], [2944.25, 1509.0], [2944.0, 5055.0], [2942.75, 1509.0], [2942.5, 7002.0], [2941.25, 1499.0], [2941.0, 5023.0], [2939.75, 353.0], [2939.5, 2598.0], [2939.25, 4738.0], [2939.0, 7570.0], [2938.75, 31341.0], [2938.5, 40000.0], [2938.0, 14989.0], [2936.0, 30682.0], [2933.0, 182.0], [2932.75, 75818.0], [2932.5, 40000.0], [2931.25, 30247.0]], "asks": [[2947.5, 25080.0], [2947.75, 4054.0], [2948.0, 625.0], [2949.0, 2138.0], [2949.25, 7445.0], [2949.5, 1653.0], [2949.75, 2679.0], [2950.0, 5307.0], [2950.25, 1000.0], [2950.75, 1415.0], [2951.0, 4739.0], [2952.25, 4496.0], [2952.5, 15061.0], [2952.75, 47.0], [2953.5, 5658.0], [2953.75, 18956.0], [2954.75, 11.0], [2955.0, 30618.0], [2955.25, 1000.0], [2956.25, 30644.0]]}}}
{"jsonrpc": "2.0", "method": "subscription", "params": {"channel": "book.ETH-6FEB26.none.20.100ms", "data": {"timestamp": 1769683350412, "change_id": 106518147394, "instrument_name": "ETH-6FEB26", "bids": [[2947.25, 1125.0], [2947.0, 26102.0], [2943.25, 1509.0], [2943.0, 5055.0], [2942.75, 1509.0], [2942.5, 7002.0], [2941.75, 1499.0], [2941.5, 5023.0], [2939.75, 353.0], [2939.5, 2598.0], [2939.25, 4738.0], [2939.0, 7570.0], [2938.75, 31341.0], [2938.5, 40000.0], [2938.0, 14989.0], [2936.0, 30682.0], [2933.0, 182.0], [2932.75, 75818.0], [2932.5, 40000.0], [2931.25, 30247.0]], "asks": [[2947.5, 25080.0], [2947.75, 4054.0], [2948.0, 625.0], [2949.0, 2138.0], [2949.25, 7445.0], [2949.5, 1653.0], [2949.75, 2679.0], [2950.0, 5307.0], [2950.25, 1000.0], [2950.75, 1415.0], [2951.0, 4739.0], [2952.25, 4496.0], [2952.5, 15061.0], [2952.75, 47.0], [2953.5, 5658.0], [2953.75, 18956.0], [2954.75, 11.0], [2955.0, 30618.0], [2955.25, 1000.0], [2956.25, 30644.0]]}}}
{"jsonrpc": "2.0", "method": "subscription", "params": {"channel": "book.ETH-6FEB26.none.20.100ms", "data": {"timestamp": 1769683359938, "change_id": 106518155563, "instrument_name": "ETH-6FEB26", "bids": [[2947.25, 500.0], [2947.0, 22673.0], [2943.25, 1509.0], [2943.0, 5055.0], [2942.5, 2035.0], [2942.25, 6819.0], [2941.75, 1499.0], [2941.5, 5023.0], [2939.75, 353.0], [2939.5, 2598.0], [2939.25, 4738.0], [2939.0, 7570.0], [2938.75, 31341.0], [2938.5, 40000.0], [2938.0, 14989.0], [2936.0, 30682.0], [2933.0, 182.0], [2932.75, 75818.0], [2932.5, 40000.0], [2931.25, 30247.0]], "asks": [[2947.5, 25080.0], [2948.0, 625.0], [2949.0, 2138.0], [2949.25, 7445.0], [2949.5, 1653.0], [2949.75, 2679.0], [2950.0, 5307.0], [2950.25, 1000.0], [2950.75, 1415.0], [2951.0, 4739.0], [2952.25, 4496.0], [2952.5, 15061.0], [2952.75, 47.0], [2953.5, 5658.0], [2953.75, 18956.0], [2954.75, 11.0], [2955.0, 30618.0], [2955.25, 1000.0], [2956.25, 30644.0], [2956.5, 40000.0]]}}}
{"jsonrpc": "2.0", "method": "subscription", "params": {"channel": "book.ETH-6FEB26.none.20.100ms", "data": {"timestamp": 1769683360046, "change_id": 106518155583, "instrument_name": "ETH-6FEB26", "bids": [[2947.25, 500.0], [2947.0, 26727.0], [2943.25, 1509.0], [2943.0, 5055.0], [2942.5, 2035.0], [2942.25, 6819.0], [2941.75, 1499.0], [2941.5, 5023.0], [2939.75, 353.0], [2939.5, 2598.0], [2939.25, 4738.0], [2939.0, 7570.0], [2938.75, 31341.0], [2938.5, 40000.0], [2938.0, 14989.0], [2936.0, 30682.0], [2933.0, 182.0], [2932.75, 75818.0], [2932.5, 40000.0], [2931.25, 30247.0]], "asks": [[2947.5, 25080.0], [2947.75, 4054.0], [2948.0, 625.0], [2949.0, 2138.0], [2949.25, 7445.0], [2949.5, 1653.0], [2949.75, 2679.0], [2950.0, 5307.0], [2950.25, 1000.0], [2950.75, 1415.0], [2951.0, 4739.0], [2952.25, 4496.0], [2952.5, 15061.0], [2952.75, 47.0], [2953.5, 5658.0], [2953.75, 18956.0], [2954.75, 11.0], [2955.0, 30618.0], [2955.25, 1000.0], [2956.25, 30644.0]]}}}
{"jsonrpc": "2.0", "method": "subscription", "params": {"channel": "book.ETH-6FEB26.none.20.100ms", "data": {"timestamp": 1769683362416, "change_id": 106518157744, "instrument_name": "ETH-6FEB26", "bids": [[2947.25, 500.0], [2947.0, 26727.0], [2943.75, 1509.0], [2943.5, 5055.0], [2942.5, 2035.0], [2942.25, 6819.0], [2942.0, 1499.0], [2941.75, 5023.0], [2939.75, 353.0], [2939.5, 2598.0], [2939.25, 4738.0], [2939.0, 7570.0], [2938.75, 31341.0], [2938.5, 40000.0], [2938.0, 14989.0], [2936.0, 30682.0], [2933.0, 182.0], [2932.75, 75818.0], [2932.5, 40000.0], [2931.25, 30247.0]], "asks": [[2947.5, 25080.0], [2947.75, 4054.0], [2948.0, 625.0], [2949.0, 2138.0], [2949.25, 7445.0], [2949.5, 1653.0], [2949.75, 2679.0], [2950.0, 5307.0], [2950.25, 1000.0], [2950.75, 1415.0], [2951.0, 4739.0], [2952.25, 4496.0], [2952.5, 15061.0], [2952.75, 47.0], [2953.5, 5658.0], [2953.75, 18956.0], [2954.75, 11.0], [2955.0, 30618.0], [2955.25, 1000.0], [2956.25, 30644.0]]}}}
{"jsonrpc": "2.0", "method": "subscription", "params": {"channel": "book.ETH-6FEB26.none.20.100ms", "data": {"timestamp": 1769683365414, "change_id": 106518160371, "instrument_name": "ETH-6FEB26", "bids": [[2947.25, 500.0], [2947.0, 26727.0], [2943.75, 1509.0], [2943.5, 5055.0], [2942.5, 2035.0], [2942.25, 6819.0], [2940.25, 1499.0], [2940.0, 5023.0], [2939.75, 353.0], [2939.5, 2598.0], [2939.25, 4738.0], [2939.0, 7570.0], [2938.75, 31341.0], [2938.5, 40000.0], [2938.0, 14989.0], [2936.0, 30682.0], [2933.0, 182.0], [2932.75, 75818.0], [2932.5, 40000.0], [2931.25, 30247.0]], "asks": [[2947.5, 25080.0], [2947.75, 4054.0], [2948.0, 625.0], [2949.0, 2138.0], [2949.25, 7445.0], [2949.5, 1653.0], [2949.75, 2679.0], [2950.0, 5307.0], [2950.25, 1000.0], [2950.75, 1415.0], [2951.0, 4739.0], [2952.25, 4496.0], [2952.5, 15061.0], [2952.75, 47.0], [2953.5, 5658.0], [2953.75, 18956.0], [2954.75, 11.0], [2955.0, 30618.0], [2955.25, 1000.0], [2956.25, 30644.0]]}}}
{"jsonrpc": "2.0", "method": "subscription", "params": {"channel": "book.ETH-6FEB26.none.20.100ms", "data": {"timestamp": 1769683367342, "change_id": 106518162098, "instrument_name": "ETH-6FEB26", "bids": [[2947.25, 500.0], [2947.0, 23883.0], [2946.75, 4054.0], [2943.75, 1509.0], [2943.5, 5055.0], [2942.5, 2035.0], [2942.25, 6819.0], [2940.25, 1499.0], [2940.0, 5023.0], [2939.75, 353.0], [2939.5, 2598.0], [2939.25, 4738.0], [2939.0, 7570.0], [2938.75, 31341.0], [2938.5, 40000.0], [2938.0, 14989.0], [2936.0, 30682.0], [2933.0, 182.0], [2932.75, 75818.0], [2932.5, 40000.0]], "asks": [[2947.5, 25080.0], [2947.75, 4054.0], [2948.0, 625.0], [2949.0, 2138.0], [2949.25, 7445.0], [2949.5, 1653.0], [2949.75, 2679.0], [2950.0, 5307.0], [2950.25, 1000.0], [2950.75, 1415.0], [2951.0, 4739.0], [2952.25, 4496.0], [2952.5, 15061.0], [2952.75, 47.0], [2953.5, 5658.0], [2953.75, 18956.0], [2954.75, 11.0], [2955.0, 30618.0], [2955.25, 1000.0], [2956.25, 30644.0]]}}}
{"jsonrpc": "2.0", "method": "subscription", "params": {"channel": "book.ETH-6FEB26.none.20.100ms", "data": {"timestamp": 1769683367674, "change_id": 106518162297, "instrument_name": "ETH-6FEB26", "bids": [[2947.25, 500.0], [2947.0, 22673.0], [2946.75, 4054.0], [2943.75, 1509.0], [2943.5, 5055.0], [2942.5, 2035.0], [2942.25, 6819.0], [2940.25, 1499.0], [2940.0, 5023.0], [2939.75, 353.0], [2939.5, 2598.0], [2939.25, 4738.0], [2939.0, 7570.0], [2938.75, 31341.0], [2938.5, 40000.0], [2938.0, 14989.0], [2936.0, 30682.0], [2933.0, 182.0], [2932.75, 75818.0], [2932.5, 40000.0]], "asks": [[2947.5, 29134.0], [2948.0, 625.0], [2949.0, 2138.0], [2949.25, 7445.0], [2949.5, 1653.0], [2949.75, 2679.0], [2950.0, 5307.0], [2950.25, 1000.0], [2950.75, 1415.0], [2951.0, 4739.0], [2952.25, 4496.0], [2952.5, 15061.0], [2952.75, 47.0], [2953.5, 5658.0], [2953.75, 18956.0], [2954.75, 11.0], [2955.0, 30618.0], [2955.25, 1000.0], [2956.25, 30644.0], [2956.5, 40000.0]]}}}
{"jsonrpc": "2.0", "method": "subscription", "params": {"channel": "book.ETH-6FEB26.none.20.100ms", "data": {"timestamp": 1769683368417, "change_id": 106518162984, "instrument_name": "ETH-6FEB26", "bids": [[2947.25, 500.0], [2947.0, 22673.0], [2946.75, 4054.0], [2944.25, 1509.0], [2944.0, 5055.0], [2942.5, 2035.0], [2942.25, 6819.0], [2940.75, 1499.0], [2940.5, 5023.0], [2939.75, 353.0], [2939.5, 2598.0], [2939.25, 4738.0], [2939.0, 7570.0], [2938.75, 31341.0], [2938.5, 40000.0], [2938.0, 14989.0], [2936.0, 30682.0], [2933.0, 182.0], [2932.75, 75818.0], [2932.5, 40000.0]], "asks": [[2947.5, 29134.0], [2948.0, 625.0], [2949.0, 2138.0], [2949.25, 7445.0], [2949.5, 1653.0], [2949.75, 2679.0], [2950.0, 5307.0], [2950.25, 1000.0], [2950.75, 1415.0], [2951.0, 4739.0], [2952.25, 4496.0], [2952.5, 15061.0], [2952.75, 47.0], [2953.5, 5658.0], [2953.75, 18956.0], [2954.75, 11.0], [2955.0, 30618.0], [2955.25, 1000.0], [2956.25, 30644.0], [2956.5, 40000.0]]}}}
{"jsonrpc": "2.0", "method": "subscription", "params": {"channel": "book.ETH-6FEB26.none.20.100ms", "data": {"timestamp": 1769683369125, "change_id": 106518163898, "instrument_name": "ETH-6FEB26", "bids": [[2947.25, 263.0], [2947.0, 22048.0], [2946.5, 4679.0], [2944.25, 1509.0], [2944.0, 5055.0], [2940.75, 1499.0], [2940.5, 5023.0], [2939.75, 353.0], [2939.5, 9776.0], [2939.25, 4738.0], [2939.0, 7570.0], [2938.75, 31341.0], [2938.5, 40000.0], [2938.0, 14989.0], [2936.0, 30682.0], [2933.0, 182.0], [2932.75, 75818.0], [2932.5, 40000.0], [2931.25, 30247.0], [2930.75, 29765.0]], "asks": [[2947.5, 29759.0], [2949.0, 2138.0], [2949.25, 7445.0], [2949.5, 1653.0], [2949.75, 2679.0], [2950.0, 5307.0], [2950.25, 1000.0], [2950.75, 1415.0], [2951.0, 4739.0], [2952.25, 4496.0], [2952.5, 15061.0], [2952.75, 47.0], [2953.5, 5658.0], [2953.75, 18956.0], [2954.75, 11.0], [2955.0, 30618.0], [2955.25, 1000.0], [2956.25, 30644.0], [2956.5, 40000.0], [2958.25, 9232.0]]}}}
{"jsonrpc": "2.0", "method": "subscription", "params": {"channel": "book.ETH-6FEB26.none.20.100ms", "data": {"timestamp": 1769683369280, "change_id": 106518164159, "instrument_name": "ETH-6FEB26", "bids": [[2947.25, 263.0], [2947.0, 22048.0], [2946.5, 4679.0], [2944.25, 1509.0], [2944.0, 5055.0], [2942.5, 2035.0], [2942.25, 6817.0], [2940.75, 1499.0], [2940.5, 5023.0], [2939.75, 353.0], [2939.5, 2598.0], [2939.25, 4738.0], [2939.0, 7570.0], [2938.75, 31341.0], [2938.5, 40000.0], [2938.0, 14989.0], [2936.0, 30682.0], [2933.0, 182.0], [2932.75, 75818.0], [2932.5, 40000.0]], "asks": [[2947.5, 29759.0], [2949.0, 2138.0], [2949.25, 7445.0], [2949.5, 1653.0], [2949.75, 2679.0], [2950.0, 5307.0], [2950.25, 1000.0], [2950.75, 1415.0], [2951.0, 4739.0], [2952.25, 4496.0], [2952.5, 15061.0], [2952.75, 47.0], [2953.5, 5658.0], [2953.75, 18956.0], [2954.75, 11.0], [2955.0, 30618.0], [2955.25, 1000.0], [2956.25, 30644.0], [2956.5, 40000.0], [2958.25, 9232.0]]}}}
{"jsonrpc": "2.0", "method": "subscription", "params": {"channel": "book.ETH-6FEB26.none.20.100ms", "data": {"timestamp": 1769683371417, "change_id": 106518166178, "instrument_name": "ETH-6FEB26", "bids": [[2947.25, 263.0], [2947.0, 22048.0], [2946.5, 4679.0], [2942.5, 2035.0], [2942.25, 6817.0], [2941.25, 1499.0], [2941.0, 10078.0], [2939.75, 353.0], [2939.5, 2598.0], [2939.25, 4738.0], [2939.0, 7570.0], [2938.75, 31341.0], [2938.5, 40000.0], [2938.0, 14989.0], [2936.0, 30682.0], [2933.0, 182.0], [2932.75, 75818.0], [2932.5, 40000.0], [2931.25, 30247.0], [2930.75, 29765.0]], "asks": [[2947.5, 29759.0], [2949.0, 2138.0], [2949.25, 7445.0], [2949.5, 1653.0], [2949.75, 2679.0], [2950.0, 5307.0], [2950.25, 1000.0], [2950.75, 1415.0], [2951.0, 4739.0], [2952.25, 4496.0], [2952.5, 15061.0], [2952.75, 47.0], [2953.5, 5658.0], [2953.75, 18956.0], [2954.75, 11.0], [2955.0, 30618.0], [2955.25, 1000.0], [2956.25, 30644.0], [2956.5, 40000.0], [2958.25, 9232.0]]}}}
{"jsonrpc": "2.0", "method": "subscription", "params": {"channel": "book.ETH-6FEB26.none.20.100ms", "data": {"timestamp": 1769683371611, "change_id": 106518166361, "instrument_name": "ETH-6FEB26", "bids": [[2947.25, 159.0], [2947.0, 22048.0], [2946.5, 4679.0], [2942.5, 2035.0], [2942.25, 6817.0], [2941.25, 1499.0], [2941.0, 10078.0], [2939.75, 353.0], [2939.5, 2598.0], [2939.25, 4738.0], [2939.0, 7570.0], [2938.75, 31341.0], [2938.5, 40000.0], [2938.0, 14989.0], [2936.0, 30682.0], [2933.0, 182.0], [2932.75, 75818.0], [2932.5, 40000.0], [2931.25, 30247.0], [2930.75, 29765.0]], "asks": [[2947.5, 29759.0], [2949.0, 2138.0], [2949.25, 7445.0], [2949.5, 1653.0], [2949.75, 2679.0], [2950.0, 5307.0], [2950.25, 1000.0], [2950.75, 1415.0], [2951.0, 4739.0], [2952.25, 4496.0], [2952.5, 15061.0], [2952.75, 47.0], [2953.5, 5658.0], [2953.75, 18956.0], [2954.75, 11.0], [2955.0, 30618.0], [2955.25, 1000.0], [2956.25, 30644.0], [2956.5, 40000.0], [2958.25, 9232.0]]}}}
{"jsonrpc": "2.0", "method": "subscription", "params": {"channel": "book.ETH-6FEB26.none.20.100ms", "data": {"timestamp": 1769683372377, "change_id": 106518167048, "instrument_name": "ETH-6FEB26", "bids": [[2947.25, 159.0], [2947.0, 22048.0], [2946.5, 625.0], [2942.5, 2035.0], [2942.25, 6817.0], [2941.25, 1499.0], [2941.0, 10078.0], [2939.75, 353.0], [2939.5, 2598.0], [2939.25, 4738.0], [2939.0, 7570.0], [2938.75, 31341.0], [2938.5, 40000.0], [2938.0, 14989.0], [2936.0, 30682.0], [2933.0, 182.0], [2932.75, 75818.0], [2932.5, 40000.0], [2931.25, 30247.0], [2930.75, 29765.0]], "asks": [[2947.5, 29759.0], [2949.0, 2138.0], [2949.25, 7445.0], [2949.5, 1653.0], [2949.75, 2679.0], [2950.0, 5307.0], [2950.25, 1000.0], [2950.75, 1415.0], [2951.0, 4739.0], [2952.25, 4496.0], [2952.5, 15061.0], [2952.75, 47.0], [2953.5, 5658.0], [2953.75, 18956.0], [2954.75, 11.0], [2955.0, 30618.0], [2955.25, 1000.0], [2956.25, 30644.0], [2956.5, 40000.0], [2958.25, 9232.0]]}}}
{"jsonrpc": "2.0", "method": "subscription", "params": {"channel": "book.ETH-6FEB26.none.20.100ms", "data": {"timestamp": 1769683372489, "change_id": 106518167081, "instrument_name": "ETH-6FEB26", "bids": [[2947.25, 159.0], [2947.0, 22048.0], [2946.5, 4679.0], [2942.5, 2035.0], [2942.25, 6817.0], [2941.25, 2817.0], [2941.0, 10078.0], [2939.75, 353.0], [2939.5, 2598.0], [2939.25, 4738.0], [2939.0, 7570.0], [2938.75, 31341.0], [2938.5, 40000.0], [2938.0, 14989.0], [2936.0, 30682.0], [2933.0, 182.0], [2932.75, 75818.0], [2932.5, 40000.0], [2931.25, 30247.0], [2930.75, 29765.0]], "asks": [[2947.5, 29759.0], [2949.0, 2138.0], [2949.25, 7445.0], [2949.5, 1653.0], [2949.75, 2679.0], [2950.0, 5307.0], [2950.25, 1000.0], [2950.75, 1415.0], [2951.0, 4739.0], [2952.25, 4496.0], [2952.5, 15061.0], [2952.75, 47.0], [2953.5, 5658.0], [2953.75, 18956.0], [2954.75, 11.0], [2955.0, 30618.0], [2955.25, 1000.0], [2956.25, 30644.0], [2956.5, 40000.0], [2958.25, 9232.0]]}}}
{"jsonrpc": "2.0", "method": "subscription", "params": {"channel": "book.ETH-6FEB26.none.20.100ms", "data": {"timestamp": 1769683374420, "change_id": 106518168801, "instrument_name": "ETH-6FEB26", "bids": [[2947.25, 159.0], [2947.0, 22048.0], [2946.5, 4679.0], [2942.75, 5055.0], [2942.5, 2035.0], [2942.25, 6817.0], [2941.75, 1499.0], [2941.5, 5023.0], [2939.75, 353.0], [2939.5, 2598.0], [2939.25, 4738.0], [2939.0, 7570.0], [2938.75, 31341.0], [2938.5, 40000.0], [2938.0, 14989.0], [2936.0, 30682.0], [2933.0, 182.0], [2932.75, 75818.0], [2932.5, 40000.0], [2931.25, 30247.0]], "asks": [[2947.5, 29759.0], [2949.0, 2138.0], [2949.25, 7445.0], [2949.5, 1653.0], [2949.75, 2679.0], [2950.0, 5307.0], [2950.25, 1000.0], [2950.75, 1415.0], [2951.0, 4739.0], [2952.25, 4496.0], [2952.5, 15061.0], [2952.75, 47.0], [2953.5, 5658.0], [2953.75, 18956.0], [2954.75, 11.0], [2955.0, 30618.0], [2955.25, 1000.0], [2956.25, 30644.0], [2956.5, 40000.0], [2958.25, 9232.0]]}}}
{"jsonrpc": "2.0", "method": "subscription", "params": {"channel": "book.ETH-6FEB26.none.20.100ms", "data": {"timestamp": 1769683374974, "change_id": 106518169318, "instrument_name": "ETH-6FEB26", "bids": [[2947.25, 59.0], [2947.0, 22048.0], [2946.5, 4679.0], [2942.75, 5055.0], [2942.5, 2035.0], [2942.25, 6817.0], [2941.75, 1499.0], [2941.5, 5023.0], [2939.75, 353.0], [2939.5, 2598.0], [2939.25, 4738.0], [2939.0, 7570.0], [2938.75, 31341.0], [2938.5, 40000.0], [2938.0, 14989.0], [2936.0, 30682.0], [2933.0, 182.0], [2932.75, 75818.0], [2932.5, 40000.0], [2931.25, 30247.0]], "asks": [[2947.5, 29759.0], [2949.0, 2138.0], [2949.25, 7445.0], [2949.5, 1653.0], [2949.75, 2679.0], [2950.0, 5307.0], [2950.25, 1000.0], [2950.75, 1415.0], [2951.0, 4739.0], [2952.25, 4496.0], [2952.5, 15061.0], [2952.75, 47.0], [2953.5, 5658.0], [2953.75, 18956.0], [2954.75, 11.0], [2955.0, 30618.0], [2955.25, 1000.0], [2956.25, 30644.0], [2956.5, 40000.0], [2958.25, 9232.0]]}}}
{"jsonrpc": "2.0", "method": "subscription", "params": {"channel": "book.ETH-6FEB26.none.20.100ms", "data": {"timestamp": 1769683377423, "change_id": 106518171493, "instrument_name": "ETH-6FEB26", "bids": [[2947.25, 59.0], [2947.0, 22048.0], [2946.5, 4679.0], [2943.0, 5055.0], [2942.5, 2035.0], [2942.25, 6817.0], [2940.25, 1499.0], [2940.0, 5023.0], [2939.75, 353.0], [2939.5, 2598.0], [2939.25, 4738.0], [2939.0, 7570.0], [2938.75, 31341.0], [2938.5, 40000.0], [2938.0, 14989.0], [2936.0, 30682.0], [2933.0, 182.0], [2932.75, 75818.0], [2932.5, 40000.0], [2931.25, 30247.0]], "asks": [[2947.5, 29759.0], [2949.0, 2138.0], [2949.25, 7445.0], [2949.5, 1653.0], [2949.75, 2679.0], [2950.0, 5307.0], [2950.25, 1000.0], [2950.75, 1415.0], [2951.0, 4739.0], [2952.25, 4496.0], [2952.5, 15061.0], [2952.75, 47.0], [2953.5, 5658.0], [2953.75, 18956.0], [2954.75, 11.0], [2955.0, 30618.0], [2955.25, 1000.0], [2956.25, 30644.0], [2956.5, 40000.0], [2958.25, 9232.0]]}}}
{"jsonrpc": "2.0", "method": "subscription", "params": {"channel": "book.ETH-6FEB26.none.20.100ms", "data": {"timestamp": 1769683378896, "change_id": 106518172875, "instrument_name": "ETH-6FEB26", "bids": [[2947.25, 59.0], [2947.0, 22048.0], [2946.5, 4679.0], [2943.0, 1509.0], [2942.75, 5055.0], [2942.5, 2035.0], [2942.25, 6817.0], [2940.25, 1499.0], [2940.0, 5023.0], [2939.75, 353.0], [2939.5, 2598.0], [2939.25, 4738.0], [2939.0, 7570.0], [2938.75, 31341.0], [2938.5, 40000.0], [2938.0, 14989.0], [2936.0, 30682.0], [2933.0, 182.0], [2932.75, 75818.0], [2932.5, 40000.0]], "asks": [[2947.5, 29759.0], [2949.0, 2138.0], [2949.25, 7445.0], [2949.5, 1653.0], [2949.75, 2679.0], [2950.0, 5307.0], [2950.25, 1000.0], [2950.75, 1415.0], [2951.0, 4739.0], [2952.25, 4496.0], [2952.5, 15061.0], [2952.75, 47.0], [2953.5, 5658.0], [2953.75, 18956.0], [2954.75, 11.0], [2955.0, 30618.0], [2955.25, 1000.0], [2956.25, 30644.0], [2956.5, 40000.0], [2958.25, 9232.0]]}}}
{"jsonrpc": "2.0", "method": "subscription", "params": {"channel": "book.ETH-6FEB26.none.20.100ms", "data": {"timestamp": 1769683379540, "change_id": 106518173426, "instrument_name": "ETH-6FEB26", "bids": [[2947.0, 22048.0], [2946.5, 4679.0], [2943.0, 5055.0], [2940.25, 1499.0], [2940.0, 5023.0], [2939.75, 353.0], [2939.5, 4545.0], [2939.25, 11865.0], [2939.0, 7570.0], [2938.75, 31341.0], [2938.5, 40000.0], [2938.0, 14989.0], [2936.0, 30682.0], [2933.0, 182.0], [2932.75, 75818.0], [2932.5, 40000.0], [2931.25, 30247.0], [2930.75, 29765.0], [2925.0, 40000.0], [2923.0, 30213.0]], "asks": [[2947.25, 4054.0], [2947.5, 25705.0], [2949.0, 2138.0], [2949.25, 7445.0], [2949.5, 1653.0], [2949.75, 2679.0], [2950.0, 5307.0], [2950.25, 1000.0], [2950.75, 1415.0], [2951.0, 4739.0], [2952.25, 4496.0], [2952.5, 15061.0], [2952.75, 47.0], [2953.5, 5658.0], [2953.75, 18956.0], [2954.75, 11.0], [2955.0, 30618.0], [2955.25, 1000.0], [2956.25, 30644.0], [2956.5, 40000.0]]}}}
{"jsonrpc": "2.0", "method": "subscription", "params": {"channel": "book.ETH-6FEB26.none.20.100ms", "data": {"timestamp": 1769683379678, "change_id": 106518173565, "instrument_name": "ETH-6FEB26", "bids": [[2947.0, 22048.0], [2946.5, 4679.0], [2943.0, 5055.0], [2942.0, 7156.0], [2940.25, 1499.0], [2940.0, 5023.0], [2939.75, 353.0], [2939.5, 2598.0], [2939.25, 4738.0], [2939.0, 7570.0], [2938.75, 31341.0], [2938.5, 40000.0], [2938.0, 14989.0], [2936.0, 30682.0], [2933.0, 182.0], [2932.75, 75818.0], [2932.5, 40000.0], [2931.25, 30247.0], [2930.75, 29765.0], [2925.0, 40000.0]], "asks": [[2947.25, 4054.0], [2947.5, 25705.0], [2949.0, 2138.0], [2949.25, 7445.0], [2949.5, 1653.0], [2949.75, 2679.0], [2950.0, 5307.0], [2950.25, 1000.0], [2950.75, 1415.0], [2951.0, 4739.0], [2952.25, 4496.0], [2952.5, 15061.0], [2952.75, 47.0], [2953.5, 5658.0], [2953.75, 18956.0], [2954.75, 11.0], [2955.0, 30618.0], [2955.25, 1000.0], [2956.25, 30644.0], [2956.5, 40000.0]]}}}
{"jsonrpc": "2.0", "method": "subscription", "params": {"channel": "book.ETH-6FEB26.none.20.100ms", "data": {"timestamp": 1769683383425, "change_id": 106518177419, "instrument_name": "ETH-6FEB26", "bids": [[2947.0, 22048.0], [2946.5, 4679.0], [2942.25, 2136.0], [2942.0, 7156.0], [2940.75, 1509.0], [2940.5, 10078.0], [2939.75, 353.0], [2939.5, 2598.0], [2939.25, 4738.0], [2939.0, 7570.0], [2938.75, 31341.0], [2938.5, 40000.0], [2938.0, 14989.0], [2936.0, 30682.0], [2933.0, 182.0], [2932.75, 75818.0], [2932.5, 40000.0], [2931.25, 30247.0], [2930.75, 29765.0], [2925.0, 40000.0]], "asks": [[2947.25, 4054.0], [2947.5, 25705.0], [2949.0, 2138.0], [2949.25, 7445.0], [2949.5, 1653.0], [2949.75, 2679.0], [2950.0, 5307.0], [2950.25, 1000.0], [2950.75, 1415.0], [2951.0, 4739.0], [2952.25, 4496.0], [2952.5, 15061.0], [2952.75, 47.0], [2953.5, 5658.0], [2953.75, 18956.0], [2954.75, 11.0], [2955.0, 30618.0], [2955.25, 1000.0], [2956.25, 30644.0], [2956.5, 40000.0]]}}}
{"jsonrpc": "2.0", "method": "subscription", "params": {"channel": "book.ETH-6FEB26.none.20.100ms", "data": {"timestamp": 1769683384438, "change_id": 106518178323, "instrument_name": "ETH-6FEB26", "bids": [[2947.0, 22048.0], [2946.5, 4679.0], [2943.5, 1509.0], [2943.25, 5055.0], [2942.25, 2136.0], [2942.0, 7156.0], [2940.75, 1509.0], [2940.5, 5023.0], [2939.75, 353.0], [2939.5, 2598.0], [2939.25, 4738.0], [2939.0, 7570.0], [2938.75, 31341.0], [2938.5, 40000.0], [2938.0, 14989.0], [2936.0, 30682.0], [2933.0, 182.0], [2932.75, 75818.0], [2932.5, 40000.0], [2931.25, 30247.0]], "asks": [[2947.25, 4054.0], [2947.5, 25705.0], [2949.0, 2138.0], [2949.25, 7445.0], [2949.5, 1653.0], [2949.75, 2679.0], [2950.0, 5307.0], [2950.25, 1000.0], [2950.75, 1415.0], [2951.0, 4739.0], [2952.25, 4496.0], [2952.5, 15061.0], [2952.75, 47.0], [2953.5, 5658.0], [2953.75, 18956.0], [2954.75, 11.0], [2955.0, 30618.0], [2955.25, 1000.0], [2956.25, 30644.0], [2956.5, 40000.0]]}}}
{"jsonrpc": "2.0", "method": "subscription", "params": {"channel": "book.ETH-6FEB26.none.20.100ms", "data": {"timestamp": 1769683384766, "change_id": 106518178635, "instrument_name": "ETH-6FEB26", "bids": [[2947.0, 22048.0], [2946.75, 4679.0], [2943.5, 1509.0], [2943.25, 5055.0], [2942.25, 2136.0], [2942.0, 7156.0], [2940.75, 1509.0], [2940.5, 5023.0], [2939.75, 353.0], [2939.5, 2598.0], [2939.25, 4738.0], [2939.0, 7570.0], [2938.75, 31341.0], [2938.5, 40000.0], [2938.0, 14989.0], [2936.0, 30682.0], [2933.0, 182.0], [2932.75, 75818.0], [2932.5, 40000.0], [2931.25, 30247.0]], "asks": [[2947.5, 29134.0], [2948.0, 625.0], [2949.0, 2138.0], [2949.25, 7445.0], [2949.5, 1653.0], [2949.75, 2679.0], [2950.0, 5307.0], [2950.25, 1000.0], [2950.75, 1415.0], [2951.0, 4739.0], [2952.25, 4496.0], [2952.5, 15061.0], [2952.75, 47.0], [2953.5, 5658.0], [2953.75, 18956.0], [2954.75, 11.0], [2955.0, 30618.0], [2955.25, 1000.0], [2956.25, 30644.0], [2956.5, 40000.0]]}}}
{"jsonrpc": "2.0", "method": "subscription", "params": {"channel": "book.ETH-6FEB26.none.20.100ms", "data": {"timestamp": 1769683385086, "change_id": 106518178898, "instrument_name": "ETH-6FEB26", "bids": [[2947.0, 23348.0], [2946.75, 4679.0], [2943.5, 1509.0], [2943.25, 5055.0], [2942.25, 2136.0], [2942.0, 7156.0], [2940.75, 1509.0], [2940.5, 5023.0], [2939.75, 353.0], [2939.5, 2598.0], [2939.25, 4738.0], [2939.0, 7570.0], [2938.75, 31341.0], [2938.5, 40000.0], [2938.0, 14989.0], [2936.0, 30682.0], [2933.0, 182.0], [2932.75, 75818.0], [2932.5, 40000.0], [2931.25, 30247.0]], "asks": [[2947.5, 29134.0], [2948.0, 625.0], [2949.0, 2138.0], [2949.25, 7445.0], [2949.5, 1653.0], [2949.75, 2679.0], [2950.0, 5307.0], [2950.25, 1000.0], [2950.75, 1415.0], [2951.0, 4739.0], [2952.25, 4496.0], [2952.5, 15061.0], [2952.75, 47.0], [2953.5, 5658.0], [2953.75, 18956.0], [2954.75, 11.0], [2955.0, 30618.0], [2955.25, 1000.0], [2956.25, 30644.0], [2956.5, 40000.0]]}}}
{"jsonrpc": "2.0", "method": "subscription", "params": {"channel": "book.ETH-6FEB26.none.20.100ms", "data": {"timestamp": 1769683385864, "change_id": 106518179768, "instrument_name": "ETH-6FEB26", "bids": [[2947.0, 23348.0], [2946.75, 4679.0], [2943.5, 1509.0], [2943.25, 5055.0], [2942.25, 2136.0], [2942.0, 7156.0], [2940.75, 1509.0], [2940.5, 5023.0], [2939.75, 353.0], [2939.5, 2598.0], [2939.25, 4738.0], [2939.0, 7570.0], [2938.75, 31341.0], [2938.5, 40000.0], [2938.0, 14989.0], [2936.0, 30682.0], [2933.0, 182.0], [2932.75, 75818.0], [2932.5, 40000.0], [2931.25, 30247.0]], "asks": [[2947.5, 25080.0], [2948.0, 625.0], [2949.0, 2138.0], [2949.25, 7445.0], [2949.5, 1653.0], [2949.75, 2679.0], [2950.0, 5307.0], [2950.25, 1000.0], [2950.75, 1415.0], [2951.0, 4739.0], [2952.25, 4496.0], [2952.5, 15061.0], [2952.75, 47.0], [2953.5, 5658.0], [2953.75, 18956.0], [2954.75, 11.0], [2955.0, 30618.0], [2955.25, 1000.0], [2956.25, 30644.0], [2956.5, 40000.0]]}}}
{"jsonrpc": "2.0", "method": "subscription", "params": {"channel": "book.ETH-6FEB26.none.20.100ms", "data": {"timestamp": 1769683386181, "change_id": 106518179876, "instrument_name": "ETH-6FEB26", "bids": [[2947.0, 23348.0], [2946.75, 4679.0], [2943.5, 1509.0], [2943.25, 5055.0], [2942.25, 2136.0], [2942.0, 7156.0], [2940.75, 1509.0], [2940.5, 5023.0], [2939.75, 353.0], [2939.5, 2598.0], [2939.25, 4738.0], [2939.0, 7570.0], [2938.75, 31341.0], [2938.5, 40000.0], [2938.0, 14989.0], [2936.0, 30682.0], [2933.0, 182.0], [2932.75, 75818.0], [2932.5, 40000.0], [2931.25, 30247.0]], "asks": [[2947.5, 29134.0], [2948.0, 625.0], [2949.0, 2138.0], [2949.25, 7445.0], [2949.5, 1653.0], [2949.75, 2679.0], [2950.0, 5307.0], [2950.25, 1000.0], [2950.75, 1415.0], [2951.0, 4739.0], [2952.25, 4496.0], [2952.5, 15061.0], [2952.75, 47.0], [2953.5, 5658.0], [2953.75, 18956.0], [2954.75, 11.0], [2955.0, 30618.0], [2955.25, 1000.0], [2956.25, 30644.0], [2956.5, 40000.0]]}}}
{"jsonrpc": "2.0", "method": "subscription", "params": {"channel": "book.ETH-6FEB26.none.20.100ms", "data": {"timestamp": 1769683387744, "change_id": 106518181284, "instrument_name": "ETH-6FEB26", "bids": [[2947.0, 23348.0], [2946.75, 4679.0], [2943.5, 1509.0], [2943.25, 5055.0], [2942.25, 2136.0], [2942.0, 7156.0], [2940.75, 1509.0], [2940.5, 5023.0], [2939.75, 353.0], [2939.5, 2598.0], [2939.25, 4738.0], [2939.0, 7570.0], [2938.75, 31341.0], [2938.5, 40000.0], [2938.0, 14989.0], [2936.0, 30682.0], [2933.0, 182.0], [2932.75, 75818.0], [2932.5, 40000.0], [2931.25, 30247.0]], "asks": [[2947.5, 29134.0], [2947.75, 625.0], [2949.0, 2138.0], [2949.25, 7445.0], [2949.5, 1653.0], [2949.75, 2679.0], [2950.0, 5307.0], [2950.25, 1000.0], [2950.75, 1415.0], [2951.0, 4739.0], [2952.25, 4496.0], [2952.5, 15061.0], [2952.75, 47.0], [2953.5, 5658.0], [2953.75, 18956.0], [2954.75, 11.0], [2955.0, 30618.0], [2955.25, 1000.0], [2956.25, 30644.0], [2956.5, 40000.0]]}}}
{"jsonrpc": "2.0", "method": "subscription", "params": {"channel": "book.ETH-6FEB26.none.20.100ms", "data": {"timestamp": 1769683388182, "change_id": 106518181614, "instrument_name": "ETH-6FEB26", "bids": [[2947.0, 23348.0], [2946.75, 4679.0], [2943.5, 1509.0], [2943.25, 5055.0], [2942.25, 2136.0], [2942.0, 7156.0], [2940.75, 1509.0], [2940.5, 5023.0], [2939.75, 353.0], [2939.5, 2598.0], [2939.25, 4738.0], [2939.0, 7570.0], [2938.75, 31341.0], [2938.5, 40000.0], [2938.0, 14989.0], [2936.0, 30682.0], [2933.0, 182.0], [2932.75, 75818.0], [2932.5, 40000.0], [2931.25, 30247.0]], "asks": [[2947.25, 4054.0], [2947.5, 25080.0], [2947.75, 625.0], [2949.0, 2138.0], [2949.25, 7445.0], [2949.5, 1653.0], [2949.75, 2679.0], [2950.0, 5307.0], [2950.25, 1000.0], [2950.75, 1415.0], [2951.0, 4739.0], [2952.25, 4496.0], [2952.5, 15061.0], [2952.75, 47.0], [2953.5, 5658.0], [2953.75, 18956.0], [2954.75, 11.0], [2955.0, 30618.0], [2955.25, 1000.0], [2956.25, 30644.0]]}}}
{"jsonrpc": "2.0", "method": "subscription", "params": {"channel": "book.ETH-6FEB26.none.20.100ms", "data": {"timestamp": 1769683388753, "change_id": 106518182246, "instrument_name": "ETH-6FEB26", "bids": [[2947.0, 22048.0], [2946.5, 4679.0], [2943.5, 1509.0], [2943.25, 5055.0], [2942.25, 2065.0], [2942.0, 6919.0], [2940.75, 1509.0], [2940.5, 5023.0], [2939.75, 353.0], [2939.5, 2598.0], [2939.25, 4738.0], [2939.0, 7570.0], [2938.75, 31341.0], [2938.5, 40000.0], [2938.0, 14989.0], [2936.0, 30682.0], [2933.0, 182.0], [2932.75, 75818.0], [2932.5, 40000.0], [2931.25, 30247.0]], "asks": [[2947.25, 4054.0], [2947.5, 25080.0], [2947.75, 625.0], [2949.0, 2138.0], [2949.25, 7445.0], [2949.5, 1653.0], [2949.75, 2679.0], [2950.0, 5307.0], [2950.25, 1000.0], [2950.75, 1415.0], [2951.0, 4739.0], [2952.25, 4496.0], [2952.5, 15061.0], [2952.75, 47.0], [2953.5, 5658.0], [2953.75, 18956.0], [2954.75, 11.0], [2955.0, 30618.0], [2955.25, 1000.0], [2956.25, 30644.0]]}}}
{"jsonrpc": "2.0", "method": "subscription", "params": {"channel": "book.ETH-6FEB26.none.20.100ms", "data": {"timestamp": 1769683389041, "change_id": 106518182522, "instrument_name": "ETH-6FEB26", "bids": [[2947.0, 22048.0], [2946.75, 1300.0], [2946.5, 4679.0], [2943.5, 1509.0], [2943.25, 5055.0], [2942.25, 2065.0], [2942.0, 6919.0], [2940.75, 1509.0], [2940.5, 5023.0], [2939.75, 353.0], [2939.5, 2598.0], [2939.25, 4738.0], [2939.0, 7570.0], [2938.75, 31341.0], [2938.5, 40000.0], [2938.0, 14989.0], [2936.0, 30682.0], [2933.0, 182.0], [2932.75, 75818.0], [2932.5, 40000.0]], "asks": [[2947.25, 4054.0], [2947.5, 25080.0], [2947.75, 625.0], [2949.0, 2138.0], [2949.25, 7445.0], [2949.5, 1653.0], [2949.75, 2679.0], [2950.0, 5307.0], [2950.25, 1000.0], [2950.75, 1415.0], [2951.0, 4739.0], [2952.25, 4496.0], [2952.5, 15061.0], [2952.75, 47.0], [2953.5, 5658.0], [2953.75, 18956.0], [2954.75, 11.0], [2955.0, 30618.0], [2955.25, 1000.0], [2956.25, 30644.0]]}}}
{"jsonrpc": "2.0", "method": "subscription", "params": {"channel": "book.ETH-6FEB26.none.20.100ms", "data": {"timestamp": 1769683389427, "change_id": 106518182930, "instrument_name": "ETH-6FEB26", "bids": [[2947.0, 22048.0], [2946.75, 1300.0], [2946.5, 4679.0], [2943.75, 1509.0], [2943.5, 5055.0], [2942.25, 2065.0], [2942.0, 6919.0], [2941.0, 5023.0], [2939.75, 353.0], [2939.5, 2598.0], [2939.25, 4738.0], [2939.0, 7570.0], [2938.75, 31341.0], [2938.5, 40000.0], [2938.0, 14989.0], [2936.0, 30682.0], [2933.0, 182.0], [2932.75, 75818.0], [2932.5, 40000.0], [2931.25, 30247.0]], "asks": [[2947.25, 4054.0], [2947.5, 25080.0], [2947.75, 625.0], [2949.0, 2138.0], [2949.25, 7445.0], [2949.5, 1653.0], [2949.75, 2679.0], [2950.0, 5307.0], [2950.25, 1000.0], [2950.75, 1415.0], [2951.0, 4739.0], [2952.25, 4496.0], [2952.5, 15061.0], [2952.75, 47.0], [2953.5, 5658.0], [2953.75, 18956.0], [2954.75, 11.0], [2955.0, 30618.0], [2955.25, 1000.0], [2956.25, 30644.0]]}}}
{"jsonrpc": "2.0", "method": "subscription", "params": {"channel": "book.ETH-6FEB26.none.20.100ms", "data": {"timestamp": 1769683390205, "change_id": 106518183541, "instrument_name": "ETH-6FEB26", "bids": [[2947.0, 22048.0], [2946.75, 1300.0], [2946.5, 4679.0], [2943.75, 1509.0], [2943.5, 5055.0], [2942.25, 2065.0], [2942.0, 6919.0], [2941.25, 1499.0], [2941.0, 5023.0], [2939.75, 353.0], [2939.5, 2598.0], [2939.25, 4738.0], [2939.0, 7570.0], [2938.75, 31341.0], [2938.5, 40000.0], [2938.0, 14989.0], [2936.0, 30682.0], [2933.0, 182.0], [2932.75, 75818.0], [2932.5, 40000.0]], "asks": [[2947.25, 4054.0], [2947.5, 25705.0], [2949.0, 2138.0], [2949.25, 7445.0], [2949.5, 1653.0], [2949.75, 2679.0], [2950.0, 5307.0], [2950.25, 1000.0], [2950.75, 1415.0], [2951.0, 4739.0], [2952.25, 4496.0], [2952.5, 15061.0], [2952.75, 47.0], [2953.5, 5658.0], [2953.75, 18956.0], [2954.75, 11.0], [2955.0, 30618.0], [2955.25, 1000.0], [2956.25, 30644.0], [2956.5, 40000.0]]}}}
{"jsonrpc": "2.0", "method": "subscription", "params": {"channel": "book.ETH-6FEB26.none.20.100ms", "data": {"timestamp": 1769683390867, "change_id": 106518184334, "instrument_name": "ETH-6FEB26", "bids": [[2947.0, 22048.0], [2946.75, 1925.0], [2946.5, 4054.0], [2943.75, 1509.0], [2943.5, 5055.0], [2942.25, 2065.0], [2942.0, 6919.0], [2941.25, 1499.0], [2941.0, 5023.0], [2939.75, 353.0], [2939.5, 2598.0], [2939.25, 4738.0], [2939.0, 7570.0], [2938.75, 31341.0], [2938.5, 40000.0], [2938.0, 14989.0], [2936.0, 30682.0], [2933.0, 182.0], [2932.75, 75818.0], [2932.5, 40000.0]], "asks": [[2947.25, 4054.0], [2947.5, 25705.0], [2949.0, 2138.0], [2949.25, 7445.0], [2949.5, 1653.0], [2949.75, 2679.0], [2950.0, 5307.0], [2950.25, 1000.0], [2950.75, 1415.0], [2951.0, 4739.0], [2952.25, 4496.0], [2952.5, 15061.0], [2952.75, 47.0], [2953.5, 5658.0], [2953.75, 18956.0], [2954.75, 11.0], [2955.0, 30618.0], [2955.25, 1000.0], [2956.25, 30644.0], [2956.5, 40000.0]]}}}
{"jsonrpc": "2.0", "method": "subscription", "params": {"channel": "book.ETH-6FEB26.none.20.100ms", "data": {"timestamp": 1769683391209, "change_id": 106518184533, "instrument_name": "ETH-6FEB26", "bids": [[2947.0, 22048.0], [2943.75, 1509.0], [2943.5, 5055.0], [2941.25, 1499.0], [2941.0, 5023.0], [2939.75, 353.0], [2939.5, 4497.0], [2939.25, 11703.0], [2939.0, 7570.0], [2938.75, 31341.0], [2938.5, 40000.0], [2938.0, 14989.0], [2936.0, 30682.0], [2933.0, 182.0], [2932.75, 75818.0], [2932.5, 40000.0], [2931.25, 30247.0], [2930.75, 29765.0], [2925.0, 40000.0], [2923.0, 30213.0]], "asks": [[2947.25, 4054.0], [2947.5, 25705.0], [2949.0, 2138.0], [2949.25, 7445.0], [2949.5, 1653.0], [2949.75, 2679.0], [2950.0, 5307.0], [2950.25, 1000.0], [2950.75, 1415.0], [2951.0, 4739.0], [2952.25, 4496.0], [2952.5, 15061.0], [2952.75, 47.0], [2953.5, 5658.0], [2953.75, 18956.0], [2954.75, 11.0], [2955.0, 30618.0], [2955.25, 1000.0], [2956.25, 30644.0], [2956.5, 40000.0]]}}}
{"jsonrpc": "2.0", "method": "subscription", "params": {"channel": "book.ETH-6FEB26.none.20.100ms", "data": {"timestamp": 1769683391479, "change_id": 106518184982, "instrument_name": "ETH-6FEB26", "bids": [[2947.0, 22048.0], [2946.5, 4054.0], [2946.25, 625.0], [2943.75, 1509.0], [2943.5, 5055.0], [2942.25, 2077.0], [2942.0, 6959.0], [2941.25, 1499.0], [2941.0, 5023.0], [2939.75, 353.0], [2939.5, 2598.0], [2939.25, 4738.0], [2939.0, 7570.0], [2938.75, 31341.0], [2938.5, 40000.0], [2938.0, 14989.0], [2936.0, 30682.0], [2933.0, 182.0], [2932.75, 75818.0], [2932.5, 40000.0]], "asks": [[2947.25, 4054.0], [2947.5, 25705.0], [2949.0, 2138.0], [2949.25, 7445.0], [2949.5, 1653.0], [2949.75, 2679.0], [2950.0, 5307.0], [2950.25, 1000.0], [2950.75, 1415.0], [2951.0, 4739.0], [2952.25, 4496.0], [2952.5, 15061.0], [2952.75, 47.0], [2953.5, 5658.0], [2953.75, 18956.0], [2954.75, 11.0], [2955.0, 30618.0], [2955.25, 1000.0], [2956.25, 30644.0], [2956.5, 40000.0]]}}}
{"jsonrpc": "2.0", "method": "subscription", "params": {"channel": "book.ETH-6FEB26.none.20.100ms", "data": {"timestamp": 1769683392027, "change_id": 106518185451, "instrument_name": "ETH-6FEB26", "bids": [[2947.0, 22048.0], [2946.75, 4054.0], [2946.25, 625.0], [2943.75, 1509.0], [2943.5, 5055.0], [2942.25, 2077.0], [2942.0, 6959.0], [2941.25, 1499.0], [2941.0, 5023.0], [2939.75, 353.0], [2939.5, 2598.0], [2939.25, 4738.0], [2939.0, 7570.0], [2938.75, 31341.0], [2938.5, 40000.0], [2938.0, 14989.0], [2936.0, 30682.0], [2933.0, 182.0], [2932.75, 75818.0], [2932.5, 40000.0]], "asks": [[2947.5, 29759.0], [2949.0, 2138.0], [2949.25, 7445.0], [2949.5, 1653.0], [2949.75, 2679.0], [2950.0, 5307.0], [2950.25, 1000.0], [2950.75, 1415.0], [2951.0, 4739.0], [2952.25, 4496.0], [2952.5, 15061.0], [2952.75, 47.0], [2953.5, 5658.0], [2953.75, 18956.0], [2954.75, 11.0], [2955.0, 30618.0], [2955.25, 1000.0], [2956.25, 30644.0], [2956.5, 40000.0], [2958.25, 9232.0]]}}}
{"jsonrpc": "2.0", "method": "subscription", "params": {"channel": "book.ETH-6FEB26.none.20.100ms", "data": {"timestamp": 1769683392428, "change_id": 106518185883, "instrument_name": "ETH-6FEB26", "bids": [[2947.0, 22048.0], [2946.75, 4054.0], [2946.25, 625.0], [2942.5, 5055.0], [2942.25, 2077.0], [2942.0, 6959.0], [2941.25, 5023.0], [2939.75, 353.0], [2939.5, 2598.0], [2939.25, 4738.0], [2939.0, 7570.0], [2938.75, 31341.0], [2938.5, 40000.0], [2938.0, 14989.0], [2936.0, 30682.0], [2933.0, 182.0], [2932.75, 75818.0], [2932.5, 40000.0], [2931.25, 30247.0], [2930.75, 29765.0]], "asks": [[2947.5, 29759.0], [2949.0, 2138.0], [2949.25, 7445.0], [2949.5, 1653.0], [2949.75, 2679.0], [2950.0, 5307.0], [2950.25, 1000.0], [2950.75, 1415.0], [2951.0, 4739.0], [2952.25, 4496.0], [2952.5, 15061.0], [2952.75, 47.0], [2953.5, 5658.0], [2953.75, 18956.0], [2954.75, 11.0], [2955.0, 30618.0], [2955.25, 1000.0], [2956.25, 30644.0], [2956.5, 40000.0], [2958.25, 9232.0]]}}}
{"jsonrpc": "2.0", "method": "subscription", "params": {"channel": "book.ETH-6FEB26.none.20.100ms", "data": {"timestamp": 1769683392879, "change_id": 106518187001, "instrument_name": "ETH-6FEB26", "bids": [[2947.0, 22048.0], [2946.5, 4054.0], [2946.25, 625.0], [2941.75, 6802.0], [2940.25, 1499.0], [2940.0, 5023.0], [2939.75, 353.0], [2939.5, 2598.0], [2939.25, 4738.0], [2939.0, 7570.0], [2938.75, 31341.0], [2938.5, 40000.0], [2938.0, 14989.0], [2936.0, 30682.0], [2933.0, 182.0], [2932.75, 75818.0], [2932.5, 40000.0], [2931.25, 30247.0], [2930.75, 29765.0], [2925.0, 40000.0]], "asks": [[2947.25, 5979.0], [2947.5, 32280.0], [2949.25, 283.0], [2949.5, 1653.0], [2949.75, 2679.0], [2950.0, 5307.0], [2950.25, 1000.0], [2950.75, 1415.0], [2951.0, 4739.0], [2952.25, 4496.0], [2952.5, 15061.0], [2952.75, 47.0], [2953.5, 5658.0], [2953.75, 18956.0], [2954.75, 11.0], [2955.0, 30618.0], [2955.25, 1000.0], [2956.25, 30644.0], [2956.5, 40000.0], [2958.25, 9232.0]]}}}
{"jsonrpc": "2.0", "method": "subscription", "params": {"channel": "book.ETH-6FEB26.none.20.100ms", "data": {"timestamp": 1769683393720, "change_id": 106518187771, "instrument_name": "ETH-6FEB26", "bids": [[2947.0, 22048.0], [2946.5, 4054.0], [2946.25, 625.0], [2940.5, 2083.0], [2940.25, 8476.0], [2940.0, 5023.0], [2939.75, 353.0], [2939.5, 2598.0], [2939.25, 4738.0], [2939.0, 7570.0], [2938.75, 31341.0], [2938.5, 40000.0], [2938.0, 14989.0], [2936.0, 30682.0], [2933.0, 182.0], [2932.75, 75818.0], [2932.5, 40000.0], [2931.25, 30247.0], [2930.75, 29765.0], [2925.0, 40000.0]], "asks": [[2947.25, 5979.0], [2947.5, 32280.0], [2949.25, 283.0], [2949.5, 1653.0], [2949.75, 2679.0], [2950.0, 5307.0], [2950.25, 1000.0], [2950.75, 1415.0], [2951.0, 4739.0], [2952.25, 4496.0], [2952.5, 15061.0], [2952.75, 47.0], [2953.5, 5658.0], [2953.75, 18956.0], [2954.75, 11.0], [2955.0, 30618.0], [2955.25, 1000.0], [2956.25, 30644.0], [2956.5, 40000.0], [2958.25, 9232.0]]}}}
{"jsonrpc": "2.0", "method": "subscription", "params": {"channel": "book.ETH-6FEB26.none.20.100ms", "data": {"timestamp": 1769683393970, "change_id": 106518188084, "instrument_name": "ETH-6FEB26", "bids": [[2947.0, 22048.0], [2946.5, 4054.0], [2946.25, 625.0], [2942.0, 2122.0], [2941.75, 7109.0], [2940.5, 10078.0], [2939.75, 353.0], [2939.5, 2598.0], [2939.25, 4738.0], [2939.0, 7570.0], [2938.75, 31341.0], [2938.5, 40000.0], [2938.0, 14989.0], [2936.0, 30682.0], [2933.0, 182.0], [2932.75, 75818.0], [2932.5, 40000.0], [2931.25, 30247.0], [2930.75, 29765.0], [2925.0, 40000.0]], "asks": [[2947.25, 4679.0], [2947.5, 32280.0], [2949.25, 283.0], [2949.5, 1653.0], [2949.75, 2679.0], [2950.0, 5307.0], [2950.25, 1000.0], [2950.75, 1415.0], [2951.0, 4739.0], [2952.25, 4496.0], [2952.5, 15061.0], [2952.75, 47.0], [2953.5, 5658.0], [2953.75, 18956.0], [2954.75, 11.0], [2955.0, 30618.0], [2955.25, 1000.0], [2956.25, 30644.0], [2956.5, 40000.0], [2958.25, 9232.0]]}}}
{"jsonrpc": "2.0", "method": "subscription", "params": {"channel": "book.ETH-6FEB26.none.20.100ms", "data": {"timestamp": 1769683394976, "change_id": 106518189007, "instrument_name": "ETH-6FEB26", "bids": [[2947.0, 22048.0], [2946.5, 4054.0], [2946.25, 625.0], [2942.0, 2122.0], [2941.75, 7109.0], [2940.75, 3008.0], [2940.5, 10078.0], [2939.75, 353.0], [2939.5, 2598.0], [2939.25, 4738.0], [2939.0, 7570.0], [2938.75, 31341.0], [2938.5, 40000.0], [2938.0, 14989.0], [2936.0, 30682.0], [2933.0, 182.0], [2932.75, 75818.0], [2932.5, 40000.0], [2931.25, 30247.0], [2930.75, 29765.0]], "asks": [[2947.25, 5879.0], [2947.5, 32280.0], [2949.25, 283.0], [2949.5, 1653.0], [2949.75, 2679.0], [2950.0, 5307.0], [2950.25, 1000.0], [2950.75, 1415.0], [2951.0, 4739.0], [2952.25, 4496.0], [2952.5, 15061.0], [2952.75, 47.0], [2953.5, 5658.0], [2953.75, 18956.0], [2954.75, 11.0], [2955.0, 30618.0], [2955.25, 1000.0], [2956.25, 30644.0], [2956.5, 40000.0], [2958.25, 9232.0]]}}}
{"jsonrpc": "2.0", "method": "subscription", "params": {"channel": "book.ETH-6FEB26.none.20.100ms", "data": {"timestamp": 1769683395248, "change_id": 106518189185, "instrument_name": "ETH-6FEB26", "bids": [[2947.0, 22048.0], [2946.5, 4054.0], [2946.25, 625.0], [2940.75, 3008.0], [2940.5, 10078.0], [2940.25, 7171.0], [2939.75, 353.0], [2939.5, 2598.0], [2939.25, 4738.0], [2939.0, 7570.0], [2938.75, 31341.0], [2938.5, 40000.0], [2938.0, 14989.0], [2936.0, 30682.0], [2933.0, 182.0], [2932.75, 75818.0], [2932.5, 40000.0], [2931.25, 30247.0], [2930.75, 29765.0], [2925.0, 40000.0]], "asks": [[2947.25, 4679.0], [2947.5, 32280.0], [2949.25, 283.0], [2949.5, 1653.0], [2949.75, 2679.0], [2950.0, 5307.0], [2950.25, 1000.0], [2950.75, 1415.0], [2951.0, 4739.0], [2952.25, 4496.0], [2952.5, 15061.0], [2952.75, 47.0], [2953.5, 5658.0], [2953.75, 18956.0], [2954.75, 11.0], [2955.0, 30618.0], [2955.25, 1000.0], [2956.25, 30644.0], [2956.5, 40000.0], [2958.25, 9232.0]]}}}
{"jsonrpc": "2.0", "method": "subscription", "params": {"channel": "book.ETH-6FEB26.none.20.100ms", "data": {"timestamp": 1769683395658, "change_id": 106518189661, "instrument_name": "ETH-6FEB26", "bids": [[2947.0, 22048.0], [2946.5, 4054.0], [2946.25, 625.0], [2941.75, 6904.0], [2940.75, 3008.0], [2940.5, 10078.0], [2939.75, 353.0], [2939.5, 2598.0], [2939.25, 4738.0], [2939.0, 7570.0], [2938.75, 31341.0], [2938.5, 40000.0], [2938.0, 14989.0], [2936.0, 30682.0], [2933.0, 182.0], [2932.75, 75818.0], [2932.5, 40000.0], [2931.25, 30247.0], [2930.75, 29765.0], [2925.0, 40000.0]], "asks": [[2947.25, 4679.0], [2947.5, 32280.0], [2949.25, 283.0], [2949.5, 1653.0], [2949.75, 2679.0], [2950.0, 5307.0], [2950.25, 1000.0], [2950.75, 1415.0], [2951.0, 4739.0], [2952.25, 4496.0], [2952.5, 15061.0], [2952.75, 47.0], [2953.5, 5658.0], [2953.75, 18956.0], [2954.75, 11.0], [2955.0, 30618.0], [2955.25, 1000.0], [2956.25, 30644.0], [2956.5, 40000.0], [2958.25, 9232.0]]}}}
{"jsonrpc": "2.0", "method": "subscription", "params": {"channel": "book.ETH-6FEB26.none.20.100ms", "data": {"timestamp": 1769683395963, "change_id": 106518189971, "instrument_name": "ETH-6FEB26", "bids": [[2947.0, 22048.0], [2946.5, 4054.0], [2946.25, 625.0], [2941.75, 6904.0], [2940.75, 3008.0], [2940.5, 10078.0], [2939.75, 353.0], [2939.5, 2598.0], [2939.25, 4738.0], [2939.0, 7570.0], [2938.75, 31341.0], [2938.5, 40000.0], [2938.0, 14989.0], [2936.0, 30682.0], [2933.0, 182.0], [2932.75, 75818.0], [2932.5, 40000.0], [2931.25, 30247.0], [2930.75, 29765.0], [2925.0, 40000.0]], "asks": [[2947.25, 5979.0], [2947.5, 32280.0], [2949.25, 283.0], [2949.5, 1653.0], [2949.75, 2679.0], [2950.0, 5307.0], [2950.25, 1000.0], [2950.75, 1415.0], [2951.0, 4739.0], [2952.25, 4496.0], [2952.5, 15061.0], [2952.75, 47.0], [2953.5, 5658.0], [2953.75, 18956.0], [2954.75, 11.0], [2955.0, 30618.0], [2955.25, 1000.0], [2956.25, 30644.0], [2956.5, 40000.0], [2958.25, 9232.0]]}}}
{"jsonrpc": "2.0", "method": "subscription", "params": {"channel": "book.ETH-6FEB26.none.20.100ms", "data": {"timestamp": 1769683396432, "change_id": 106518190383, "instrument_name": "ETH-6FEB26", "bids": [[2947.0, 22048.0], [2946.5, 4054.0], [2946.25, 625.0], [2942.0, 2061.0], [2941.75, 6904.0], [2940.75, 3008.0], [2940.5, 10078.0], [2939.75, 353.0], [2939.5, 2598.0], [2939.25, 4738.0], [2939.0, 7570.0], [2938.75, 31341.0], [2938.5, 40000.0], [2938.0, 14989.0], [2936.0, 30682.0], [2933.0, 182.0], [2932.75, 75818.0], [2932.5, 40000.0], [2931.25, 30247.0], [2930.75, 29765.0]], "asks": [[2947.25, 5979.0], [2947.5, 32280.0], [2949.25, 283.0], [2949.5, 1653.0], [2949.75, 2679.0], [2950.0, 5307.0], [2950.25, 1000.0], [2950.75, 1415.0], [2951.0, 4739.0], [2952.25, 4496.0], [2952.5, 15061.0], [2952.75, 47.0], [2953.5, 5658.0], [2953.75, 18956.0], [2954.75, 11.0], [2955.0, 30618.0], [2955.25, 1000.0], [2956.25, 30644.0], [2956.5, 40000.0], [2958.25, 9232.0]]}}}
{"jsonrpc": "2.0", "method": "subscription", "params": {"channel": "book.ETH-6FEB26.none.20.100ms", "data": {"timestamp": 1769683398464, "change_id": 106518192114, "instrument_name": "ETH-6FEB26", "bids": [[2947.0, 22048.0], [2946.5, 4054.0], [2946.25, 625.0], [2942.25, 1509.0], [2942.0, 7116.0], [2941.75, 6904.0], [2940.0, 5023.0], [2939.75, 353.0], [2939.5, 2598.0], [2939.25, 4738.0], [2939.0, 7570.0], [2938.75, 31341.0], [2938.5, 40000.0], [2938.0, 14989.0], [2936.0, 30682.0], [2933.0, 182.0], [2932.75, 75818.0], [2932.5, 40000.0], [2931.25, 30247.0], [2930.75, 29765.0]], "asks": [[2947.25, 4679.0], [2947.5, 32280.0], [2949.25, 283.0], [2949.5, 1653.0], [2949.75, 2679.0], [2950.0, 5307.0], [2950.25, 1000.0], [2950.75, 1415.0], [2951.0, 4739.0], [2952.25, 4496.0], [2952.5, 15061.0], [2952.75, 47.0], [2953.5, 5658.0], [2953.75, 18956.0], [2954.75, 11.0], [2955.0, 30618.0], [2955.25, 1000.0], [2956.25, 30644.0], [2956.5, 40000.0], [2958.25, 9232.0]]}}}
{"jsonrpc": "2.0", "method": "subscription", "params": {"channel": "book.ETH-6FEB26.none.20.100ms", "data": {"timestamp": 1769683399217, "change_id": 106518192739, "instrument_name": "ETH-6FEB26", "bids": [[2947.0, 22048.0], [2946.5, 4054.0], [2946.25, 625.0], [2942.5, 5055.0], [2942.0, 2061.0], [2941.75, 6904.0], [2940.25, 5023.0], [2939.75, 353.0], [2939.5, 2598.0], [2939.25, 4738.0], [2939.0, 7570.0], [2938.75, 31341.0], [2938.5, 40000.0], [2938.0, 14989.0], [2936.0, 30682.0], [2933.0, 182.0], [2932.75, 75818.0], [2932.5, 40000.0], [2931.25, 30247.0], [2930.75, 29765.0]], "asks": [[2947.25, 4679.0], [2947.5, 32280.0], [2949.25, 283.0], [2949.5, 1653.0], [2949.75, 2679.0], [2950.0, 5307.0], [2950.25, 1000.0], [2950.75, 1415.0], [2951.0, 4739.0], [2952.25, 4496.0], [2952.5, 15061.0], [2952.75, 47.0], [2953.5, 5658.0], [2953.75, 18956.0], [2954.75, 11.0], [2955.0, 30618.0], [2955.25, 1000.0], [2956.25, 58766.0], [2956.5, 40000.0], [2959.25, 182.0]]}}}
{"jsonrpc": "2.0", "method": "subscription", "params": {"channel": "book.ETH-6FEB26.none.20.100ms", "data": {"timestamp": 1769683399834, "change_id": 106518193286, "instrument_name": "ETH-6FEB26", "bids": [[2947.0, 20636.0], [2946.5, 4054.0], [2946.25, 625.0], [2942.75, 1509.0], [2942.5, 5055.0], [2942.0, 2061.0], [2941.75, 6904.0], [2940.5, 1499.0], [2940.25, 5023.0], [2939.75, 353.0], [2939.5, 2598.0], [2939.25, 4738.0], [2939.0, 7570.0], [2938.75, 31341.0], [2938.5, 40000.0], [2938.0, 14989.0], [2936.0, 30682.0], [2933.0, 182.0], [2932.75, 75818.0], [2932.5, 40000.0]], "asks": [[2947.25, 4679.0], [2947.5, 32280.0], [2949.25, 283.0], [2949.5, 1653.0], [2949.75, 2679.0], [2950.0, 5307.0], [2950.25, 1000.0], [2950.75, 1415.0], [2951.0, 4739.0], [2952.25, 4496.0], [2952.5, 15061.0], [2952.75, 47.0], [2953.5, 5658.0], [2953.75, 18956.0], [2954.75, 11.0], [2955.0, 30618.0], [2955.25, 1000.0], [2956.25, 44705.0], [2956.5, 40000.0], [2959.25, 182.0]]}}}
{"jsonrpc": "2.0", "method": "subscription", "params": {"channel": "book.ETH-6FEB26.none.20.100ms", "data": {"timestamp": 1769683402550, "change_id": 106518196398, "instrument_name": "ETH-6FEB26", "bids": [[2947.0, 20636.0], [2946.75, 4054.0], [2946.5, 625.0], [2942.75, 1509.0], [2942.5, 5055.0], [2942.0, 2061.0], [2941.75, 6904.0], [2940.5, 1499.0], [2940.25, 5023.0], [2939.75, 353.0], [2939.5, 2598.0], [2939.25, 4738.0], [2939.0, 7570.0], [2938.75, 31341.0], [2938.5, 40000.0], [2938.0, 14989.0], [2936.0, 30682.0], [2933.0, 182.0], [2932.75, 75818.0], [2932.5, 40000.0]], "asks": [[2947.5, 36334.0], [2947.75, 625.0], [2949.25, 283.0], [2949.5, 1653.0], [2949.75, 2679.0], [2950.0, 5307.0], [2950.25, 1000.0], [2950.75, 1415.0], [2951.0, 4739.0], [2952.25, 4496.0], [2952.5, 15061.0], [2952.75, 47.0], [2953.5, 5658.0], [2953.75, 18956.0], [2954.75, 11.0], [2955.0, 30618.0], [2955.25, 1000.0], [2956.25, 44705.0], [2956.5, 40000.0], [2959.25, 182.0]]}}}
{"jsonrpc": "2.0", "method": "subscription", "params": {"channel": "book.ETH-6FEB26.none.20.100ms", "data": {"timestamp": 1769683402885, "change_id": 106518196847, "instrument_name": "ETH-6FEB26", "bids": [[2947.0, 21936.0], [2946.75, 4054.0], [2946.5, 625.0], [2942.75, 1509.0], [2942.5, 5055.0], [2942.0, 2061.0], [2941.75, 6904.0], [2940.5, 1499.0], [2940.25, 5023.0], [2939.75, 353.0], [2939.5, 2598.0], [2939.25, 4738.0], [2939.0, 7570.0], [2938.75, 31341.0], [2938.5, 40000.0], [2938.0, 14989.0], [2936.0, 30682.0], [2933.0, 182.0], [2932.75, 75818.0], [2932.5, 40000.0]], "asks": [[2947.5, 36334.0], [2947.75, 625.0], [2949.25, 283.0], [2949.5, 1653.0], [2949.75, 2679.0], [2950.0, 5307.0], [2950.25, 1000.0], [2950.75, 1415.0], [2951.0, 4739.0], [2952.25, 4496.0], [2952.5, 15061.0], [2952.75, 47.0], [2953.5, 5658.0], [2953.75, 18956.0], [2954.75, 11.0], [2955.0, 30618.0], [2955.25, 1000.0], [2956.25, 44705.0], [2956.5, 40000.0], [2959.25, 182.0]]}}}
