{"jsonrpc": "2.0", "method": "subscription", "params": {"channel": "book.ETH-14MAR25.none.20.100ms", "data": {"timestamp": 1741051684628, "change_id": 60719337078, "instrument_name": "ETH-14MAR25", "bids": [[2112.0, 5246.0], [2111.75, 12720.0], [2111.5, 9491.0], [2111.25, 21762.0], [2111.0, 5798.0], [2110.75, 15120.0], [2110.25, 1300.0], [2110.0, 1300.0], [2109.75, 1300.0], [2109.5, 30000.0], [2109.0, 1300.0], [2108.75, 1300.0], [2108.5, 1300.0], [2108.25, 1300.0], [2108.0, 1300.0], [2107.75, 1300.0], [2107.25, 505.0], [2106.75, 1300.0], [2106.5, 1300.0], [2106.25, 1300.0]], "asks": [[2112.5, 1700.0], [2112.75, 2562.0], [2113.0, 7813.0], [2113.25, 16348.0], [2113.5, 3000.0], [2113.75, 3000.0], [2114.0, 2300.0], [2114.25, 3000.0], [2114.75, 1300.0], [2115.0, 16661.0], [2115.25, 10025.0], [2115.5, 1300.0], [2115.75, 1305.0], [2116.0, 1300.0], [2116.25, 1300.0], [2116.75, 24452.0], [2117.25, 45763.0], [2117.5, 1300.0], [2117.75, 91300.0], [2118.0, 500.0]]}}}
{"jsonrpc": "2.0", "method": "subscription", "params": {"channel": "book.ETH-7MAR25.none.20.100ms", "data": {"timestamp": 1741051684326, "change_id": 60719336654, "instrument_name": "ETH-7MAR25", "bids": [[2110.25, 3800.0], [2110.0, 7459.0], [2109.75, 8933.0], [2109.5, 21699.0], [2109.25, 56400.0], [2109.0, 1700.0], [2108.75, 1700.0], [2108.5, 2206.0], [2108.25, 10222.0], [2108.0, 53042.0], [2107.75, 1700.0], [2107.5, 1700.0], [2107.25, 1710.0], [2106.75, 30000.0], [2106.5, 1700.0], [2106.25, 17018.0], [2106.0, 1700.0], [2105.75, 1700.0], [2105.5, 1700.0], [2104.75, 1700.0]], "asks": [[2110.75, 47280.0], [2111.0, 506.0], [2111.25, 1700.0], [2111.5, 4627.0], [2111.75, 1000.0], [2112.0, 1700.0], [2112.5, 48965.0], [2112.75, 1700.0], [2113.0, 10401.0], [2113.5, 1700.0], [2113.75, 1700.0], [2114.5, 1700.0], [2114.75, 49780.0], [2115.25, 1700.0], [2115.5, 1700.0], [2115.75, 91710.0], [2116.0, 52092.0], [2116.5, 1700.0], [2116.75, 1700.0], [2117.0, 1700.0]]}}}
{"jsonrpc": "2.0", "method": "subscription", "params": {"channel": "book.ETH-14MAR25.none.20.100ms", "data": {"timestamp": 1741051684963, "change_id": 60719338316, "instrument_name": "ETH-14MAR25", "bids": [[2111.5, 5562.0], [2111.25, 13087.0], [2111.0, 4528.0], [2110.75, 1300.0], [2110.5, 8735.0], [2110.25, 14753.0], [2110.0, 16420.0], [2109.75, 1300.0], [2109.5, 30000.0], [2109.0, 1300.0], [2108.75, 1300.0], [2108.5, 1300.0], [2108.25, 1300.0], [2108.0, 1300.0], [2107.75, 1300.0], [2107.25, 505.0], [2106.75, 1300.0], [2106.5, 1300.0], [2106.25, 1300.0], [2106.0, 90000.0]], "asks": [[2112.5, 5924.0], [2112.75, 13120.0], [2113.0, 3000.0], [2113.25, 3000.0], [2113.5, 3000.0], [2113.75, 3000.0], [2114.0, 17661.0], [2114.25, 1300.0], [2114.75, 1300.0], [2115.0, 1300.0], [2115.25, 10025.0], [2115.5, 1300.0], [2115.75, 1305.0], [2116.0, 1300.0], [2116.25, 1300.0], [2116.75, 24452.0], [2117.25, 45763.0], [2117.5, 1300.0], [2117.75, 91300.0], [2118.0, 500.0]]}}}
{"jsonrpc": "2.0", "method": "subscription", "params": {"channel": "book.ETH-7MAR25.none.20.100ms", "data": {"timestamp": 1741051684977, "change_id": 60719338312, "instrument_name": "ETH-7MAR25", "bids": [[2109.75, 3800.0], [2109.5, 3800.0], [2109.25, 1700.0], [2109.0, 45894.0], [2108.75, 11700.0], [2108.5, 1700.0], [2108.25, 10222.0], [2108.0, 1700.0], [2107.75, 53042.0], [2107.5, 1700.0], [2107.25, 1710.0], [2106.75, 30000.0], [2106.5, 1700.0], [2106.25, 17018.0], [2106.0, 1700.0], [2105.75, 1700.0], [2105.5, 1700.0], [2104.75, 1700.0], [2104.5, 1700.0], [2104.0, 1700.0]], "asks": [[2110.25, 12800.0], [2110.5, 3800.0], [2110.75, 37280.0], [2111.0, 5627.0], [2111.25, 1700.0], [2111.5, 1700.0], [2111.75, 48965.0], [2112.0, 10093.0], [2112.75, 1700.0], [2113.0, 1700.0], [2113.5, 1700.0], [2113.75, 1700.0], [2114.5, 1700.0], [2114.75, 49780.0], [2115.25, 1700.0], [2115.5, 1700.0], [2115.75, 91710.0], [2116.0, 52092.0], [2116.5, 1700.0], [2116.75, 1700.0]]}}}
{"jsonrpc": "2.0", "method": "subscription", "params": {"channel": "book.ETH-14MAR25.none.20.100ms", "data": {"timestamp": 1741051685246, "change_id": 60719339350, "instrument_name": "ETH-14MAR25", "bids": [[2111.25, 120.0], [2111.0, 3352.0], [2110.75, 13883.0], [2110.5, 14581.0], [2110.25, 14753.0], [2110.0, 16724.0], [2109.75, 1604.0], [2109.5, 1300.0], [2109.25, 304.0], [2109.0, 1604.0], [2108.75, 1604.0], [2108.5, 1604.0], [2108.25, 1604.0], [2108.0, 1604.0], [2107.75, 1300.0], [2107.25, 505.0], [2107.0, 304.0], [2106.75, 1604.0], [2106.5, 1300.0], [2106.25, 1300.0]], "asks": [[2111.75, 2562.0], [2112.0, 3836.0], [2112.25, 7596.0], [2112.5, 16906.0], [2112.75, 3862.0], [2113.0, 3900.0], [2113.25, 3862.0], [2113.5, 3000.0], [2113.75, 3304.0], [2114.0, 16661.0], [2114.25, 1300.0], [2114.5, 8630.0], [2114.75, 1300.0], [2115.0, 1300.0], [2115.25, 24452.0], [2115.5, 1300.0], [2115.75, 1305.0], [2116.0, 1300.0], [2116.25, 1300.0], [2116.75, 1300.0]]}}}
{"jsonrpc": "2.0", "method": "subscription", "params": {"channel": "book.ETH-7MAR25.none.20.100ms", "data": {"timestamp": 1741051685274, "change_id": 60719339383, "instrument_name": "ETH-7MAR25", "bids": [[2109.25, 3800.0], [2108.75, 11700.0], [2108.5, 45894.0], [2108.25, 1700.0], [2108.0, 10118.0], [2107.75, 1700.0], [2107.5, 1700.0], [2107.25, 53052.0], [2107.0, 1700.0], [2106.5, 1700.0], [2106.25, 17018.0], [2105.75, 1700.0], [2105.5, 1700.0], [2104.75, 1700.0], [2104.5, 1700.0], [2104.0, 1700.0], [2103.25, 10.0], [2103.0, 1700.0], [2102.5, 91700.0], [2102.0, 52465.0]], "asks": [[2110.0, 15500.0], [2110.25, 41080.0], [2110.5, 1700.0], [2111.0, 5627.0], [2111.5, 1700.0], [2111.75, 48965.0], [2112.0, 10093.0], [2112.75, 1700.0], [2113.0, 1700.0], [2113.25, 49780.0], [2113.5, 1700.0], [2113.75, 1700.0], [2114.5, 1700.0], [2115.25, 1700.0], [2115.5, 1700.0], [2115.75, 91710.0], [2116.0, 52092.0], [2116.5, 1700.0], [2116.75, 1700.0], [2117.0, 1700.0]]}}}
{"jsonrpc": "2.0", "method": "subscription", "params": {"channel": "book.ETH-14MAR25.none.20.100ms", "data": {"timestamp": 1741051685595, "change_id": 60719340468, "instrument_name": "ETH-14MAR25", "bids": [[2111.0, 2998.0], [2110.75, 11724.0], [2110.5, 4222.0], [2110.25, 9865.0], [2110.0, 11963.0], [2109.75, 6188.0], [2109.5, 16420.0], [2109.25, 304.0], [2109.0, 1604.0], [2108.75, 1300.0], [2108.5, 1300.0], [2108.25, 1604.0], [2108.0, 1604.0], [2107.75, 1300.0], [2107.25, 5.0], [2107.0, 304.0], [2106.75, 1604.0], [2106.5, 1300.0], [2106.25, 1300.0], [2106.0, 90000.0]], "asks": [[2111.75, 304.0], [2112.0, 5134.0], [2112.25, 13424.0], [2112.5, 3000.0], [2112.75, 3558.0], [2113.0, 3304.0], [2113.25, 3304.0], [2113.5, 3000.0], [2113.75, 3000.0], [2114.0, 16661.0], [2114.25, 1300.0], [2114.5, 8630.0], [2114.75, 1300.0], [2115.0, 1300.0], [2115.25, 24452.0], [2115.5, 45763.0], [2115.75, 1305.0], [2116.0, 1300.0], [2116.25, 1300.0], [2116.75, 1300.0]]}}}
{"jsonrpc": "2.0", "method": "subscription", "params": {"channel": "book.ETH-7MAR25.none.20.100ms", "data": {"timestamp": 1741051685592, "change_id": 60719340452, "instrument_name": "ETH-7MAR25", "bids": [[2109.0, 5500.0], [2108.75, 2927.0], [2108.5, 1700.0], [2108.25, 55894.0], [2108.0, 1700.0], [2107.75, 10355.0], [2107.5, 1700.0], [2107.25, 1710.0], [2107.0, 1700.0], [2106.5, 1700.0], [2106.25, 17018.0], [2105.75, 1700.0], [2105.5, 1700.0], [2104.75, 1700.0], [2104.5, 1700.0], [2104.0, 1700.0], [2103.25, 10.0], [2103.0, 1700.0], [2102.5, 91700.0], [2102.0, 52465.0]], "asks": [[2109.75, 10000.0], [2110.0, 3800.0], [2110.25, 40207.0], [2110.5, 1700.0], [2111.0, 1700.0], [2111.5, 1700.0], [2111.75, 48965.0], [2112.0, 10093.0], [2112.75, 1700.0], [2113.0, 1700.0], [2113.25, 49780.0], [2113.5, 1700.0], [2113.75, 1700.0], [2114.5, 1700.0], [2115.25, 1700.0], [2115.5, 1700.0], [2115.75, 91710.0], [2116.0, 52092.0], [2116.5, 1700.0], [2116.75, 1700.0]]}}}
{"jsonrpc": "2.0", "method": "subscription", "params": {"channel": "book.ETH-14MAR25.none.20.100ms", "data": {"timestamp": 1741051685969, "change_id": 60719341425, "instrument_name": "ETH-14MAR25", "bids": [[2111.5, 1700.0], [2111.25, 5089.0], [2111.0, 12320.0], [2110.75, 3000.0], [2110.5, 7184.0], [2110.25, 12448.0], [2110.0, 8735.0], [2109.75, 1300.0], [2109.5, 16420.0], [2109.0, 1300.0], [2108.75, 1300.0], [2108.5, 1604.0], [2108.25, 1300.0], [2108.0, 1300.0], [2107.75, 1300.0], [2107.25, 5.0], [2106.75, 1300.0], [2106.5, 1300.0], [2106.25, 1300.0], [2106.0, 90000.0]], "asks": [[2112.0, 2296.0], [2112.25, 3000.0], [2112.5, 5924.0], [2112.75, 13120.0], [2113.0, 3000.0], [2113.25, 3000.0], [2113.5, 3304.0], [2113.75, 3000.0], [2114.0, 16661.0], [2114.25, 1300.0], [2114.5, 8630.0], [2114.75, 1300.0], [2115.0, 1300.0], [2115.25, 24452.0], [2115.5, 45763.0], [2115.75, 1305.0], [2116.0, 1300.0], [2116.25, 1300.0], [2116.75, 1300.0], [2117.25, 1300.0]]}}}
{"jsonrpc": "2.0", "method": "subscription", "params": {"channel": "book.ETH-7MAR25.none.20.100ms", "data": {"timestamp": 1741051685954, "change_id": 60719341412, "instrument_name": "ETH-7MAR25", "bids": [[2109.75, 3700.0], [2109.5, 8383.0], [2109.25, 17075.0], [2109.0, 5500.0], [2108.75, 4627.0], [2108.5, 55894.0], [2108.25, 1700.0], [2108.0, 1700.0], [2107.75, 10355.0], [2107.5, 1700.0], [2107.25, 53052.0], [2107.0, 1700.0], [2106.5, 1700.0], [2106.25, 17018.0], [2105.75, 1700.0], [2105.5, 1700.0], [2104.75, 1700.0], [2104.5, 1700.0], [2104.0, 1700.0], [2103.25, 10.0]], "asks": [[2110.25, 10000.0], [2110.5, 2927.0], [2111.0, 1700.0], [2111.5, 1700.0], [2112.0, 10093.0], [2112.75, 1700.0], [2113.0, 1700.0], [2113.25, 49780.0], [2113.5, 1700.0], [2113.75, 1700.0], [2114.5, 1700.0], [2115.25, 1700.0], [2115.5, 87945.0], [2115.75, 91710.0], [2116.0, 52092.0], [2116.5, 1700.0], [2116.75, 1700.0], [2117.0, 1700.0], [2117.25, 1700.0], [2117.5, 78827.0]]}}}
{"jsonrpc": "2.0", "method": "subscription", "params": {"channel": "book.ETH-14MAR25.none.20.100ms", "data": {"timestamp": 1741051686235, "change_id": 60719342052, "instrument_name": "ETH-14MAR25", "bids": [[2111.25, 1820.0], [2111.0, 11300.0], [2110.75, 3000.0], [2110.5, 11659.0], [2110.25, 9865.0], [2110.0, 1300.0], [2109.75, 16420.0], [2109.5, 1300.0], [2109.0, 1300.0], [2108.75, 1300.0], [2108.5, 1300.0], [2108.25, 1300.0], [2108.0, 1300.0], [2107.75, 1300.0], [2107.25, 5.0], [2106.75, 1300.0], [2106.5, 1300.0], [2106.25, 1300.0], [2106.0, 90000.0], [2105.75, 1300.0]], "asks": [[2112.0, 1700.0], [2112.25, 1700.0], [2112.5, 5924.0], [2112.75, 13120.0], [2113.0, 3000.0], [2113.25, 3000.0], [2113.5, 3000.0], [2113.75, 3000.0], [2114.0, 16661.0], [2114.25, 1300.0], [2114.5, 8630.0], [2114.75, 1300.0], [2115.0, 1300.0], [2115.25, 24452.0], [2115.5, 45763.0], [2115.75, 1305.0], [2116.0, 1300.0], [2116.25, 1300.0], [2116.75, 1300.0], [2117.25, 1300.0]]}}}
{"jsonrpc": "2.0", "method": "subscription", "params": {"channel": "book.ETH-7MAR25.none.20.100ms", "data": {"timestamp": 1741051686287, "change_id": 60719342115, "instrument_name": "ETH-7MAR25", "bids": [[2109.75, 4940.0], [2109.5, 5450.0], [2109.25, 7087.0], [2109.0, 9715.0], [2108.75, 28395.0], [2108.5, 46400.0], [2108.25, 2206.0], [2108.0, 1700.0], [2107.75, 10355.0], [2107.5, 2206.0], [2107.25, 53052.0], [2107.0, 1700.0], [2106.5, 1700.0], [2106.25, 17018.0], [2105.75, 1700.0], [2105.5, 1700.0], [2104.75, 1700.0], [2104.5, 1700.0], [2104.0, 1700.0], [2103.25, 10.0]], "asks": [[2110.25, 10000.0], [2110.5, 1700.0], [2110.75, 2927.0], [2111.0, 1700.0], [2111.5, 1700.0], [2112.0, 10093.0], [2112.75, 1700.0], [2113.0, 1700.0], [2113.25, 49780.0], [2113.5, 1700.0], [2113.75, 1700.0], [2114.5, 1700.0], [2115.25, 1700.0], [2115.5, 87945.0], [2115.75, 91710.0], [2116.0, 52092.0], [2116.5, 1700.0], [2116.75, 1700.0], [2117.0, 1700.0], [2117.25, 1700.0]]}}}
{"jsonrpc": "2.0", "method": "subscription", "params": {"channel": "book.ETH-14MAR25.none.20.100ms", "data": {"timestamp": 1741051686620, "change_id": 60719343156, "instrument_name": "ETH-14MAR25", "bids": [[2111.25, 10000.0], [2111.0, 982.0], [2110.75, 6460.0], [2110.5, 11963.0], [2110.25, 9865.0], [2110.0, 6188.0], [2109.75, 16420.0], [2109.5, 1300.0], [2109.0, 1300.0], [2108.75, 1300.0], [2108.5, 1300.0], [2108.25, 1300.0], [2108.0, 1300.0], [2107.75, 1300.0], [2107.25, 5.0], [2106.75, 1300.0], [2106.5, 1300.0], [2106.25, 1300.0], [2106.0, 90000.0], [2105.75, 1300.0]], "asks": [[2112.0, 2600.0], [2112.25, 3000.0], [2112.5, 5924.0], [2112.75, 13120.0], [2113.0, 3000.0], [2113.25, 4000.0], [2113.5, 3000.0], [2113.75, 3000.0], [2114.0, 16661.0], [2114.25, 1300.0], [2114.5, 8630.0], [2114.75, 1300.0], [2115.0, 1300.0], [2115.25, 24452.0], [2115.5, 45763.0], [2115.75, 1305.0], [2116.0, 1300.0], [2116.25, 1300.0], [2116.75, 1300.0], [2117.25, 1300.0]]}}}
{"jsonrpc": "2.0", "method": "subscription", "params": {"channel": "book.ETH-7MAR25.none.20.100ms", "data": {"timestamp": 1741051686621, "change_id": 60719343160, "instrument_name": "ETH-7MAR25", "bids": [[2109.5, 1650.0], [2109.25, 7893.0], [2109.0, 8933.0], [2108.75, 14962.0], [2108.5, 55894.0], [2108.25, 1700.0], [2108.0, 4807.0], [2107.75, 10355.0], [2107.5, 1700.0], [2107.25, 53052.0], [2107.0, 1700.0], [2106.5, 1700.0], [2106.25, 17018.0], [2105.75, 1700.0], [2105.5, 1700.0], [2104.75, 1700.0], [2104.5, 1700.0], [2104.0, 1700.0], [2103.25, 10.0], [2103.0, 1700.0]], "asks": [[2110.25, 11000.0], [2110.5, 1700.0], [2110.75, 2927.0], [2111.0, 1700.0], [2111.5, 1700.0], [2112.0, 10093.0], [2112.75, 1700.0], [2113.0, 1700.0], [2113.25, 49780.0], [2113.5, 1700.0], [2113.75, 1700.0], [2114.5, 1700.0], [2115.25, 1700.0], [2115.5, 87945.0], [2115.75, 91710.0], [2116.0, 52092.0], [2116.5, 1700.0], [2116.75, 1700.0], [2117.0, 1700.0], [2117.25, 1700.0]]}}}
{"jsonrpc": "2.0", "method": "subscription", "params": {"channel": "book.ETH-14MAR25.none.20.100ms", "data": {"timestamp": 1741051686950, "change_id": 60719344412, "instrument_name": "ETH-14MAR25", "bids": [[2111.75, 2004.0], [2111.5, 862.0], [2111.25, 6508.0], [2111.0, 12162.0], [2110.75, 6460.0], [2110.5, 14581.0], [2110.25, 10169.0], [2110.0, 6188.0], [2109.75, 16724.0], [2109.5, 1300.0], [2109.25, 304.0], [2109.0, 1604.0], [2108.75, 1604.0], [2108.5, 1604.0], [2108.25, 1604.0], [2108.0, 1604.0], [2107.75, 1300.0], [2107.25, 5.0], [2106.75, 1300.0], [2106.5, 1300.0]], "asks": [[2112.5, 5560.0], [2112.75, 6792.0], [2113.0, 14200.0], [2113.25, 4982.0], [2113.5, 3304.0], [2113.75, 7960.0], [2114.0, 16661.0], [2114.25, 1300.0], [2114.75, 1300.0], [2115.0, 1300.0], [2115.25, 33151.0], [2115.5, 45763.0], [2115.75, 1305.0], [2116.0, 1300.0], [2116.25, 1300.0], [2116.75, 1300.0], [2117.25, 1300.0], [2117.5, 1300.0], [2117.75, 91300.0], [2118.0, 500.0]]}}}
{"jsonrpc": "2.0", "method": "subscription", "params": {"channel": "book.ETH-7MAR25.none.20.100ms", "data": {"timestamp": 1741051686954, "change_id": 60719344417, "instrument_name": "ETH-7MAR25", "bids": [[2109.75, 6006.0], [2109.5, 3350.0], [2109.25, 18848.0], [2109.0, 56068.0], [2108.75, 12206.0], [2108.5, 2206.0], [2108.25, 2206.0], [2108.0, 19821.0], [2107.75, 62203.0], [2107.5, 2206.0], [2107.25, 2216.0], [2107.0, 1700.0], [2106.5, 1700.0], [2106.25, 17018.0], [2105.75, 1700.0], [2105.5, 1700.0], [2104.75, 1700.0], [2104.5, 1700.0], [2104.0, 1700.0], [2103.25, 10.0]], "asks": [[2110.25, 11000.0], [2110.75, 3433.0], [2111.0, 1700.0], [2111.25, 506.0], [2111.5, 1700.0], [2111.75, 506.0], [2112.0, 1700.0], [2112.75, 10374.0], [2113.0, 1700.0], [2113.25, 49780.0], [2113.5, 1700.0], [2113.75, 1700.0], [2114.5, 1700.0], [2115.25, 1700.0], [2115.5, 87945.0], [2115.75, 91710.0], [2116.0, 52092.0], [2116.5, 1700.0], [2116.75, 1700.0], [2117.0, 1700.0]]}}}
{"jsonrpc": "2.0", "method": "subscription", "params": {"channel": "book.ETH-14MAR25.none.20.100ms", "data": {"timestamp": 1741051687268, "change_id": 60719345286, "instrument_name": "ETH-14MAR25", "bids": [[2111.5, 10678.0], [2111.25, 304.0], [2111.0, 1858.0], [2110.75, 6156.0], [2110.5, 14581.0], [2110.25, 9865.0], [2110.0, 5884.0], [2109.75, 16420.0], [2109.5, 1300.0], [2109.0, 1300.0], [2108.75, 1604.0], [2108.5, 1300.0], [2108.25, 1604.0], [2108.0, 1300.0], [2107.75, 1300.0], [2107.25, 505.0], [2106.5, 1300.0], [2106.25, 1300.0], [2106.0, 90000.0], [2105.75, 1300.0]], "asks": [[2112.0, 1700.0], [2112.25, 2004.0], [2112.5, 5924.0], [2112.75, 3558.0], [2113.0, 13120.0], [2113.25, 4304.0], [2113.5, 3862.0], [2113.75, 7960.0], [2114.0, 16661.0], [2114.75, 1604.0], [2115.0, 9860.0], [2115.25, 38181.0], [2115.5, 45763.0], [2115.75, 1609.0], [2116.0, 1604.0], [2116.25, 1300.0], [2116.75, 1300.0], [2117.25, 1300.0], [2117.5, 1300.0], [2117.75, 91300.0]]}}}
{"jsonrpc": "2.0", "method": "subscription", "params": {"channel": "book.ETH-7MAR25.none.20.100ms", "data": {"timestamp": 1741051687289, "change_id": 60719345345, "instrument_name": "ETH-7MAR25", "bids": [[2109.5, 3800.0], [2109.25, 5500.0], [2109.0, 62621.0], [2108.75, 1700.0], [2108.5, 1700.0], [2108.25, 1700.0], [2108.0, 1700.0], [2107.75, 61697.0], [2107.5, 1700.0], [2107.25, 1710.0], [2107.0, 1700.0], [2106.5, 6299.0], [2106.25, 17018.0], [2105.5, 1700.0], [2104.75, 1700.0], [2104.5, 1700.0], [2104.0, 1700.0], [2103.25, 10.0], [2103.0, 1700.0], [2102.5, 91700.0]], "asks": [[2110.25, 1000.0], [2110.5, 4700.0], [2110.75, 10000.0], [2111.0, 1700.0], [2111.25, 2927.0], [2111.5, 1700.0], [2111.75, 506.0], [2112.0, 1700.0], [2112.5, 2543.0], [2112.75, 10374.0], [2113.0, 1700.0], [2113.25, 49780.0], [2113.5, 1700.0], [2113.75, 1700.0], [2115.25, 1700.0], [2115.5, 87945.0], [2115.75, 91710.0], [2116.0, 52092.0], [2116.5, 1700.0], [2116.75, 1700.0]]}}}
{"jsonrpc": "2.0", "method": "subscription", "params": {"channel": "book.ETH-14MAR25.none.20.100ms", "data": {"timestamp": 1741051687514, "change_id": 60719345815, "instrument_name": "ETH-14MAR25", "bids": [[2111.5, 3472.0], [2111.25, 11604.0], [2111.0, 2130.0], [2110.75, 6156.0], [2110.5, 14581.0], [2110.25, 10169.0], [2110.0, 5884.0], [2109.75, 16724.0], [2109.5, 1300.0], [2109.25, 304.0], [2109.0, 1604.0], [2108.75, 1604.0], [2108.5, 1604.0], [2108.25, 1604.0], [2108.0, 1604.0], [2107.75, 1300.0], [2107.25, 505.0], [2106.5, 1300.0], [2106.25, 1300.0], [2106.0, 90000.0]], "asks": [[2112.0, 1700.0], [2112.25, 3439.0], [2112.5, 9716.0], [2112.75, 13866.0], [2113.0, 4320.0], [2113.25, 4862.0], [2113.5, 3862.0], [2113.75, 7960.0], [2114.0, 16661.0], [2114.5, 304.0], [2114.75, 4129.0], [2115.0, 16854.0], [2115.25, 38181.0], [2115.5, 46067.0], [2115.75, 1609.0], [2116.0, 1604.0], [2116.25, 1300.0], [2116.75, 1300.0], [2117.25, 1300.0], [2117.5, 1300.0]]}}}
{"jsonrpc": "2.0", "method": "subscription", "params": {"channel": "book.ETH-7MAR25.none.20.100ms", "data": {"timestamp": 1741051687579, "change_id": 60719346012, "instrument_name": "ETH-7MAR25", "bids": [[2109.75, 4306.0], [2109.5, 5500.0], [2109.25, 5500.0], [2109.0, 62621.0], [2108.75, 1700.0], [2108.5, 1700.0], [2108.25, 1700.0], [2108.0, 1700.0], [2107.75, 61697.0], [2107.5, 1700.0], [2107.25, 1710.0], [2107.0, 1700.0], [2106.5, 6299.0], [2106.25, 17018.0], [2105.5, 1700.0], [2104.75, 1700.0], [2104.5, 1700.0], [2104.0, 1700.0], [2103.25, 10.0], [2103.0, 1700.0]], "asks": [[2110.25, 1000.0], [2110.5, 10506.0], [2111.0, 1700.0], [2111.25, 2927.0], [2111.5, 1700.0], [2111.75, 506.0], [2112.0, 1700.0], [2112.5, 2543.0], [2112.75, 10374.0], [2113.0, 1700.0], [2113.25, 49780.0], [2113.5, 1700.0], [2113.75, 1700.0], [2115.25, 1700.0], [2115.5, 87945.0], [2115.75, 91710.0], [2116.0, 52092.0], [2116.5, 1700.0], [2116.75, 1700.0], [2117.0, 1700.0]]}}}
{"jsonrpc": "2.0", "method": "subscription", "params": {"channel": "book.ETH-14MAR25.none.20.100ms", "data": {"timestamp": 1741051687938, "change_id": 60719346791, "instrument_name": "ETH-14MAR25", "bids": [[2111.5, 3082.0], [2111.25, 10304.0], [2111.0, 2130.0], [2110.75, 6156.0], [2110.5, 14581.0], [2110.25, 10169.0], [2110.0, 5884.0], [2109.75, 16724.0], [2109.5, 1300.0], [2109.25, 304.0], [2109.0, 1604.0], [2108.75, 1604.0], [2108.5, 1604.0], [2108.25, 1604.0], [2108.0, 1604.0], [2107.75, 1300.0], [2107.25, 505.0], [2106.5, 1300.0], [2106.25, 1300.0], [2106.0, 90000.0]], "asks": [[2112.0, 2210.0], [2112.25, 4739.0], [2112.5, 9716.0], [2112.75, 13986.0], [2113.0, 4200.0], [2113.25, 4862.0], [2113.5, 3862.0], [2113.75, 7960.0], [2114.0, 16661.0], [2114.5, 304.0], [2114.75, 4129.0], [2115.0, 16854.0], [2115.25, 38181.0], [2115.5, 46067.0], [2115.75, 1609.0], [2116.0, 1604.0], [2116.25, 1300.0], [2116.75, 1300.0], [2117.25, 1300.0], [2117.5, 1300.0]]}}}
{"jsonrpc": "2.0", "method": "subscription", "params": {"channel": "book.ETH-7MAR25.none.20.100ms", "data": {"timestamp": 1741051687951, "change_id": 60719346794, "instrument_name": "ETH-7MAR25", "bids": [[2109.75, 506.0], [2109.5, 3800.0], [2109.25, 5500.0], [2109.0, 62621.0], [2108.75, 1700.0], [2108.5, 1700.0], [2108.25, 1700.0], [2108.0, 1700.0], [2107.75, 61697.0], [2107.5, 1700.0], [2107.25, 1710.0], [2107.0, 1700.0], [2106.5, 1700.0], [2106.25, 17018.0], [2105.5, 1700.0], [2104.75, 1700.0], [2104.5, 1700.0], [2104.0, 1700.0], [2103.25, 10.0], [2103.0, 1700.0]], "asks": [[2110.25, 11000.0], [2111.0, 1700.0], [2111.25, 2927.0], [2111.5, 1700.0], [2112.0, 1700.0], [2112.75, 10374.0], [2113.0, 1700.0], [2113.25, 49780.0], [2113.5, 1700.0], [2113.75, 1700.0], [2115.25, 1700.0], [2115.5, 87945.0], [2115.75, 91710.0], [2116.0, 52092.0], [2116.5, 1700.0], [2116.75, 1700.0], [2117.0, 1700.0], [2117.25, 1700.0], [2117.5, 78827.0], [2117.75, 1700.0]]}}}
{"jsonrpc": "2.0", "method": "subscription", "params": {"channel": "book.ETH-14MAR25.none.20.100ms", "data": {"timestamp": 1741051688277, "change_id": 60719347750, "instrument_name": "ETH-14MAR25", "bids": [[2111.0, 16420.0], [2110.75, 13000.0], [2110.5, 11659.0], [2110.25, 9865.0], [2110.0, 1300.0], [2109.75, 16420.0], [2109.5, 1300.0], [2109.0, 1300.0], [2108.75, 1300.0], [2108.5, 1300.0], [2108.25, 31300.0], [2108.0, 1300.0], [2107.75, 1300.0], [2107.25, 505.0], [2107.0, 1300.0], [2106.5, 1300.0], [2106.25, 1300.0], [2106.0, 90000.0], [2105.75, 1300.0], [2105.5, 1300.0]], "asks": [[2112.0, 1700.0], [2112.25, 13000.0], [2112.5, 6044.0], [2112.75, 3000.0], [2113.0, 3000.0], [2113.25, 4000.0], [2113.5, 3000.0], [2113.75, 3000.0], [2114.0, 16661.0], [2114.75, 1300.0], [2115.0, 9556.0], [2115.25, 24452.0], [2115.5, 45763.0], [2115.75, 1305.0], [2116.0, 1300.0], [2116.25, 1300.0], [2116.75, 1300.0], [2117.25, 1300.0], [2117.5, 1300.0], [2117.75, 91300.0]]}}}
{"jsonrpc": "2.0", "method": "subscription", "params": {"channel": "book.ETH-7MAR25.none.20.100ms", "data": {"timestamp": 1741051688243, "change_id": 60719347723, "instrument_name": "ETH-7MAR25", "bids": [[2109.5, 5387.0], [2109.25, 7965.0], [2109.0, 8933.0], [2108.75, 2206.0], [2108.5, 55894.0], [2108.25, 1700.0], [2108.0, 1700.0], [2107.75, 10355.0], [2107.5, 1700.0], [2107.25, 53052.0], [2107.0, 1700.0], [2106.5, 1700.0], [2106.25, 18718.0], [2105.5, 31700.0], [2104.75, 1700.0], [2104.5, 1700.0], [2104.0, 1700.0], [2103.25, 10.0], [2103.0, 1700.0], [2102.5, 91700.0]], "asks": [[2110.0, 13800.0], [2110.25, 1506.0], [2110.5, 2927.0], [2110.75, 506.0], [2111.0, 1700.0], [2111.5, 1700.0], [2112.0, 10101.0], [2112.75, 1700.0], [2113.0, 1700.0], [2113.25, 49780.0], [2113.5, 1700.0], [2113.75, 1700.0], [2115.25, 1700.0], [2115.5, 87945.0], [2115.75, 91710.0], [2116.0, 52092.0], [2116.5, 1700.0], [2116.75, 1700.0], [2117.0, 1700.0], [2117.25, 1700.0]]}}}
{"jsonrpc": "2.0", "method": "subscription", "params": {"channel": "book.ETH-14MAR25.none.20.100ms", "data": {"timestamp": 1741051688535, "change_id": 60719348027, "instrument_name": "ETH-14MAR25", "bids": [[2111.25, 1820.0], [2111.0, 10000.0], [2110.75, 3000.0], [2110.5, 11659.0], [2110.25, 9865.0], [2110.0, 1300.0], [2109.75, 16420.0], [2109.5, 1300.0], [2109.0, 1300.0], [2108.75, 1300.0], [2108.5, 1300.0], [2108.25, 31300.0], [2108.0, 1300.0], [2107.75, 1300.0], [2107.25, 505.0], [2107.0, 1300.0], [2106.5, 1300.0], [2106.25, 1300.0], [2106.0, 90000.0], [2105.75, 1300.0]], "asks": [[2112.0, 1700.0], [2112.25, 3000.0], [2112.5, 16044.0], [2112.75, 3000.0], [2113.0, 3000.0], [2113.25, 4000.0], [2113.5, 3000.0], [2113.75, 3000.0], [2114.0, 16661.0], [2114.75, 1300.0], [2115.0, 9556.0], [2115.25, 24452.0], [2115.5, 45763.0], [2115.75, 1305.0], [2116.0, 1300.0], [2116.25, 1300.0], [2116.75, 1300.0], [2117.25, 1300.0], [2117.5, 1300.0], [2117.75, 91300.0]]}}}
{"jsonrpc": "2.0", "method": "subscription", "params": {"channel": "book.ETH-7MAR25.none.20.100ms", "data": {"timestamp": 1741051688487, "change_id": 60719347996, "instrument_name": "ETH-7MAR25", "bids": [[2109.5, 5387.0], [2109.25, 7965.0], [2109.0, 8933.0], [2108.75, 2206.0], [2108.5, 55894.0], [2108.25, 1700.0], [2108.0, 1700.0], [2107.75, 10355.0], [2107.5, 1700.0], [2107.25, 53052.0], [2107.0, 1700.0], [2106.5, 1700.0], [2106.25, 18718.0], [2105.5, 31700.0], [2104.75, 1700.0], [2104.5, 1700.0], [2104.0, 1700.0], [2103.25, 10.0], [2103.0, 1700.0], [2102.5, 91700.0]], "asks": [[2110.0, 13800.0], [2110.25, 3515.0], [2110.5, 2927.0], [2110.75, 506.0], [2111.0, 1700.0], [2111.5, 1700.0], [2112.0, 10101.0], [2112.75, 1700.0], [2113.0, 1700.0], [2113.25, 49780.0], [2113.5, 1700.0], [2113.75, 1700.0], [2115.25, 1700.0], [2115.5, 87945.0], [2115.75, 91710.0], [2116.0, 52092.0], [2116.5, 1700.0], [2116.75, 1700.0], [2117.0, 1700.0], [2117.25, 1700.0]]}}}
{"jsonrpc": "2.0", "method": "subscription", "params": {"channel": "book.ETH-14MAR25.none.20.100ms", "data": {"timestamp": 1741051688876, "change_id": 60719348501, "instrument_name": "ETH-14MAR25", "bids": [[2111.25, 120.0], [2111.0, 10900.0], [2110.75, 6498.0], [2110.5, 14619.0], [2110.25, 10169.0], [2110.0, 6226.0], [2109.75, 16724.0], [2109.5, 1300.0], [2109.25, 304.0], [2109.0, 1604.0], [2108.75, 1604.0], [2108.5, 10690.0], [2108.25, 31604.0], [2108.0, 1604.0], [2107.75, 1300.0], [2107.25, 809.0], [2107.0, 1300.0], [2106.75, 304.0], [2106.5, 1604.0], [2106.25, 1300.0]], "asks": [[2111.75, 2536.0], [2112.0, 3900.0], [2112.25, 7813.0], [2112.5, 16944.0], [2112.75, 3900.0], [2113.0, 4200.0], [2113.25, 4900.0], [2113.5, 3900.0], [2113.75, 7998.0], [2114.0, 16661.0], [2114.5, 304.0], [2114.75, 4167.0], [2115.0, 16892.0], [2115.25, 38181.0], [2115.5, 46067.0], [2115.75, 1609.0], [2116.0, 1604.0], [2116.25, 1300.0], [2116.75, 1300.0], [2117.25, 1300.0]]}}}
{"jsonrpc": "2.0", "method": "subscription", "params": {"channel": "book.ETH-7MAR25.none.20.100ms", "data": {"timestamp": 1741051688882, "change_id": 60719348511, "instrument_name": "ETH-7MAR25", "bids": [[2109.25, 6265.0], [2109.0, 8933.0], [2108.75, 18405.0], [2108.5, 55894.0], [2108.25, 1700.0], [2108.0, 1700.0], [2107.75, 10355.0], [2107.5, 17616.0], [2107.25, 53052.0], [2107.0, 1700.0], [2106.5, 1700.0], [2106.25, 18718.0], [2105.75, 11210.0], [2105.5, 31700.0], [2104.75, 1700.0], [2104.5, 1700.0], [2104.0, 1700.0], [2103.25, 10.0], [2103.0, 1700.0], [2102.5, 91700.0]], "asks": [[2110.0, 14610.0], [2110.25, 3515.0], [2110.5, 2927.0], [2110.75, 506.0], [2111.0, 1700.0], [2111.25, 506.0], [2111.5, 1700.0], [2112.0, 10101.0], [2112.5, 506.0], [2112.75, 1700.0], [2113.0, 1700.0], [2113.25, 49780.0], [2113.5, 1700.0], [2113.75, 1700.0], [2115.25, 1700.0], [2115.5, 87945.0], [2115.75, 91710.0], [2116.0, 52092.0], [2116.5, 1700.0], [2116.75, 1700.0]]}}}
{"jsonrpc": "2.0", "method": "subscription", "params": {"channel": "book.ETH-14MAR25.none.20.100ms", "data": {"timestamp": 1741051689266, "change_id": 60719349237, "instrument_name": "ETH-14MAR25", "bids": [[2111.25, 120.0], [2111.0, 10304.0], [2110.75, 5198.0], [2110.5, 14619.0], [2110.25, 10169.0], [2110.0, 6226.0], [2109.75, 16724.0], [2109.5, 1300.0], [2109.25, 304.0], [2109.0, 1604.0], [2108.75, 1604.0], [2108.5, 10690.0], [2108.25, 31604.0], [2108.0, 1604.0], [2107.75, 1300.0], [2107.25, 809.0], [2107.0, 1300.0], [2106.75, 304.0], [2106.5, 1604.0], [2106.25, 1300.0]], "asks": [[2111.75, 2536.0], [2112.0, 3900.0], [2112.25, 7813.0], [2112.5, 16944.0], [2112.75, 3900.0], [2113.0, 4200.0], [2113.25, 4900.0], [2113.5, 3900.0], [2113.75, 7998.0], [2114.0, 16661.0], [2114.5, 304.0], [2114.75, 4167.0], [2115.0, 16892.0], [2115.25, 38181.0], [2115.5, 46067.0], [2115.75, 1609.0], [2116.0, 1604.0], [2116.25, 1300.0], [2116.75, 1300.0], [2117.25, 1300.0]]}}}
{"jsonrpc": "2.0", "method": "subscription", "params": {"channel": "book.ETH-7MAR25.none.20.100ms", "data": {"timestamp": 1741051689091, "change_id": 60719348903, "instrument_name": "ETH-7MAR25", "bids": [[2109.25, 6265.0], [2109.0, 8933.0], [2108.75, 18468.0], [2108.5, 55894.0], [2108.25, 1700.0], [2108.0, 1700.0], [2107.75, 10355.0], [2107.5, 1700.0], [2107.25, 53052.0], [2107.0, 1700.0], [2106.5, 1700.0], [2106.25, 18718.0], [2105.75, 10704.0], [2105.5, 31700.0], [2104.75, 1700.0], [2104.5, 1700.0], [2104.0, 1700.0], [2103.25, 10.0], [2103.0, 1700.0], [2102.5, 91700.0]], "asks": [[2110.0, 13800.0], [2110.25, 3539.0], [2110.5, 2927.0], [2111.0, 1700.0], [2111.5, 1700.0], [2111.75, 3800.0], [2112.0, 10101.0], [2112.75, 1700.0], [2113.0, 1700.0], [2113.25, 49780.0], [2113.5, 1700.0], [2113.75, 1700.0], [2115.25, 1700.0], [2115.5, 87945.0], [2115.75, 91710.0], [2116.0, 52092.0], [2116.5, 1700.0], [2116.75, 1700.0], [2117.0, 1700.0], [2117.25, 1700.0]]}}}
{"jsonrpc": "2.0", "method": "subscription", "params": {"channel": "book.ETH-14MAR25.none.20.100ms", "data": {"timestamp": 1741051689552, "change_id": 60719349490, "instrument_name": "ETH-14MAR25", "bids": [[2111.25, 120.0], [2111.0, 10862.0], [2110.75, 6498.0], [2110.5, 14619.0], [2110.25, 10169.0], [2110.0, 6226.0], [2109.75, 16724.0], [2109.5, 1300.0], [2109.25, 304.0], [2109.0, 1604.0], [2108.75, 1604.0], [2108.5, 10690.0], [2108.25, 31604.0], [2108.0, 1604.0], [2107.75, 1300.0], [2107.25, 809.0], [2107.0, 1300.0], [2106.75, 304.0], [2106.5, 1604.0], [2106.25, 1300.0]], "asks": [[2111.75, 2210.0], [2112.0, 2600.0], [2112.25, 7813.0], [2112.5, 16944.0], [2112.75, 3900.0], [2113.0, 4200.0], [2113.25, 4900.0], [2113.5, 3900.0], [2113.75, 7998.0], [2114.0, 16661.0], [2114.5, 304.0], [2114.75, 4167.0], [2115.0, 16892.0], [2115.25, 38181.0], [2115.5, 46067.0], [2115.75, 1609.0], [2116.0, 1300.0], [2116.75, 1300.0], [2117.25, 1300.0], [2117.5, 1300.0]]}}}
{"jsonrpc": "2.0", "method": "subscription", "params": {"channel": "book.ETH-14MAR25.none.20.100ms", "data": {"timestamp": 1741051689827, "change_id": 60719350419, "instrument_name": "ETH-14MAR25", "bids": [[2111.5, 5208.0], [2111.25, 12162.0], [2111.0, 3862.0], [2110.75, 6498.0], [2110.5, 14581.0], [2110.25, 10169.0], [2110.0, 6226.0], [2109.75, 16724.0], [2109.5, 1300.0], [2109.25, 304.0], [2109.0, 1604.0], [2108.75, 1604.0], [2108.5, 1604.0], [2108.25, 1599.0], [2108.0, 1604.0], [2107.75, 1300.0], [2107.25, 809.0], [2107.0, 1300.0], [2106.5, 1300.0], [2106.25, 1300.0]], "asks": [[2112.0, 1700.0], [2112.25, 3171.0], [2112.5, 6750.0], [2112.75, 6267.0], [2113.0, 14050.0], [2113.25, 4826.0], [2113.5, 3900.0], [2113.75, 7998.0], [2114.0, 16661.0], [2114.5, 304.0], [2114.75, 3966.0], [2115.0, 16441.0], [2115.25, 37877.0], [2115.5, 46067.0], [2115.75, 1609.0], [2116.0, 1300.0], [2116.75, 1300.0], [2117.25, 1300.0], [2117.5, 1300.0], [2117.75, 91300.0]]}}}
{"jsonrpc": "2.0", "method": "subscription", "params": {"channel": "book.ETH-7MAR25.none.20.100ms", "data": {"timestamp": 1741051689933, "change_id": 60719350425, "instrument_name": "ETH-7MAR25", "bids": [[2109.75, 5315.0], [2109.5, 6640.0], [2109.25, 10720.0], [2109.0, 18933.0], [2108.75, 18468.0], [2108.5, 45894.0], [2108.25, 506.0], [2108.0, 1700.0], [2107.75, 10355.0], [2107.5, 1700.0], [2107.25, 53052.0], [2107.0, 1700.0], [2106.5, 7315.0], [2106.25, 18718.0], [2105.75, 10704.0], [2105.5, 1700.0], [2104.75, 1700.0], [2104.5, 1700.0], [2104.0, 1700.0], [2103.25, 10.0]], "asks": [[2110.25, 1000.0], [2110.5, 10000.0], [2110.75, 2927.0], [2111.5, 1700.0], [2111.75, 8530.0], [2112.0, 10101.0], [2112.75, 1700.0], [2113.0, 16634.0], [2113.25, 49780.0], [2113.5, 1700.0], [2113.75, 1700.0], [2115.25, 28084.0], [2115.5, 87945.0], [2115.75, 91710.0], [2116.0, 52092.0], [2116.5, 1700.0], [2116.75, 1700.0], [2117.0, 1700.0], [2117.25, 1700.0], [2117.5, 78827.0]]}}}
{"jsonrpc": "2.0", "method": "subscription", "params": {"channel": "book.ETH-14MAR25.none.20.100ms", "data": {"timestamp": 1741051690251, "change_id": 60719351396, "instrument_name": "ETH-14MAR25", "bids": [[2112.0, 2184.0], [2111.75, 5081.0], [2111.5, 12004.0], [2111.25, 2200.0], [2111.0, 13359.0], [2110.75, 3000.0], [2110.5, 19038.0], [2110.25, 9865.0], [2110.0, 1300.0], [2109.75, 1300.0], [2109.5, 1300.0], [2109.0, 1300.0], [2108.75, 1300.0], [2108.5, 1604.0], [2108.25, 1300.0], [2108.0, 1300.0], [2107.75, 1300.0], [2107.25, 505.0], [2107.0, 1300.0], [2106.5, 1300.0]], "asks": [[2112.5, 2210.0], [2112.75, 6513.0], [2113.0, 16670.0], [2113.25, 3000.0], [2113.5, 3000.0], [2113.75, 3000.0], [2114.0, 16661.0], [2114.25, 1000.0], [2114.75, 1300.0], [2115.0, 1300.0], [2115.25, 37877.0], [2115.5, 45763.0], [2115.75, 1305.0], [2116.0, 1300.0], [2116.75, 1300.0], [2117.25, 1300.0], [2117.5, 1300.0], [2117.75, 91300.0], [2118.0, 500.0], [2118.25, 1300.0]]}}}
{"jsonrpc": "2.0", "method": "subscription", "params": {"channel": "book.ETH-7MAR25.none.20.100ms", "data": {"timestamp": 1741051690221, "change_id": 60719351291, "instrument_name": "ETH-7MAR25", "bids": [[2110.0, 13788.0], [2109.75, 5500.0], [2109.5, 8427.0], [2109.25, 15500.0], [2109.0, 42565.0], [2108.75, 8829.0], [2108.5, 1700.0], [2108.0, 1700.0], [2107.75, 10355.0], [2107.5, 53042.0], [2107.25, 1710.0], [2107.0, 1700.0], [2106.5, 1700.0], [2106.25, 18718.0], [2105.75, 1700.0], [2105.5, 1700.0], [2104.75, 1700.0], [2104.5, 1700.0], [2104.0, 1700.0], [2103.25, 10.0]], "asks": [[2110.5, 10000.0], [2111.0, 1700.0], [2111.25, 1000.0], [2111.5, 4627.0], [2111.75, 5500.0], [2112.0, 1700.0], [2112.75, 1700.0], [2113.0, 1700.0], [2113.25, 49780.0], [2113.5, 1700.0], [2113.75, 1700.0], [2115.25, 87945.0], [2115.5, 1700.0], [2115.75, 91710.0], [2116.0, 52092.0], [2116.5, 1700.0], [2116.75, 1700.0], [2117.0, 1700.0], [2117.25, 1700.0], [2117.5, 78827.0]]}}}
{"jsonrpc": "2.0", "method": "subscription", "params": {"channel": "book.ETH-14MAR25.none.20.100ms", "data": {"timestamp": 1741051690581, "change_id": 60719352011, "instrument_name": "ETH-14MAR25", "bids": [[2111.75, 120.0], [2111.5, 12004.0], [2111.25, 5195.0], [2111.0, 13359.0], [2110.75, 3000.0], [2110.5, 16420.0], [2110.25, 1300.0], [2110.0, 1300.0], [2109.75, 1300.0], [2109.5, 1300.0], [2109.0, 1300.0], [2108.75, 1300.0], [2108.5, 1604.0], [2108.25, 1300.0], [2108.0, 1300.0], [2107.75, 1300.0], [2107.25, 505.0], [2107.0, 1300.0], [2106.5, 1300.0], [2106.25, 1300.0]], "asks": [[2112.25, 2004.0], [2112.5, 2536.0], [2112.75, 7813.0], [2113.0, 16670.0], [2113.25, 3000.0], [2113.5, 3000.0], [2113.75, 3000.0], [2114.0, 16661.0], [2114.25, 1000.0], [2114.75, 9904.0], [2115.0, 1300.0], [2115.25, 37877.0], [2115.5, 45763.0], [2115.75, 1305.0], [2116.0, 1300.0], [2116.75, 1300.0], [2117.25, 1300.0], [2117.5, 1300.0], [2117.75, 91300.0], [2118.0, 500.0]]}}}
{"jsonrpc": "2.0", "method": "subscription", "params": {"channel": "book.ETH-7MAR25.none.20.100ms", "data": {"timestamp": 1741051690581, "change_id": 60719352010, "instrument_name": "ETH-7MAR25", "bids": [[2110.25, 1.0], [2109.75, 3800.0], [2109.5, 8427.0], [2109.25, 15500.0], [2109.0, 42565.0], [2108.75, 8829.0], [2108.5, 1700.0], [2108.0, 1700.0], [2107.75, 1700.0], [2107.5, 53042.0], [2107.25, 1710.0], [2107.0, 1700.0], [2106.5, 1700.0], [2106.25, 18718.0], [2105.75, 1700.0], [2105.5, 1700.0], [2104.75, 1700.0], [2104.5, 1700.0], [2104.0, 1700.0], [2103.25, 10.0]], "asks": [[2110.5, 10000.0], [2111.0, 1700.0], [2111.25, 1000.0], [2111.5, 4627.0], [2111.75, 5500.0], [2112.0, 1700.0], [2112.25, 8211.0], [2112.75, 1700.0], [2113.0, 1700.0], [2113.25, 49780.0], [2113.5, 1700.0], [2113.75, 1700.0], [2115.25, 87945.0], [2115.5, 1700.0], [2115.75, 91710.0], [2116.0, 52092.0], [2116.5, 1700.0], [2116.75, 1700.0], [2117.0, 1700.0], [2117.25, 1700.0]]}}}
{"jsonrpc": "2.0", "method": "subscription", "params": {"channel": "book.ETH-14MAR25.none.20.100ms", "data": {"timestamp": 1741051690895, "change_id": 60719353080, "instrument_name": "ETH-14MAR25", "bids": [[2111.75, 2562.0], [2111.5, 6388.0], [2111.25, 14859.0], [2111.0, 5924.0], [2110.75, 3000.0], [2110.5, 9695.0], [2110.25, 8735.0], [2110.0, 1300.0], [2109.75, 16420.0], [2109.5, 1300.0], [2109.0, 1300.0], [2108.75, 1300.0], [2108.5, 1300.0], [2108.25, 1300.0], [2108.0, 1300.0], [2107.75, 1300.0], [2107.25, 505.0], [2107.0, 1300.0], [2106.5, 1300.0], [2106.25, 1300.0]], "asks": [[2112.5, 8486.0], [2112.75, 12004.0], [2113.0, 3120.0], [2113.25, 3000.0], [2113.5, 3000.0], [2113.75, 3000.0], [2114.0, 16661.0], [2114.75, 9904.0], [2115.0, 1300.0], [2115.25, 24452.0], [2115.5, 45763.0], [2115.75, 1305.0], [2116.0, 1300.0], [2116.75, 1300.0], [2117.25, 1300.0], [2117.5, 1300.0], [2117.75, 91300.0], [2118.0, 500.0], [2118.25, 1300.0], [2118.5, 46733.0]]}}}
{"jsonrpc": "2.0", "method": "subscription", "params": {"channel": "book.ETH-7MAR25.none.20.100ms", "data": {"timestamp": 1741051690909, "change_id": 60719352994, "instrument_name": "ETH-7MAR25", "bids": [[2110.25, 1.0], [2110.0, 1140.0], [2109.75, 7886.0], [2109.5, 10077.0], [2109.25, 18270.0], [2109.0, 48214.0], [2108.75, 19335.0], [2108.5, 2206.0], [2108.25, 4670.0], [2108.0, 10617.0], [2107.75, 17613.0], [2107.5, 53548.0], [2107.25, 2216.0], [2107.0, 1700.0], [2106.75, 506.0], [2106.5, 7315.0], [2106.25, 18718.0], [2105.75, 1700.0], [2105.5, 1700.0], [2104.75, 1700.0]], "asks": [[2110.5, 10000.0], [2110.75, 1325.0], [2111.0, 4927.0], [2111.25, 1506.0], [2111.5, 3350.0], [2111.75, 6006.0], [2112.0, 4163.0], [2112.25, 8211.0], [2112.5, 506.0], [2112.75, 2206.0], [2113.0, 16634.0], [2113.25, 50286.0], [2113.5, 2206.0], [2113.75, 1700.0], [2115.0, 26384.0], [2115.25, 88451.0], [2115.5, 1700.0], [2115.75, 91710.0], [2116.0, 52092.0], [2116.5, 1700.0]]}}}
{"jsonrpc": "2.0", "method": "subscription", "params": {"channel": "book.ETH-14MAR25.none.20.100ms", "data": {"timestamp": 1741051691250, "change_id": 60719354127, "instrument_name": "ETH-14MAR25", "bids": [[2112.0, 12720.0], [2111.75, 4739.0], [2111.5, 9401.0], [2111.25, 11589.0], [2111.0, 10435.0], [2110.75, 3000.0], [2110.5, 16420.0], [2110.25, 1300.0], [2110.0, 1300.0], [2109.75, 1300.0], [2109.5, 1300.0], [2109.0, 1300.0], [2108.75, 1300.0], [2108.5, 1300.0], [2108.25, 1300.0], [2108.0, 1300.0], [2107.75, 1300.0], [2107.25, 505.0], [2107.0, 1300.0], [2106.5, 1300.0]], "asks": [[2113.0, 6087.0], [2113.25, 14624.0], [2113.5, 3120.0], [2113.75, 3000.0], [2114.0, 1300.0], [2114.75, 1300.0], [2115.0, 1300.0], [2115.25, 24452.0], [2115.5, 9542.0], [2115.75, 1305.0], [2116.0, 1300.0], [2116.75, 45763.0], [2117.25, 1300.0], [2117.5, 16661.0], [2117.75, 91300.0], [2118.0, 500.0], [2118.25, 1300.0], [2118.5, 46733.0], [2118.75, 1300.0], [2119.0, 1300.0]]}}}
{"jsonrpc": "2.0", "method": "subscription", "params": {"channel": "book.ETH-7MAR25.none.20.100ms", "data": {"timestamp": 1741051691235, "change_id": 60719354094, "instrument_name": "ETH-7MAR25", "bids": [[2110.25, 3801.0], [2110.0, 1700.0], [2109.75, 5500.0], [2109.5, 15500.0], [2109.25, 49694.0], [2109.0, 1700.0], [2108.75, 10203.0], [2108.5, 1700.0], [2108.25, 1700.0], [2108.0, 53042.0], [2107.75, 1700.0], [2107.5, 1700.0], [2107.25, 1710.0], [2107.0, 1700.0], [2106.5, 1700.0], [2106.25, 18718.0], [2105.75, 1700.0], [2105.5, 1700.0], [2104.75, 1700.0], [2104.5, 1700.0]], "asks": [[2111.0, 10000.0], [2111.25, 1000.0], [2111.5, 1700.0], [2111.75, 8427.0], [2112.0, 1700.0], [2112.75, 1700.0], [2113.0, 10034.0], [2113.25, 49780.0], [2113.5, 1700.0], [2113.75, 1700.0], [2115.25, 1700.0], [2115.5, 1700.0], [2115.75, 177955.0], [2116.0, 52092.0], [2116.5, 1700.0], [2116.75, 1700.0], [2117.0, 1700.0], [2117.25, 1700.0], [2117.5, 78827.0], [2117.75, 1700.0]]}}}
{"jsonrpc": "2.0", "method": "subscription", "params": {"channel": "book.ETH-14MAR25.none.20.100ms", "data": {"timestamp": 1741051691581, "change_id": 60719354888, "instrument_name": "ETH-14MAR25", "bids": [[2112.25, 304.0], [2112.0, 5223.0], [2111.75, 13982.0], [2111.5, 6173.0], [2111.25, 11893.0], [2111.0, 13359.0], [2110.75, 3304.0], [2110.5, 16420.0], [2110.0, 1300.0], [2109.75, 1300.0], [2109.5, 1300.0], [2109.0, 1300.0], [2108.75, 1300.0], [2108.5, 1300.0], [2108.25, 1300.0], [2108.0, 1300.0], [2107.75, 1300.0], [2107.25, 505.0], [2107.0, 1300.0], [2106.5, 1300.0]], "asks": [[2112.75, 2004.0], [2113.0, 6477.0], [2113.25, 16860.0], [2113.5, 4424.0], [2113.75, 3000.0], [2114.75, 1300.0], [2115.0, 1300.0], [2115.25, 24452.0], [2115.5, 9542.0], [2115.75, 1305.0], [2116.0, 1300.0], [2116.75, 45763.0], [2117.25, 1300.0], [2117.5, 16661.0], [2117.75, 91300.0], [2118.0, 500.0], [2118.25, 1300.0], [2118.5, 46733.0], [2118.75, 1300.0], [2119.0, 1300.0]]}}}
{"jsonrpc": "2.0", "method": "subscription", "params": {"channel": "book.ETH-7MAR25.none.20.100ms", "data": {"timestamp": 1741051691551, "change_id": 60719354861, "instrument_name": "ETH-7MAR25", "bids": [[2110.25, 507.0], [2110.0, 3350.0], [2109.75, 6006.0], [2109.5, 18427.0], [2109.25, 49694.0], [2109.0, 1700.0], [2108.75, 10203.0], [2108.5, 1700.0], [2108.25, 1700.0], [2108.0, 53042.0], [2107.75, 1700.0], [2107.5, 1700.0], [2107.25, 1710.0], [2107.0, 1700.0], [2106.5, 1700.0], [2106.25, 18718.0], [2105.75, 1700.0], [2105.5, 1700.0], [2104.75, 1700.0], [2104.5, 1700.0]], "asks": [[2111.0, 10000.0], [2111.25, 1506.0], [2111.5, 2206.0], [2111.75, 8427.0], [2112.0, 1700.0], [2112.75, 1700.0], [2113.0, 10034.0], [2113.25, 49780.0], [2113.5, 1700.0], [2113.75, 1700.0], [2115.25, 1700.0], [2115.5, 1700.0], [2115.75, 177955.0], [2116.0, 52092.0], [2116.5, 1700.0], [2116.75, 1700.0], [2117.0, 1700.0], [2117.25, 1700.0], [2117.5, 78827.0], [2117.75, 1700.0]]}}}
{"jsonrpc": "2.0", "method": "subscription", "params": {"channel": "book.ETH-14MAR25.none.20.100ms", "data": {"timestamp": 1741051691832, "change_id": 60719355813, "instrument_name": "ETH-14MAR25", "bids": [[2112.0, 120.0], [2111.5, 13304.0], [2111.25, 5924.0], [2111.0, 10435.0], [2110.75, 7584.0], [2110.5, 24984.0], [2110.0, 1300.0], [2109.75, 1300.0], [2109.5, 1300.0], [2109.0, 1300.0], [2108.75, 1300.0], [2108.5, 1300.0], [2108.25, 1300.0], [2108.0, 1300.0], [2107.75, 1300.0], [2107.25, 505.0], [2107.0, 1300.0], [2106.5, 1300.0], [2106.25, 1300.0], [2106.0, 91300.0]], "asks": [[2112.75, 3000.0], [2113.0, 3000.0], [2113.25, 16676.0], [2113.5, 4000.0], [2113.75, 1300.0], [2114.75, 1300.0], [2115.0, 1300.0], [2115.25, 24452.0], [2115.5, 9542.0], [2115.75, 1305.0], [2116.0, 1300.0], [2116.75, 45763.0], [2117.25, 1300.0], [2117.5, 16661.0], [2117.75, 91300.0], [2118.0, 500.0], [2118.25, 1300.0], [2118.5, 46733.0], [2118.75, 1300.0], [2119.0, 1300.0]]}}}
{"jsonrpc": "2.0", "method": "subscription", "params": {"channel": "book.ETH-7MAR25.none.20.100ms", "data": {"timestamp": 1741051691922, "change_id": 60719355826, "instrument_name": "ETH-7MAR25", "bids": [[2110.25, 1.0], [2109.75, 3800.0], [2109.5, 16727.0], [2109.25, 1700.0], [2109.0, 1700.0], [2108.75, 10203.0], [2108.25, 1700.0], [2108.0, 1700.0], [2107.75, 1700.0], [2107.5, 1700.0], [2107.25, 1710.0], [2107.0, 1700.0], [2106.5, 1700.0], [2106.25, 18718.0], [2105.75, 1700.0], [2105.5, 1700.0], [2104.75, 1700.0], [2104.5, 1700.0], [2104.0, 1700.0], [2103.25, 10.0]], "asks": [[2110.5, 5500.0], [2110.75, 15500.0], [2111.25, 2700.0], [2111.5, 1700.0], [2111.75, 5500.0], [2112.75, 1700.0], [2113.0, 10034.0], [2113.25, 49780.0], [2113.5, 1700.0], [2113.75, 1700.0], [2115.25, 1700.0], [2115.5, 1700.0], [2115.75, 128990.0], [2116.0, 52092.0], [2116.5, 1700.0], [2116.75, 1700.0], [2117.0, 1700.0], [2117.25, 1700.0], [2117.5, 78827.0], [2117.75, 1700.0]]}}}
{"jsonrpc": "2.0", "method": "subscription", "params": {"channel": "book.ETH-14MAR25.none.20.100ms", "data": {"timestamp": 1741051692249, "change_id": 60719356881, "instrument_name": "ETH-14MAR25", "bids": [[2111.5, 120.0], [2111.25, 10304.0], [2111.0, 3000.0], [2110.75, 3000.0], [2110.5, 12788.0], [2110.25, 8735.0], [2110.0, 16420.0], [2109.75, 1300.0], [2109.5, 1300.0], [2109.0, 1300.0], [2108.75, 1300.0], [2108.5, 1300.0], [2108.25, 1300.0], [2108.0, 1300.0], [2107.75, 1300.0], [2107.25, 505.0], [2107.0, 1300.0], [2106.5, 1300.0], [2106.25, 1300.0], [2106.0, 91300.0]], "asks": [[2112.25, 1700.0], [2112.5, 3000.0], [2112.75, 16044.0], [2113.0, 3000.0], [2113.25, 3000.0], [2113.5, 4000.0], [2113.75, 1300.0], [2114.5, 23955.0], [2114.75, 1300.0], [2115.0, 1300.0], [2115.25, 24452.0], [2115.5, 1300.0], [2115.75, 1305.0], [2116.0, 1300.0], [2116.75, 45763.0], [2117.25, 1300.0], [2117.5, 1300.0], [2117.75, 91300.0], [2118.0, 500.0], [2118.25, 1300.0]]}}}
{"jsonrpc": "2.0", "method": "subscription", "params": {"channel": "book.ETH-7MAR25.none.20.100ms", "data": {"timestamp": 1741051692250, "change_id": 60719356882, "instrument_name": "ETH-7MAR25", "bids": [[2110.25, 1.0], [2109.5, 3800.0], [2109.25, 8427.0], [2109.0, 11700.0], [2108.75, 45894.0], [2108.25, 10172.0], [2108.0, 1700.0], [2107.75, 1700.0], [2107.5, 53042.0], [2107.25, 1710.0], [2107.0, 1700.0], [2106.5, 1700.0], [2106.25, 18718.0], [2105.75, 1700.0], [2105.5, 1700.0], [2104.75, 1700.0], [2104.5, 1700.0], [2104.0, 1700.0], [2103.25, 10.0], [2103.0, 41700.0]], "asks": [[2110.5, 15500.0], [2110.75, 5500.0], [2111.0, 6727.0], [2111.25, 2700.0], [2111.5, 1700.0], [2111.75, 1700.0], [2112.0, 8310.0], [2112.75, 1700.0], [2113.0, 1700.0], [2113.25, 49780.0], [2113.5, 1700.0], [2113.75, 1700.0], [2115.25, 1700.0], [2115.5, 87945.0], [2115.75, 91710.0], [2116.0, 52092.0], [2116.5, 1700.0], [2116.75, 1700.0], [2117.0, 1700.0], [2117.25, 1700.0]]}}}
{"jsonrpc": "2.0", "method": "subscription", "params": {"channel": "book.ETH-14MAR25.none.20.100ms", "data": {"timestamp": 1741051692576, "change_id": 60719357636, "instrument_name": "ETH-14MAR25", "bids": [[2111.75, 4025.0], [2111.5, 10424.0], [2111.25, 3077.0], [2111.0, 5924.0], [2110.75, 5921.0], [2110.5, 12447.0], [2110.25, 13319.0], [2110.0, 16420.0], [2109.75, 1300.0], [2109.5, 1300.0], [2109.0, 1300.0], [2108.75, 1300.0], [2108.5, 1300.0], [2108.25, 1300.0], [2108.0, 1300.0], [2107.75, 1300.0], [2107.25, 505.0], [2107.0, 1300.0], [2106.5, 1300.0], [2106.25, 1300.0]], "asks": [[2112.25, 2210.0], [2112.5, 3049.0], [2112.75, 5924.0], [2113.0, 3000.0], [2113.25, 13120.0], [2113.5, 4000.0], [2113.75, 1300.0], [2114.5, 15361.0], [2114.75, 1300.0], [2115.0, 1300.0], [2115.25, 32784.0], [2115.5, 1300.0], [2115.75, 1305.0], [2116.0, 1300.0], [2116.75, 45763.0], [2117.25, 1300.0], [2117.5, 1300.0], [2117.75, 91300.0], [2118.0, 500.0], [2118.25, 1300.0]]}}}
{"jsonrpc": "2.0", "method": "subscription", "params": {"channel": "book.ETH-7MAR25.none.20.100ms", "data": {"timestamp": 1741051692564, "change_id": 60719357608, "instrument_name": "ETH-7MAR25", "bids": [[2110.25, 1.0], [2110.0, 506.0], [2109.75, 3287.0], [2109.5, 10965.0], [2109.25, 18933.0], [2109.0, 15405.0], [2108.75, 45894.0], [2108.25, 10172.0], [2108.0, 1700.0], [2107.75, 17613.0], [2107.5, 53042.0], [2107.25, 1710.0], [2107.0, 1700.0], [2106.5, 1700.0], [2106.25, 18718.0], [2105.75, 1700.0], [2105.5, 1700.0], [2104.75, 1700.0], [2104.5, 1700.0], [2104.0, 1700.0]], "asks": [[2110.5, 13800.0], [2110.75, 5818.0], [2111.0, 7537.0], [2111.25, 2700.0], [2111.5, 1700.0], [2111.75, 1700.0], [2112.75, 10149.0], [2113.0, 1700.0], [2113.25, 49780.0], [2113.5, 1700.0], [2113.75, 1700.0], [2115.25, 1700.0], [2115.5, 87945.0], [2115.75, 91710.0], [2116.0, 52092.0], [2116.5, 1700.0], [2116.75, 1700.0], [2117.0, 1700.0], [2117.25, 1700.0], [2117.5, 78827.0]]}}}
{"jsonrpc": "2.0", "method": "subscription", "params": {"channel": "book.ETH-14MAR25.none.20.100ms", "data": {"timestamp": 1741051692889, "change_id": 60719358560, "instrument_name": "ETH-14MAR25", "bids": [[2111.5, 12124.0], [2111.25, 2773.0], [2111.0, 6228.0], [2110.75, 3304.0], [2110.5, 9864.0], [2110.25, 8735.0], [2110.0, 16724.0], [2109.75, 1300.0], [2109.5, 1300.0], [2109.0, 1604.0], [2108.75, 1300.0], [2108.5, 1300.0], [2108.25, 1604.0], [2108.0, 1300.0], [2107.75, 1300.0], [2107.25, 809.0], [2107.0, 1300.0], [2106.5, 1300.0], [2106.25, 1300.0], [2106.0, 91300.0]], "asks": [[2112.25, 1906.0], [2112.5, 1700.0], [2112.75, 5924.0], [2113.0, 13120.0], [2113.25, 3896.0], [2113.5, 4000.0], [2113.75, 1300.0], [2114.25, 10082.0], [2114.5, 15665.0], [2114.75, 1300.0], [2115.0, 1604.0], [2115.25, 24452.0], [2115.5, 1604.0], [2115.75, 1609.0], [2116.0, 1300.0], [2116.5, 304.0], [2116.75, 45763.0], [2117.25, 1300.0], [2117.5, 1300.0], [2117.75, 91300.0]]}}}
{"jsonrpc": "2.0", "method": "subscription", "params": {"channel": "book.ETH-7MAR25.none.20.100ms", "data": {"timestamp": 1741051692912, "change_id": 60719358602, "instrument_name": "ETH-7MAR25", "bids": [[2110.25, 1.0], [2109.75, 3215.0], [2109.5, 7965.0], [2109.25, 11937.0], [2109.0, 25405.0], [2108.75, 46400.0], [2108.5, 4688.0], [2108.25, 10678.0], [2108.0, 2206.0], [2107.75, 17549.0], [2107.5, 53548.0], [2107.25, 1710.0], [2107.0, 1700.0], [2106.5, 2206.0], [2106.25, 18718.0], [2105.75, 1700.0], [2105.5, 1700.0], [2104.75, 1700.0], [2104.5, 1700.0], [2104.0, 1700.0]], "asks": [[2110.5, 13800.0], [2110.75, 7518.0], [2111.0, 7537.0], [2111.25, 3206.0], [2111.5, 2206.0], [2111.75, 1700.0], [2112.5, 2981.0], [2112.75, 10655.0], [2113.0, 16571.0], [2113.25, 49780.0], [2113.5, 1700.0], [2113.75, 1700.0], [2115.25, 1700.0], [2115.5, 87945.0], [2115.75, 91710.0], [2116.0, 52092.0], [2116.5, 1700.0], [2116.75, 1700.0], [2117.0, 1700.0], [2117.25, 1700.0]]}}}
{"jsonrpc": "2.0", "method": "subscription", "params": {"channel": "book.ETH-14MAR25.none.20.100ms", "data": {"timestamp": 1741051693230, "change_id": 60719359286, "instrument_name": "ETH-14MAR25", "bids": [[2111.75, 2004.0], [2111.5, 12124.0], [2111.25, 2773.0], [2111.0, 6228.0], [2110.75, 3304.0], [2110.5, 9864.0], [2110.25, 8735.0], [2110.0, 16724.0], [2109.75, 1300.0], [2109.5, 1300.0], [2109.0, 1604.0], [2108.75, 31300.0], [2108.5, 1300.0], [2108.25, 1604.0], [2108.0, 1300.0], [2107.75, 1300.0], [2107.25, 809.0], [2107.0, 1300.0], [2106.5, 1300.0], [2106.25, 1300.0]], "asks": [[2112.5, 1700.0], [2112.75, 4624.0], [2113.0, 13120.0], [2113.25, 3896.0], [2113.5, 4000.0], [2113.75, 1300.0], [2114.25, 10082.0], [2114.5, 15665.0], [2114.75, 1300.0], [2115.0, 1604.0], [2115.25, 24452.0], [2115.5, 1604.0], [2115.75, 1609.0], [2116.0, 1300.0], [2116.5, 304.0], [2116.75, 45763.0], [2117.25, 1300.0], [2117.5, 1300.0], [2117.75, 91300.0], [2118.0, 500.0]]}}}
{"jsonrpc": "2.0", "method": "subscription", "params": {"channel": "book.ETH-7MAR25.none.20.100ms", "data": {"timestamp": 1741051693229, "change_id": 60719359278, "instrument_name": "ETH-7MAR25", "bids": [[2110.25, 1.0], [2110.0, 506.0], [2109.75, 3215.0], [2109.5, 7965.0], [2109.25, 18933.0], [2109.0, 15405.0], [2108.75, 46400.0], [2108.5, 4688.0], [2108.25, 10678.0], [2108.0, 2206.0], [2107.75, 17549.0], [2107.5, 53548.0], [2107.25, 2216.0], [2107.0, 1700.0], [2106.75, 506.0], [2106.5, 7252.0], [2106.25, 27718.0], [2106.0, 30000.0], [2105.75, 1700.0], [2105.5, 1700.0]], "asks": [[2110.5, 13800.0], [2110.75, 5818.0], [2111.0, 9237.0], [2111.25, 3206.0], [2111.5, 2206.0], [2111.75, 1700.0], [2112.5, 2981.0], [2112.75, 10655.0], [2113.0, 16571.0], [2113.25, 50286.0], [2113.5, 2206.0], [2113.75, 1700.0], [2115.0, 506.0], [2115.25, 28084.0], [2115.5, 87945.0], [2115.75, 91710.0], [2116.0, 52092.0], [2116.5, 1700.0], [2116.75, 1700.0], [2117.0, 1700.0]]}}}
{"jsonrpc": "2.0", "method": "subscription", "params": {"channel": "book.ETH-14MAR25.none.20.100ms", "data": {"timestamp": 1741051693341, "change_id": 60719359490, "instrument_name": "ETH-14MAR25", "bids": [[2112.0, 2210.0], [2111.75, 5328.0], [2111.5, 12004.0], [2111.25, 2773.0], [2111.0, 6786.0], [2110.75, 5921.0], [2110.5, 12485.0], [2110.25, 13623.0], [2110.0, 16724.0], [2109.75, 1300.0], [2109.5, 1300.0], [2109.0, 1604.0], [2108.75, 1300.0], [2108.5, 1300.0], [2108.25, 1604.0], [2108.0, 1300.0], [2107.75, 1300.0], [2107.25, 809.0], [2107.0, 1300.0], [2106.5, 1300.0]], "asks": [[2112.5, 1700.0], [2112.75, 8560.0], [2113.0, 13982.0], [2113.25, 3896.0], [2113.5, 4000.0], [2113.75, 1300.0], [2114.25, 1604.0], [2114.5, 15665.0], [2114.75, 1300.0], [2115.0, 1604.0], [2115.25, 32872.0], [2115.5, 1604.0], [2115.75, 1609.0], [2116.0, 1300.0], [2116.5, 304.0], [2116.75, 45763.0], [2117.25, 1300.0], [2117.5, 1300.0], [2117.75, 91300.0], [2118.0, 500.0]]}}}
{"jsonrpc": "2.0", "method": "subscription", "params": {"channel": "book.ETH-7MAR25.none.20.100ms", "data": {"timestamp": 1741051693530, "change_id": 60719359728, "instrument_name": "ETH-7MAR25", "bids": [[2110.25, 1.0], [2110.0, 506.0], [2109.75, 3215.0], [2109.5, 10720.0], [2109.25, 18933.0], [2109.0, 15405.0], [2108.75, 46400.0], [2108.5, 4688.0], [2108.25, 10678.0], [2108.0, 2206.0], [2107.75, 17549.0], [2107.5, 53548.0], [2107.25, 2216.0], [2107.0, 1700.0], [2106.75, 506.0], [2106.5, 7252.0], [2106.25, 18718.0], [2105.75, 1700.0], [2105.5, 1700.0], [2104.75, 1700.0]], "asks": [[2110.5, 13800.0], [2110.75, 3800.0], [2111.0, 6310.0], [2111.25, 4025.0], [2111.5, 5133.0], [2111.75, 1700.0], [2112.5, 2981.0], [2112.75, 10655.0], [2113.0, 16571.0], [2113.25, 50286.0], [2113.5, 2206.0], [2113.75, 1700.0], [2115.0, 506.0], [2115.25, 28084.0], [2115.5, 87945.0], [2115.75, 91710.0], [2116.0, 52092.0], [2116.5, 1700.0], [2116.75, 1700.0], [2117.0, 1700.0]]}}}
{"jsonrpc": "2.0", "method": "subscription", "params": {"channel": "book.ETH-14MAR25.none.20.100ms", "data": {"timestamp": 1741051693903, "change_id": 60719360734, "instrument_name": "ETH-14MAR25", "bids": [[2112.25, 242.0], [2112.0, 12353.0], [2111.75, 6417.0], [2111.5, 11621.0], [2111.25, 1300.0], [2111.0, 10435.0], [2110.75, 5617.0], [2110.5, 16420.0], [2110.25, 1604.0], [2110.0, 1300.0], [2109.75, 1300.0], [2109.5, 1300.0], [2109.0, 1300.0], [2108.75, 1300.0], [2108.5, 1300.0], [2108.25, 1300.0], [2108.0, 1300.0], [2107.75, 1300.0], [2107.25, 505.0], [2107.0, 1300.0]], "asks": [[2112.75, 1700.0], [2113.0, 5924.0], [2113.25, 3000.0], [2113.5, 13120.0], [2113.75, 1300.0], [2114.25, 1300.0], [2114.5, 16361.0], [2114.75, 1300.0], [2115.0, 16795.0], [2115.25, 24452.0], [2115.5, 1300.0], [2115.75, 1305.0], [2116.0, 1300.0], [2116.5, 1300.0], [2116.75, 45763.0], [2117.25, 1300.0], [2117.5, 1300.0], [2117.75, 91300.0], [2118.0, 500.0], [2118.25, 1300.0]]}}}
{"jsonrpc": "2.0", "method": "subscription", "params": {"channel": "book.ETH-7MAR25.none.20.100ms", "data": {"timestamp": 1741051693895, "change_id": 60719360726, "instrument_name": "ETH-7MAR25", "bids": [[2110.25, 1.0], [2109.75, 55894.0], [2109.5, 5500.0], [2109.25, 5500.0], [2109.0, 1700.0], [2108.75, 1700.0], [2108.5, 53042.0], [2108.25, 10172.0], [2108.0, 1700.0], [2107.75, 1700.0], [2107.5, 1700.0], [2107.25, 1710.0], [2107.0, 1700.0], [2106.5, 1700.0], [2106.25, 18718.0], [2105.75, 1700.0], [2105.5, 1700.0], [2104.75, 1700.0], [2104.5, 1700.0], [2104.0, 1700.0]], "asks": [[2111.0, 13800.0], [2111.25, 2700.0], [2111.5, 4627.0], [2111.75, 1700.0], [2112.5, 10057.0], [2112.75, 1700.0], [2113.0, 1700.0], [2113.25, 49780.0], [2113.5, 1700.0], [2113.75, 1700.0], [2115.25, 1700.0], [2115.5, 1700.0], [2115.75, 91710.0], [2116.0, 52092.0], [2116.5, 1700.0], [2116.75, 1700.0], [2117.0, 1700.0], [2117.25, 1700.0], [2117.5, 78827.0], [2117.75, 1700.0]]}}}
{"jsonrpc": "2.0", "method": "subscription", "params": {"channel": "book.ETH-14MAR25.none.20.100ms", "data": {"timestamp": 1741051694229, "change_id": 60719361523, "instrument_name": "ETH-14MAR25", "bids": [[2111.75, 120.0], [2111.5, 10000.0], [2111.0, 13359.0], [2110.75, 3000.0], [2110.5, 16420.0], [2110.25, 8239.0], [2110.0, 1300.0], [2109.75, 1300.0], [2109.5, 1300.0], [2109.0, 1300.0], [2108.75, 1300.0], [2108.5, 1300.0], [2108.25, 1300.0], [2108.0, 1300.0], [2107.75, 1300.0], [2107.25, 505.0], [2107.0, 1300.0], [2106.5, 1300.0], [2106.25, 1300.0], [2106.0, 91300.0]], "asks": [[2112.5, 3000.0], [2112.75, 3000.0], [2113.0, 5924.0], [2113.25, 13000.0], [2113.5, 3120.0], [2114.25, 1300.0], [2114.5, 15361.0], [2114.75, 1300.0], [2115.0, 9801.0], [2115.25, 24452.0], [2115.5, 1300.0], [2115.75, 1305.0], [2116.0, 1300.0], [2116.5, 1300.0], [2116.75, 45763.0], [2117.25, 1300.0], [2117.5, 1300.0], [2117.75, 91300.0], [2118.0, 500.0], [2118.25, 1300.0]]}}}
{"jsonrpc": "2.0", "method": "subscription", "params": {"channel": "book.ETH-7MAR25.none.20.100ms", "data": {"timestamp": 1741051694229, "change_id": 60719361527, "instrument_name": "ETH-7MAR25", "bids": [[2110.25, 1.0], [2109.75, 10056.0], [2109.25, 11700.0], [2108.75, 1700.0], [2108.5, 53042.0], [2108.25, 10172.0], [2108.0, 1700.0], [2107.75, 1700.0], [2107.5, 1700.0], [2107.25, 1710.0], [2107.0, 1700.0], [2106.5, 1700.0], [2106.25, 18718.0], [2105.75, 1700.0], [2105.5, 1700.0], [2104.75, 1700.0], [2104.5, 1700.0], [2104.0, 1700.0], [2103.25, 10.0], [2103.0, 41700.0]], "asks": [[2110.5, 5500.0], [2110.75, 15500.0], [2111.0, 3800.0], [2111.25, 2700.0], [2111.5, 4627.0], [2111.75, 1700.0], [2112.25, 3800.0], [2112.5, 10057.0], [2113.0, 1700.0], [2113.25, 49780.0], [2113.5, 1700.0], [2113.75, 1700.0], [2115.25, 1700.0], [2115.5, 1700.0], [2115.75, 91710.0], [2116.0, 52092.0], [2116.5, 1700.0], [2116.75, 1700.0], [2117.0, 1700.0], [2117.25, 1700.0]]}}}
{"jsonrpc": "2.0", "method": "subscription", "params": {"channel": "book.ETH-14MAR25.none.20.100ms", "data": {"timestamp": 1741051694558, "change_id": 60719362391, "instrument_name": "ETH-14MAR25", "bids": [[2111.75, 4700.0], [2111.5, 11300.0], [2111.25, 2855.0], [2111.0, 5924.0], [2110.75, 3000.0], [2110.5, 8735.0], [2110.25, 14123.0], [2110.0, 16724.0], [2109.75, 1604.0], [2109.5, 1300.0], [2109.25, 304.0], [2109.0, 1300.0], [2108.75, 1300.0], [2108.5, 1300.0], [2108.25, 1300.0], [2108.0, 1300.0], [2107.75, 1300.0], [2107.25, 505.0], [2107.0, 1300.0], [2106.5, 1300.0]], "asks": [[2112.5, 1700.0], [2112.75, 1700.0], [2113.0, 3120.0], [2113.25, 3000.0], [2113.5, 3000.0], [2114.25, 1604.0], [2114.5, 15361.0], [2114.75, 1300.0], [2115.0, 9801.0], [2115.25, 24452.0], [2115.5, 1300.0], [2115.75, 1305.0], [2116.0, 1300.0], [2116.5, 1300.0], [2116.75, 45763.0], [2117.25, 1300.0], [2117.5, 1300.0], [2117.75, 91300.0], [2118.0, 500.0], [2118.25, 1300.0]]}}}
{"jsonrpc": "2.0", "method": "subscription", "params": {"channel": "book.ETH-7MAR25.none.20.100ms", "data": {"timestamp": 1741051694559, "change_id": 60719362394, "instrument_name": "ETH-7MAR25", "bids": [[2110.25, 1.0], [2109.5, 819.0], [2109.25, 4627.0], [2109.0, 45894.0], [2108.75, 11700.0], [2108.5, 1700.0], [2108.25, 10172.0], [2108.0, 1700.0], [2107.75, 53042.0], [2107.5, 1700.0], [2107.25, 1710.0], [2107.0, 1700.0], [2106.5, 1700.0], [2106.25, 18718.0], [2105.75, 1700.0], [2105.5, 1700.0], [2104.75, 1700.0], [2104.5, 1700.0], [2104.0, 1700.0], [2103.25, 10.0]], "asks": [[2110.75, 37280.0], [2111.0, 3699.0], [2111.25, 3206.0], [2111.5, 1700.0], [2111.75, 1700.0], [2112.0, 48965.0], [2112.5, 10057.0], [2113.0, 1700.0], [2113.25, 49780.0], [2113.5, 1700.0], [2113.75, 1700.0], [2115.25, 1700.0], [2115.5, 1700.0], [2115.75, 91710.0], [2116.0, 52092.0], [2116.5, 1700.0], [2116.75, 1700.0], [2117.0, 1700.0], [2117.25, 1700.0], [2117.5, 78827.0]]}}}
{"jsonrpc": "2.0", "method": "subscription", "params": {"channel": "book.ETH-14MAR25.none.20.100ms", "data": {"timestamp": 1741051694836, "change_id": 60719363197, "instrument_name": "ETH-14MAR25", "bids": [[2112.25, 1700.0], [2112.0, 13120.0], [2111.75, 3000.0], [2111.5, 1300.0], [2111.25, 3000.0], [2111.0, 21671.0], [2110.75, 3000.0], [2110.5, 16420.0], [2110.25, 1300.0], [2110.0, 1300.0], [2109.75, 1300.0], [2109.5, 1300.0], [2109.0, 1300.0], [2108.75, 1300.0], [2108.5, 1300.0], [2108.25, 1300.0], [2108.0, 1300.0], [2107.75, 1300.0], [2107.25, 505.0], [2107.0, 1300.0]], "asks": [[2113.0, 4624.0], [2113.25, 11700.0], [2113.5, 1420.0], [2114.25, 3000.0], [2114.5, 16661.0], [2114.75, 1300.0], [2115.0, 9801.0], [2115.25, 24452.0], [2115.5, 1300.0], [2115.75, 1305.0], [2116.0, 1300.0], [2116.5, 1300.0], [2116.75, 45763.0], [2117.25, 1300.0], [2117.5, 1300.0], [2117.75, 91300.0], [2118.0, 500.0], [2118.25, 1300.0], [2118.5, 46733.0], [2118.75, 1300.0]]}}}
{"jsonrpc": "2.0", "method": "subscription", "params": {"channel": "book.ETH-7MAR25.none.20.100ms", "data": {"timestamp": 1741051694815, "change_id": 60719363063, "instrument_name": "ETH-7MAR25", "bids": [[2110.5, 506.0], [2110.25, 1701.0], [2109.75, 17822.0], [2109.5, 54194.0], [2109.25, 1700.0], [2109.0, 1700.0], [2108.75, 1700.0], [2108.5, 1700.0], [2108.25, 61514.0], [2108.0, 1700.0], [2107.75, 1700.0], [2107.5, 1700.0], [2107.25, 1710.0], [2107.0, 1700.0], [2106.5, 1700.0], [2106.25, 18718.0], [2105.75, 1700.0], [2105.5, 1700.0], [2104.75, 1700.0], [2104.5, 1700.0]], "asks": [[2111.0, 10000.0], [2111.25, 2325.0], [2111.5, 5133.0], [2111.75, 1700.0], [2112.5, 10057.0], [2113.0, 1700.0], [2113.25, 49780.0], [2113.5, 1700.0], [2113.75, 1700.0], [2115.25, 1700.0], [2115.5, 1700.0], [2115.75, 177955.0], [2116.0, 52092.0], [2116.5, 1700.0], [2116.75, 1700.0], [2117.0, 1700.0], [2117.25, 1700.0], [2117.5, 78827.0], [2117.75, 1700.0], [2118.0, 221700.0]]}}}
{"jsonrpc": "2.0", "method": "subscription", "params": {"channel": "book.ETH-14MAR25.none.20.100ms", "data": {"timestamp": 1741051695081, "change_id": 60719363666, "instrument_name": "ETH-14MAR25", "bids": [[2112.25, 120.0], [2112.0, 13000.0], [2111.75, 3000.0], [2111.5, 4224.0], [2111.25, 10435.0], [2111.0, 11312.0], [2110.75, 18120.0], [2110.5, 1300.0], [2110.25, 1300.0], [2110.0, 1300.0], [2109.75, 1300.0], [2109.5, 1300.0], [2109.0, 1300.0], [2108.75, 1300.0], [2108.5, 1300.0], [2108.25, 1300.0], [2108.0, 1300.0], [2107.75, 1300.0], [2107.25, 505.0], [2107.0, 1300.0]], "asks": [[2113.0, 1700.0], [2113.25, 3000.0], [2113.5, 14344.0], [2113.75, 1300.0], [2114.25, 3000.0], [2114.5, 16661.0], [2114.75, 1300.0], [2115.0, 9801.0], [2115.25, 24452.0], [2115.5, 1300.0], [2115.75, 1305.0], [2116.0, 1300.0], [2116.5, 1300.0], [2116.75, 45763.0], [2117.25, 1300.0], [2117.5, 1300.0], [2117.75, 91300.0], [2118.0, 500.0], [2118.25, 1300.0], [2118.5, 46733.0]]}}}
{"jsonrpc": "2.0", "method": "subscription", "params": {"channel": "book.ETH-7MAR25.none.20.100ms", "data": {"timestamp": 1741051695182, "change_id": 60719363807, "instrument_name": "ETH-7MAR25", "bids": [[2110.5, 1.0], [2110.25, 5387.0], [2110.0, 9888.0], [2109.75, 14627.0], [2109.5, 44194.0], [2109.25, 1700.0], [2109.0, 10103.0], [2108.75, 1700.0], [2108.5, 1700.0], [2108.25, 53042.0], [2108.0, 1700.0], [2107.75, 1700.0], [2107.5, 1700.0], [2107.25, 1710.0], [2107.0, 1700.0], [2106.5, 1700.0], [2106.25, 18718.0], [2105.75, 1700.0], [2105.5, 1700.0], [2104.75, 1700.0]], "asks": [[2110.75, 3700.0], [2111.0, 13800.0], [2111.25, 4025.0], [2111.5, 4627.0], [2111.75, 1700.0], [2112.5, 10057.0], [2113.0, 1700.0], [2113.25, 49780.0], [2113.5, 1700.0], [2113.75, 1700.0], [2115.25, 1700.0], [2115.5, 1700.0], [2115.75, 177955.0], [2116.0, 52092.0], [2116.5, 1700.0], [2116.75, 1700.0], [2117.0, 1700.0], [2117.25, 1700.0], [2117.5, 78827.0], [2117.75, 1700.0]]}}}
{"jsonrpc": "2.0", "method": "subscription", "params": {"channel": "book.ETH-7MAR25.none.20.100ms", "data": {"timestamp": 1741051695532, "change_id": 60719364447, "instrument_name": "ETH-7MAR25", "bids": [[2110.5, 1.0], [2110.25, 5387.0], [2110.0, 20459.0], [2109.75, 51692.0], [2109.5, 7129.0], [2109.25, 1700.0], [2109.0, 10103.0], [2108.75, 1700.0], [2108.5, 1700.0], [2108.25, 53042.0], [2108.0, 1700.0], [2107.75, 1700.0], [2107.5, 1700.0], [2107.25, 1710.0], [2107.0, 1700.0], [2106.5, 1700.0], [2106.25, 18718.0], [2105.75, 1700.0], [2105.5, 1700.0], [2104.75, 1700.0]], "asks": [[2110.75, 3700.0], [2111.0, 13800.0], [2111.25, 4025.0], [2111.5, 4627.0], [2111.75, 1700.0], [2112.5, 10057.0], [2113.0, 1700.0], [2113.25, 49780.0], [2113.5, 1700.0], [2113.75, 1700.0], [2115.25, 1700.0], [2115.5, 87945.0], [2115.75, 91710.0], [2116.0, 52092.0], [2116.5, 1700.0], [2116.75, 1700.0], [2117.0, 1700.0], [2117.25, 1700.0], [2117.5, 78827.0], [2117.75, 1700.0]]}}}
{"jsonrpc": "2.0", "method": "subscription", "params": {"channel": "book.ETH-14MAR25.none.20.100ms", "data": {"timestamp": 1741051695883, "change_id": 60719365545, "instrument_name": "ETH-14MAR25", "bids": [[2111.75, 120.0], [2111.5, 10000.0], [2111.25, 10435.0], [2111.0, 14236.0], [2110.75, 18120.0], [2110.5, 1300.0], [2110.25, 1300.0], [2110.0, 1300.0], [2109.75, 1300.0], [2109.5, 1300.0], [2109.0, 1300.0], [2108.75, 1300.0], [2108.5, 1300.0], [2108.25, 1300.0], [2108.0, 1300.0], [2107.75, 1300.0], [2107.25, 505.0], [2107.0, 1300.0], [2106.5, 1300.0], [2106.25, 1300.0]], "asks": [[2112.75, 3000.0], [2113.0, 5924.0], [2113.25, 3000.0], [2113.5, 11420.0], [2113.75, 2300.0], [2114.25, 3000.0], [2114.5, 16661.0], [2114.75, 1300.0], [2115.0, 9801.0], [2115.25, 24452.0], [2115.5, 1300.0], [2115.75, 1305.0], [2116.0, 1300.0], [2116.5, 1300.0], [2116.75, 45763.0], [2117.25, 1300.0], [2117.5, 1300.0], [2117.75, 91300.0], [2118.0, 500.0], [2118.25, 1300.0]]}}}
{"jsonrpc": "2.0", "method": "subscription", "params": {"channel": "book.ETH-7MAR25.none.20.100ms", "data": {"timestamp": 1741051695883, "change_id": 60719365541, "instrument_name": "ETH-7MAR25", "bids": [[2110.5, 1.0], [2110.0, 12022.0], [2109.75, 42067.0], [2109.5, 8829.0], [2109.25, 11700.0], [2109.0, 10103.0], [2108.75, 1700.0], [2108.5, 1700.0], [2108.25, 53042.0], [2108.0, 1700.0], [2107.75, 1700.0], [2107.5, 1700.0], [2107.25, 1710.0], [2107.0, 1700.0], [2106.5, 1700.0], [2106.25, 18718.0], [2105.75, 1700.0], [2105.5, 1700.0], [2104.75, 1700.0], [2104.5, 1700.0]], "asks": [[2110.75, 5400.0], [2111.0, 14547.0], [2111.25, 4025.0], [2111.5, 4627.0], [2111.75, 1700.0], [2112.5, 10057.0], [2113.0, 1700.0], [2113.25, 49780.0], [2113.5, 1700.0], [2113.75, 1700.0], [2115.25, 1700.0], [2115.5, 87945.0], [2115.75, 91710.0], [2116.0, 52092.0], [2116.5, 1700.0], [2116.75, 1700.0], [2117.0, 1700.0], [2117.25, 1700.0], [2117.5, 78827.0], [2117.75, 1700.0]]}}}
{"jsonrpc": "2.0", "method": "subscription", "params": {"channel": "book.ETH-14MAR25.none.20.100ms", "data": {"timestamp": 1741051696176, "change_id": 60719366670, "instrument_name": "ETH-14MAR25", "bids": [[2111.25, 1820.0], [2111.0, 12562.0], [2110.75, 3304.0], [2110.5, 1300.0], [2110.25, 17386.0], [2110.0, 1300.0], [2109.75, 16420.0], [2109.5, 1300.0], [2109.0, 1300.0], [2108.75, 1300.0], [2108.5, 1300.0], [2108.25, 1300.0], [2108.0, 1300.0], [2107.75, 1300.0], [2107.25, 505.0], [2107.0, 1300.0], [2106.5, 1300.0], [2106.25, 1300.0], [2106.0, 91300.0], [2105.5, 1300.0]], "asks": [[2112.0, 3000.0], [2112.25, 3000.0], [2112.5, 6044.0], [2112.75, 3000.0], [2113.0, 13000.0], [2113.25, 3000.0], [2113.5, 1300.0], [2113.75, 1300.0], [2114.25, 3000.0], [2114.5, 16661.0], [2114.75, 1300.0], [2115.0, 9801.0], [2115.25, 24452.0], [2115.5, 1300.0], [2115.75, 1305.0], [2116.0, 1300.0], [2116.5, 1300.0], [2116.75, 45763.0], [2117.25, 1300.0], [2117.5, 1300.0]]}}}
{"jsonrpc": "2.0", "method": "subscription", "params": {"channel": "book.ETH-7MAR25.none.20.100ms", "data": {"timestamp": 1741051696212, "change_id": 60719366814, "instrument_name": "ETH-7MAR25", "bids": [[2109.25, 14865.0], [2109.0, 4306.0], [2108.75, 1700.0], [2108.5, 38765.0], [2108.25, 10081.0], [2108.0, 1700.0], [2107.75, 1700.0], [2107.5, 1700.0], [2107.25, 53052.0], [2107.0, 1700.0], [2106.5, 1700.0], [2106.25, 18718.0], [2105.75, 1700.0], [2105.5, 1700.0], [2104.75, 1700.0], [2104.5, 1700.0], [2104.0, 1700.0], [2103.25, 10.0], [2103.0, 1700.0], [2102.5, 91700.0]], "asks": [[2110.0, 5450.0], [2110.25, 5500.0], [2110.5, 6500.0], [2110.75, 15400.0], [2111.25, 1700.0], [2111.5, 50665.0], [2111.75, 1700.0], [2112.5, 10057.0], [2113.0, 1700.0], [2113.25, 49780.0], [2113.5, 1700.0], [2113.75, 1700.0], [2115.25, 1700.0], [2115.5, 1700.0], [2115.75, 91710.0], [2116.0, 52092.0], [2116.5, 1700.0], [2116.75, 1700.0], [2117.0, 1700.0], [2117.25, 1700.0]]}}}
{"jsonrpc": "2.0", "method": "subscription", "params": {"channel": "book.ETH-14MAR25.none.20.100ms", "data": {"timestamp": 1741051696505, "change_id": 60719367565, "instrument_name": "ETH-14MAR25", "bids": [[2111.25, 5246.0], [2111.0, 13982.0], [2110.75, 3304.0], [2110.5, 7355.0], [2110.25, 20310.0], [2110.0, 6188.0], [2109.75, 16420.0], [2109.0, 1300.0], [2108.75, 31300.0], [2108.5, 1300.0], [2108.25, 1300.0], [2108.0, 1300.0], [2107.75, 1300.0], [2107.25, 505.0], [2107.0, 1300.0], [2106.5, 1300.0], [2106.25, 1300.0], [2106.0, 91300.0], [2105.5, 1300.0], [2105.25, 4849.0]], "asks": [[2112.0, 2210.0], [2112.25, 1700.0], [2112.5, 16044.0], [2112.75, 3000.0], [2113.0, 3000.0], [2113.25, 3000.0], [2113.75, 1300.0], [2114.25, 3000.0], [2114.5, 25129.0], [2114.75, 1300.0], [2115.0, 1300.0], [2115.25, 24452.0], [2115.5, 1300.0], [2115.75, 1305.0], [2116.0, 1300.0], [2116.5, 1300.0], [2116.75, 45763.0], [2117.25, 1300.0], [2117.5, 1300.0], [2117.75, 91300.0]]}}}
{"jsonrpc": "2.0", "method": "subscription", "params": {"channel": "book.ETH-7MAR25.none.20.100ms", "data": {"timestamp": 1741051696533, "change_id": 60719367621, "instrument_name": "ETH-7MAR25", "bids": [[2109.5, 4306.0], [2109.25, 5500.0], [2109.0, 5500.0], [2108.75, 4627.0], [2108.5, 55894.0], [2108.25, 10081.0], [2107.75, 1700.0], [2107.5, 1700.0], [2107.25, 53052.0], [2107.0, 1700.0], [2106.5, 1700.0], [2106.25, 18718.0], [2106.0, 30000.0], [2105.75, 1700.0], [2105.5, 1700.0], [2104.75, 1700.0], [2104.5, 1700.0], [2104.0, 1700.0], [2103.25, 10.0], [2103.0, 1700.0]], "asks": [[2110.0, 13800.0], [2110.5, 5627.0], [2110.75, 1700.0], [2111.25, 1700.0], [2111.5, 1700.0], [2111.75, 10307.0], [2112.5, 1700.0], [2113.0, 1700.0], [2113.25, 49780.0], [2113.75, 1700.0], [2115.25, 1700.0], [2115.5, 87945.0], [2115.75, 91710.0], [2116.0, 52092.0], [2116.5, 1700.0], [2116.75, 1700.0], [2117.0, 1700.0], [2117.25, 1700.0], [2117.5, 78827.0], [2117.75, 1700.0]]}}}
{"jsonrpc": "2.0", "method": "subscription", "params": {"channel": "book.ETH-14MAR25.none.20.100ms", "data": {"timestamp": 1741051696862, "change_id": 60719368422, "instrument_name": "ETH-14MAR25", "bids": [[2111.5, 3120.0], [2111.25, 13000.0], [2111.0, 3000.0], [2110.75, 5924.0], [2110.5, 1300.0], [2110.25, 17386.0], [2110.0, 1300.0], [2109.75, 16420.0], [2109.0, 1300.0], [2108.75, 31300.0], [2108.5, 1300.0], [2108.25, 1300.0], [2108.0, 1300.0], [2107.75, 1300.0], [2107.25, 505.0], [2107.0, 1300.0], [2106.5, 1300.0], [2106.25, 1300.0], [2106.0, 91300.0], [2105.5, 1300.0]], "asks": [[2112.5, 4624.0], [2112.75, 3000.0], [2113.0, 13120.0], [2113.25, 1300.0], [2113.75, 1300.0], [2114.25, 3000.0], [2114.5, 25129.0], [2114.75, 1300.0], [2115.0, 1300.0], [2115.25, 24452.0], [2115.5, 1300.0], [2115.75, 1305.0], [2116.0, 1300.0], [2116.5, 1300.0], [2116.75, 45763.0], [2117.25, 1300.0], [2117.5, 1300.0], [2117.75, 91300.0], [2118.0, 500.0], [2118.25, 1300.0]]}}}
{"jsonrpc": "2.0", "method": "subscription", "params": {"channel": "book.ETH-7MAR25.none.20.100ms", "data": {"timestamp": 1741051696810, "change_id": 60719368333, "instrument_name": "ETH-7MAR25", "bids": [[2109.75, 13788.0], [2109.5, 5500.0], [2109.25, 8427.0], [2109.0, 59694.0], [2108.75, 1700.0], [2108.5, 1700.0], [2108.25, 10081.0], [2107.75, 53042.0], [2107.5, 1700.0], [2107.25, 1710.0], [2107.0, 1700.0], [2106.5, 1700.0], [2106.25, 18718.0], [2106.0, 30000.0], [2105.75, 1700.0], [2105.5, 1700.0], [2104.75, 1700.0], [2104.5, 1700.0], [2104.0, 1700.0], [2103.25, 10.0]], "asks": [[2110.5, 11000.0], [2110.75, 1700.0], [2111.0, 2927.0], [2111.25, 1700.0], [2111.5, 1700.0], [2111.75, 1700.0], [2112.5, 1700.0], [2112.75, 8490.0], [2113.0, 1700.0], [2113.25, 49780.0], [2113.75, 1700.0], [2115.25, 1700.0], [2115.5, 87945.0], [2115.75, 91710.0], [2116.0, 52092.0], [2116.5, 1700.0], [2116.75, 1700.0], [2117.0, 1700.0], [2117.25, 1700.0], [2117.5, 78827.0]]}}}
{"jsonrpc": "2.0", "method": "subscription", "params": {"channel": "book.ETH-14MAR25.none.20.100ms", "data": {"timestamp": 1741051697029, "change_id": 60719368873, "instrument_name": "ETH-14MAR25", "bids": [[2111.75, 120.0], [2111.5, 11700.0], [2111.25, 3000.0], [2111.0, 3000.0], [2110.75, 5924.0], [2110.5, 1300.0], [2110.25, 17386.0], [2110.0, 1300.0], [2109.75, 16420.0], [2109.0, 1300.0], [2108.75, 31300.0], [2108.5, 1300.0], [2108.25, 1300.0], [2108.0, 1300.0], [2107.75, 1300.0], [2107.25, 505.0], [2107.0, 1300.0], [2106.5, 1300.0], [2106.25, 1300.0], [2106.0, 91300.0]], "asks": [[2112.5, 4624.0], [2112.75, 3000.0], [2113.0, 13120.0], [2113.25, 1300.0], [2113.75, 1300.0], [2114.25, 3000.0], [2114.5, 25129.0], [2114.75, 1300.0], [2115.0, 1300.0], [2115.25, 24452.0], [2115.5, 1300.0], [2115.75, 1305.0], [2116.0, 1300.0], [2116.5, 1300.0], [2116.75, 45763.0], [2117.25, 1300.0], [2117.5, 1300.0], [2117.75, 91300.0], [2118.0, 500.0], [2118.25, 1300.0]]}}}
{"jsonrpc": "2.0", "method": "subscription", "params": {"channel": "book.ETH-7MAR25.none.20.100ms", "data": {"timestamp": 1741051697185, "change_id": 60719369202, "instrument_name": "ETH-7MAR25", "bids": [[2109.75, 7087.0], [2109.5, 21286.0], [2109.25, 57271.0], [2109.0, 16006.0], [2108.75, 2206.0], [2108.5, 4724.0], [2108.25, 25484.0], [2108.0, 51848.0], [2107.75, 2206.0], [2107.5, 2206.0], [2107.25, 1710.0], [2107.0, 1700.0], [2106.5, 1700.0], [2106.25, 18718.0], [2106.0, 30000.0], [2105.75, 1700.0], [2105.5, 1700.0], [2104.75, 1700.0], [2104.5, 1700.0], [2104.0, 1700.0]], "asks": [[2110.25, 3800.0], [2110.5, 11000.0], [2110.75, 815.0], [2111.0, 3433.0], [2111.25, 2206.0], [2111.5, 2206.0], [2111.75, 1700.0], [2112.5, 1700.0], [2112.75, 10190.0], [2113.0, 16571.0], [2113.25, 49780.0], [2113.75, 1700.0], [2115.25, 1700.0], [2115.5, 87945.0], [2115.75, 91710.0], [2116.0, 52092.0], [2116.5, 1700.0], [2116.75, 1700.0], [2117.0, 1700.0], [2117.25, 1700.0]]}}}
{"jsonrpc": "2.0", "method": "subscription", "params": {"channel": "book.ETH-14MAR25.none.20.100ms", "data": {"timestamp": 1741051697485, "change_id": 60719369911, "instrument_name": "ETH-14MAR25", "bids": [[2111.75, 3630.0], [2111.5, 13900.0], [2111.25, 8227.0], [2111.0, 20609.0], [2110.75, 10812.0], [2110.5, 16724.0], [2110.25, 1604.0], [2110.0, 1604.0], [2109.75, 1300.0], [2109.25, 304.0], [2109.0, 1300.0], [2108.75, 31300.0], [2108.5, 1300.0], [2108.25, 1300.0], [2108.0, 1300.0], [2107.75, 1300.0], [2107.25, 505.0], [2107.0, 1300.0], [2106.5, 1300.0], [2106.25, 1300.0]], "asks": [[2112.5, 2210.0], [2112.75, 6513.0], [2113.0, 16228.0], [2113.25, 1420.0], [2113.5, 304.0], [2113.75, 1600.0], [2114.0, 1862.0], [2114.25, 10539.0], [2114.5, 25129.0], [2114.75, 1300.0], [2115.0, 1604.0], [2115.25, 24452.0], [2115.5, 1300.0], [2115.75, 1305.0], [2116.0, 1300.0], [2116.5, 1300.0], [2116.75, 45763.0], [2117.25, 1300.0], [2117.5, 1300.0], [2117.75, 91300.0]]}}}
{"jsonrpc": "2.0", "method": "subscription", "params": {"channel": "book.ETH-7MAR25.none.20.100ms", "data": {"timestamp": 1741051697519, "change_id": 60719369937, "instrument_name": "ETH-7MAR25", "bids": [[2110.0, 11575.0], [2109.75, 7087.0], [2109.5, 21286.0], [2109.25, 63127.0], [2109.0, 2206.0], [2108.75, 2206.0], [2108.5, 4724.0], [2108.25, 25484.0], [2108.0, 51848.0], [2107.75, 2206.0], [2107.5, 2206.0], [2107.25, 2216.0], [2107.0, 1700.0], [2106.75, 506.0], [2106.5, 7315.0], [2106.25, 27718.0], [2106.0, 30000.0], [2105.75, 1700.0], [2105.5, 1700.0], [2104.75, 1700.0]], "asks": [[2110.5, 1000.0], [2110.75, 10001.0], [2111.0, 3433.0], [2111.25, 2206.0], [2111.5, 2206.0], [2111.75, 1700.0], [2112.25, 506.0], [2112.5, 4757.0], [2112.75, 10696.0], [2113.0, 16571.0], [2113.25, 49780.0], [2113.5, 506.0], [2113.75, 1700.0], [2115.0, 506.0], [2115.25, 28020.0], [2115.5, 87945.0], [2115.75, 91710.0], [2116.0, 52092.0], [2116.5, 1700.0], [2116.75, 1700.0]]}}}
{"jsonrpc": "2.0", "method": "subscription", "params": {"channel": "book.ETH-14MAR25.none.20.100ms", "data": {"timestamp": 1741051697833, "change_id": 60719370572, "instrument_name": "ETH-14MAR25", "bids": [[2111.75, 12682.0], [2111.5, 3900.0], [2111.25, 8227.0], [2111.0, 20609.0], [2110.75, 10812.0], [2110.5, 16724.0], [2110.25, 1604.0], [2110.0, 1604.0], [2109.75, 1300.0], [2109.25, 304.0], [2109.0, 10690.0], [2108.75, 31604.0], [2108.5, 1604.0], [2108.25, 1604.0], [2108.0, 1604.0], [2107.75, 1300.0], [2107.25, 505.0], [2107.0, 1300.0], [2106.5, 1300.0], [2106.25, 1300.0]], "asks": [[2112.5, 2210.0], [2112.75, 6513.0], [2113.0, 16228.0], [2113.25, 1420.0], [2113.5, 304.0], [2113.75, 1600.0], [2114.0, 1862.0], [2114.25, 7960.0], [2114.5, 16965.0], [2114.75, 1604.0], [2115.0, 8598.0], [2115.25, 32955.0], [2115.5, 1604.0], [2115.75, 1609.0], [2116.0, 1300.0], [2116.25, 304.0], [2116.5, 15029.0], [2116.75, 45763.0], [2117.25, 1300.0], [2117.5, 1300.0]]}}}
{"jsonrpc": "2.0", "method": "subscription", "params": {"channel": "book.ETH-7MAR25.none.20.100ms", "data": {"timestamp": 1741051697712, "change_id": 60719370343, "instrument_name": "ETH-7MAR25", "bids": [[2110.0, 11575.0], [2109.75, 7087.0], [2109.5, 21286.0], [2109.25, 63127.0], [2109.0, 2206.0], [2108.75, 2206.0], [2108.5, 4724.0], [2108.25, 25484.0], [2108.0, 51848.0], [2107.75, 2206.0], [2107.5, 2206.0], [2107.25, 2216.0], [2107.0, 1700.0], [2106.75, 506.0], [2106.5, 7315.0], [2106.25, 27718.0], [2106.0, 30000.0], [2105.75, 1700.0], [2105.5, 1700.0], [2104.75, 1700.0]], "asks": [[2110.5, 1000.0], [2110.75, 10001.0], [2111.0, 3433.0], [2111.25, 2206.0], [2111.5, 2206.0], [2111.75, 1700.0], [2112.25, 506.0], [2112.5, 4757.0], [2112.75, 10696.0], [2113.0, 16571.0], [2113.25, 49780.0], [2113.5, 506.0], [2113.75, 1700.0], [2115.0, 506.0], [2115.25, 28020.0], [2115.5, 87945.0], [2115.75, 91710.0], [2116.0, 52092.0], [2116.5, 1700.0], [2116.75, 1700.0]]}}}
{"jsonrpc": "2.0", "method": "subscription", "params": {"channel": "book.ETH-14MAR25.none.20.100ms", "data": {"timestamp": 1741051698120, "change_id": 60719371450, "instrument_name": "ETH-14MAR25", "bids": [[2111.5, 5608.0], [2111.25, 15081.0], [2111.0, 12212.0], [2110.75, 10812.0], [2110.5, 19292.0], [2110.25, 10004.0], [2110.0, 1604.0], [2109.75, 1300.0], [2109.25, 304.0], [2109.0, 10690.0], [2108.75, 31604.0], [2108.5, 1604.0], [2108.25, 1604.0], [2108.0, 1604.0], [2107.75, 1300.0], [2107.25, 809.0], [2107.0, 1300.0], [2106.5, 1300.0], [2106.25, 1300.0], [2106.0, 91300.0]], "asks": [[2112.25, 3365.0], [2112.5, 8460.0], [2112.75, 13898.0], [2113.0, 3424.0], [2113.25, 1300.0], [2113.5, 304.0], [2113.75, 1600.0], [2114.0, 1809.0], [2114.25, 7656.0], [2114.5, 16960.0], [2114.75, 1604.0], [2115.0, 10966.0], [2115.25, 32950.0], [2115.5, 1600.0], [2115.75, 1609.0], [2116.0, 1300.0], [2116.25, 304.0], [2116.5, 15029.0], [2116.75, 45763.0], [2117.25, 1300.0]]}}}
{"jsonrpc": "2.0", "method": "subscription", "params": {"channel": "book.ETH-7MAR25.none.20.100ms", "data": {"timestamp": 1741051698117, "change_id": 60719371434, "instrument_name": "ETH-7MAR25", "bids": [[2109.75, 1077.0], [2109.5, 19586.0], [2109.25, 49327.0], [2109.0, 5147.0], [2108.75, 12206.0], [2108.5, 4724.0], [2108.25, 25484.0], [2108.0, 51848.0], [2107.75, 2206.0], [2107.5, 2206.0], [2107.25, 2216.0], [2107.0, 1700.0], [2106.75, 506.0], [2106.5, 7315.0], [2106.25, 27718.0], [2106.0, 30000.0], [2105.75, 1700.0], [2105.5, 1700.0], [2104.75, 1700.0], [2104.5, 1700.0]], "asks": [[2110.5, 15306.0], [2110.75, 2579.0], [2111.0, 3433.0], [2111.25, 2206.0], [2111.5, 2206.0], [2111.75, 1700.0], [2112.0, 1140.0], [2112.25, 4306.0], [2112.5, 4757.0], [2112.75, 10696.0], [2113.0, 16571.0], [2113.25, 49780.0], [2113.5, 506.0], [2113.75, 1700.0], [2115.0, 506.0], [2115.25, 28020.0], [2115.5, 87945.0], [2115.75, 91710.0], [2116.0, 52092.0], [2116.5, 1700.0]]}}}
{"jsonrpc": "2.0", "method": "subscription", "params": {"channel": "book.ETH-14MAR25.none.20.100ms", "data": {"timestamp": 1741051698330, "change_id": 60719372049, "instrument_name": "ETH-14MAR25", "bids": [[2111.75, 2246.0], [2111.5, 7827.0], [2111.25, 24463.0], [2111.0, 10739.0], [2110.75, 10812.0], [2110.5, 16420.0], [2110.25, 1300.0], [2110.0, 1300.0], [2109.75, 1300.0], [2109.0, 10690.0], [2108.75, 31300.0], [2108.5, 1300.0], [2108.25, 1300.0], [2108.0, 1300.0], [2107.75, 1300.0], [2107.25, 505.0], [2107.0, 1300.0], [2106.5, 1300.0], [2106.25, 1300.0], [2106.0, 91300.0]], "asks": [[2112.25, 1700.0], [2112.5, 4928.0], [2112.75, 13000.0], [2113.0, 3120.0], [2113.25, 1300.0], [2113.75, 1300.0], [2114.0, 1000.0], [2114.25, 11286.0], [2114.5, 16661.0], [2114.75, 1300.0], [2115.0, 1300.0], [2115.25, 24452.0], [2115.5, 1300.0], [2115.75, 1305.0], [2116.0, 1300.0], [2116.5, 1300.0], [2116.75, 45763.0], [2117.25, 1300.0], [2117.5, 1300.0], [2117.75, 91300.0]]}}}
{"jsonrpc": "2.0", "method": "subscription", "params": {"channel": "book.ETH-7MAR25.none.20.100ms", "data": {"timestamp": 1741051698321, "change_id": 60719372044, "instrument_name": "ETH-7MAR25", "bids": [[2110.0, 4306.0], [2109.75, 1077.0], [2109.5, 19586.0], [2109.25, 52268.0], [2109.0, 12206.0], [2108.75, 2206.0], [2108.5, 4724.0], [2108.25, 25484.0], [2108.0, 51848.0], [2107.75, 2206.0], [2107.5, 2206.0], [2107.25, 2216.0], [2107.0, 1700.0], [2106.75, 506.0], [2106.5, 7315.0], [2106.25, 27718.0], [2106.0, 30000.0], [2105.75, 1700.0], [2105.5, 1700.0], [2104.75, 1700.0]], "asks": [[2110.5, 14800.0], [2110.75, 2579.0], [2111.0, 3433.0], [2111.25, 2206.0], [2111.5, 4628.0], [2111.75, 9970.0], [2112.0, 1140.0], [2112.25, 4306.0], [2112.5, 2206.0], [2112.75, 2206.0], [2113.0, 16571.0], [2113.25, 49780.0], [2113.5, 506.0], [2113.75, 1700.0], [2115.0, 506.0], [2115.25, 28020.0], [2115.5, 87945.0], [2115.75, 91710.0], [2116.0, 52092.0], [2116.5, 1700.0]]}}}
{"jsonrpc": "2.0", "method": "subscription", "params": {"channel": "book.ETH-14MAR25.none.20.100ms", "data": {"timestamp": 1741051698753, "change_id": 60719372973, "instrument_name": "ETH-14MAR25", "bids": [[2111.75, 120.0], [2111.5, 7707.0], [2111.25, 23163.0], [2111.0, 12174.0], [2110.75, 10812.0], [2110.5, 16420.0], [2110.25, 304.0], [2110.0, 1604.0], [2109.75, 1300.0], [2109.25, 304.0], [2109.0, 10690.0], [2108.75, 31604.0], [2108.5, 1604.0], [2108.25, 1604.0], [2108.0, 1604.0], [2107.75, 1300.0], [2107.25, 505.0], [2107.0, 1300.0], [2106.5, 1300.0], [2106.25, 1300.0]], "asks": [[2112.25, 3087.0], [2112.5, 6786.0], [2112.75, 6819.0], [2113.0, 11420.0], [2113.5, 304.0], [2113.75, 1600.0], [2114.0, 4386.0], [2114.25, 16284.0], [2114.5, 16965.0], [2114.75, 1604.0], [2115.0, 8636.0], [2115.25, 24756.0], [2115.5, 1604.0], [2115.75, 1609.0], [2116.0, 1300.0], [2116.25, 304.0], [2116.5, 15029.0], [2116.75, 45763.0], [2117.25, 1300.0], [2117.5, 1300.0]]}}}
{"jsonrpc": "2.0", "method": "subscription", "params": {"channel": "book.ETH-7MAR25.none.20.100ms", "data": {"timestamp": 1741051698761, "change_id": 60719372837, "instrument_name": "ETH-7MAR25", "bids": [[2109.75, 1077.0], [2109.5, 19586.0], [2109.25, 52268.0], [2109.0, 12206.0], [2108.75, 2206.0], [2108.5, 4724.0], [2108.25, 25484.0], [2108.0, 51848.0], [2107.75, 2206.0], [2107.5, 2206.0], [2107.25, 2216.0], [2107.0, 1700.0], [2106.75, 506.0], [2106.5, 7315.0], [2106.25, 27718.0], [2106.0, 30000.0], [2105.5, 1700.0], [2104.75, 1700.0], [2104.5, 1700.0], [2104.0, 1700.0]], "asks": [[2110.5, 15306.0], [2110.75, 2579.0], [2111.0, 3433.0], [2111.25, 2206.0], [2111.5, 4628.0], [2111.75, 9970.0], [2112.0, 1140.0], [2112.25, 4306.0], [2112.5, 2206.0], [2112.75, 2206.0], [2113.0, 16571.0], [2113.25, 49780.0], [2113.5, 506.0], [2113.75, 1700.0], [2115.0, 506.0], [2115.25, 28020.0], [2115.5, 87945.0], [2115.75, 91710.0], [2116.0, 52092.0], [2116.75, 1700.0]]}}}
{"jsonrpc": "2.0", "method": "subscription", "params": {"channel": "book.ETH-14MAR25.none.20.100ms", "data": {"timestamp": 1741051699102, "change_id": 60719373428, "instrument_name": "ETH-14MAR25", "bids": [[2111.5, 1700.0], [2111.25, 14913.0], [2111.0, 12174.0], [2110.75, 10812.0], [2110.5, 18860.0], [2110.25, 8438.0], [2110.0, 1604.0], [2109.75, 1300.0], [2109.25, 304.0], [2109.0, 10690.0], [2108.75, 31604.0], [2108.5, 1604.0], [2108.25, 1604.0], [2108.0, 1604.0], [2107.75, 1300.0], [2107.25, 809.0], [2107.0, 1300.0], [2106.5, 1300.0], [2106.25, 1300.0], [2106.0, 91300.0]], "asks": [[2112.0, 2210.0], [2112.25, 3087.0], [2112.5, 9716.0], [2112.75, 13424.0], [2113.0, 1600.0], [2113.25, 1000.0], [2113.5, 304.0], [2113.75, 1300.0], [2114.0, 3386.0], [2114.25, 16284.0], [2114.5, 16965.0], [2114.75, 1604.0], [2115.0, 8636.0], [2115.25, 24756.0], [2115.5, 1604.0], [2115.75, 1609.0], [2116.0, 1300.0], [2116.25, 304.0], [2116.5, 15029.0], [2116.75, 45763.0]]}}}
{"jsonrpc": "2.0", "method": "subscription", "params": {"channel": "book.ETH-7MAR25.none.20.100ms", "data": {"timestamp": 1741051699187, "change_id": 60719373579, "instrument_name": "ETH-7MAR25", "bids": [[2109.75, 4940.0], [2109.5, 5078.0], [2109.25, 8137.0], [2109.0, 23266.0], [2108.75, 46400.0], [2108.5, 4724.0], [2108.25, 10081.0], [2108.0, 506.0], [2107.75, 17549.0], [2107.5, 53548.0], [2107.25, 2216.0], [2107.0, 1700.0], [2106.75, 506.0], [2106.5, 7315.0], [2106.25, 27212.0], [2106.0, 30000.0], [2105.5, 1700.0], [2104.75, 1700.0], [2104.5, 1700.0], [2104.0, 1700.0]], "asks": [[2110.25, 13800.0], [2110.5, 45367.0], [2110.75, 6379.0], [2111.0, 3433.0], [2111.25, 16836.0], [2111.5, 53593.0], [2111.75, 9970.0], [2112.0, 1140.0], [2112.25, 4306.0], [2112.5, 2206.0], [2112.75, 2206.0], [2113.0, 16571.0], [2113.25, 49780.0], [2113.5, 506.0], [2113.75, 1700.0], [2115.0, 506.0], [2115.25, 2206.0], [2115.5, 1700.0], [2115.75, 91710.0], [2116.0, 52092.0]]}}}
{"jsonrpc": "2.0", "method": "subscription", "params": {"channel": "book.ETH-14MAR25.none.20.100ms", "data": {"timestamp": 1741051699297, "change_id": 60719373921, "instrument_name": "ETH-14MAR25", "bids": [[2111.5, 5366.0], [2111.25, 14793.0], [2111.0, 12174.0], [2110.75, 10812.0], [2110.5, 18860.0], [2110.25, 8438.0], [2110.0, 1604.0], [2109.75, 1300.0], [2109.25, 304.0], [2109.0, 10690.0], [2108.75, 31604.0], [2108.5, 1604.0], [2108.25, 1604.0], [2108.0, 1604.0], [2107.75, 1300.0], [2107.25, 809.0], [2107.0, 1300.0], [2106.5, 1300.0], [2106.25, 1300.0], [2106.0, 91300.0]], "asks": [[2112.25, 3087.0], [2112.5, 8416.0], [2112.75, 13424.0], [2113.0, 1600.0], [2113.25, 1000.0], [2113.5, 304.0], [2113.75, 1300.0], [2114.0, 3386.0], [2114.25, 16284.0], [2114.5, 16965.0], [2114.75, 1604.0], [2115.0, 8636.0], [2115.25, 24756.0], [2115.5, 1604.0], [2115.75, 1609.0], [2116.0, 1300.0], [2116.25, 304.0], [2116.5, 15029.0], [2116.75, 45763.0], [2117.25, 1300.0]]}}}
{"jsonrpc": "2.0", "method": "subscription", "params": {"channel": "book.ETH-7MAR25.none.20.100ms", "data": {"timestamp": 1741051699412, "change_id": 60719374177, "instrument_name": "ETH-7MAR25", "bids": [[2109.75, 4940.0], [2109.5, 5078.0], [2109.25, 8137.0], [2109.0, 22760.0], [2108.75, 46400.0], [2108.5, 4661.0], [2108.25, 10081.0], [2108.0, 358.0], [2107.75, 17043.0], [2107.5, 53548.0], [2107.25, 2216.0], [2107.0, 1700.0], [2106.75, 506.0], [2106.5, 7252.0], [2106.25, 27212.0], [2106.0, 30000.0], [2105.5, 1700.0], [2104.75, 1700.0], [2104.5, 1700.0], [2104.0, 1700.0]], "asks": [[2110.25, 10000.0], [2110.5, 42586.0], [2110.75, 2427.0], [2111.0, 3433.0], [2111.25, 16021.0], [2111.5, 53656.0], [2111.75, 9970.0], [2112.25, 506.0], [2112.5, 2206.0], [2112.75, 2206.0], [2113.0, 16571.0], [2113.25, 49780.0], [2113.75, 1700.0], [2115.25, 1700.0], [2115.5, 1700.0], [2115.75, 91710.0], [2116.0, 52092.0], [2116.75, 1700.0], [2117.0, 1700.0], [2117.25, 1700.0]]}}}
{"jsonrpc": "2.0", "method": "subscription", "params": {"channel": "book.ETH-14MAR25.none.20.100ms", "data": {"timestamp": 1741051699830, "change_id": 60719375122, "instrument_name": "ETH-14MAR25", "bids": [[2111.75, 5648.0], [2111.5, 13862.0], [2111.25, 6093.0], [2111.0, 12174.0], [2110.75, 10812.0], [2110.5, 18860.0], [2110.25, 8438.0], [2110.0, 1604.0], [2109.75, 1300.0], [2109.25, 304.0], [2109.0, 10690.0], [2108.75, 31604.0], [2108.5, 1604.0], [2108.25, 1604.0], [2108.0, 1604.0], [2107.75, 1300.0], [2107.25, 809.0], [2107.0, 1300.0], [2106.5, 1300.0], [2106.25, 1300.0]], "asks": [[2112.5, 5562.0], [2112.75, 14229.0], [2113.0, 4528.0], [2113.25, 1120.0], [2113.5, 304.0], [2113.75, 1300.0], [2114.0, 900.0], [2114.25, 9808.0], [2114.5, 25037.0], [2114.75, 1604.0], [2115.0, 8544.0], [2115.25, 24751.0], [2115.5, 1600.0], [2115.75, 1609.0], [2116.0, 1300.0], [2116.25, 304.0], [2116.5, 15029.0], [2116.75, 45763.0], [2117.25, 1300.0], [2117.5, 1300.0]]}}}
{"jsonrpc": "2.0", "method": "subscription", "params": {"channel": "book.ETH-7MAR25.none.20.100ms", "data": {"timestamp": 1741051699771, "change_id": 60719374961, "instrument_name": "ETH-7MAR25", "bids": [[2110.0, 5450.0], [2109.75, 6640.0], [2109.5, 9728.0], [2109.25, 18137.0], [2109.0, 45894.0], [2108.75, 1700.0], [2108.5, 4661.0], [2108.25, 10081.0], [2108.0, 358.0], [2107.75, 53042.0], [2107.5, 1700.0], [2107.25, 2216.0], [2107.0, 1700.0], [2106.5, 7252.0], [2106.25, 27212.0], [2106.0, 30000.0], [2105.5, 1700.0], [2104.75, 1700.0], [2104.5, 1700.0], [2104.0, 1700.0]], "asks": [[2110.5, 1000.0], [2110.75, 48598.0], [2111.0, 5133.0], [2111.25, 1700.0], [2111.5, 50665.0], [2111.75, 1700.0], [2112.0, 8061.0], [2112.5, 1700.0], [2112.75, 1700.0], [2113.0, 16065.0], [2113.25, 49780.0], [2113.75, 1700.0], [2115.0, 506.0], [2115.25, 1700.0], [2115.5, 1700.0], [2115.75, 91710.0], [2116.0, 52092.0], [2116.75, 1700.0], [2117.0, 1700.0], [2117.25, 1700.0]]}}}
{"jsonrpc": "2.0", "method": "subscription", "params": {"channel": "book.ETH-7MAR25.none.20.100ms", "data": {"timestamp": 1741051700179, "change_id": 60719375487, "instrument_name": "ETH-7MAR25", "bids": [[2110.0, 5450.0], [2109.75, 6640.0], [2109.5, 9728.0], [2109.25, 18137.0], [2109.0, 45894.0], [2108.75, 1700.0], [2108.5, 4661.0], [2108.25, 10081.0], [2108.0, 358.0], [2107.75, 53042.0], [2107.5, 1700.0], [2107.25, 2216.0], [2107.0, 1700.0], [2106.5, 7252.0], [2106.25, 27212.0], [2106.0, 30000.0], [2105.5, 1700.0], [2104.75, 1700.0], [2104.5, 1700.0], [2104.0, 1700.0]], "asks": [[2110.5, 4800.0], [2110.75, 47852.0], [2111.0, 5133.0], [2111.25, 1700.0], [2111.5, 50665.0], [2111.75, 1700.0], [2112.0, 8061.0], [2112.5, 1700.0], [2112.75, 1700.0], [2113.0, 16065.0], [2113.25, 49780.0], [2113.75, 1700.0], [2115.0, 506.0], [2115.25, 1700.0], [2115.5, 1700.0], [2115.75, 91710.0], [2116.0, 52092.0], [2116.75, 1700.0], [2117.0, 1700.0], [2117.25, 1700.0]]}}}
{"jsonrpc": "2.0", "method": "subscription", "params": {"channel": "book.ETH-14MAR25.none.20.100ms", "data": {"timestamp": 1741051700493, "change_id": 60719376968, "instrument_name": "ETH-14MAR25", "bids": [[2112.5, 1700.0], [2112.25, 3120.0], [2112.0, 13000.0], [2111.75, 3000.0], [2111.5, 3000.0], [2111.25, 21746.0], [2111.0, 3000.0], [2110.75, 18120.0], [2110.5, 1300.0], [2110.0, 1300.0], [2109.75, 1300.0], [2109.0, 1300.0], [2108.75, 1300.0], [2108.5, 1300.0], [2108.25, 1300.0], [2108.0, 1300.0], [2107.75, 1300.0], [2107.25, 505.0], [2107.0, 1300.0], [2106.5, 1300.0]], "asks": [[2113.5, 3000.0], [2113.75, 1420.0], [2114.0, 1300.0], [2114.25, 4000.0], [2114.5, 16661.0], [2114.75, 1300.0], [2115.0, 1300.0], [2115.25, 1300.0], [2115.5, 9722.0], [2115.75, 1305.0], [2116.0, 1300.0], [2116.5, 1300.0], [2116.75, 68915.0], [2117.25, 1300.0], [2117.5, 1300.0], [2117.75, 91300.0], [2118.0, 500.0], [2118.25, 1300.0], [2118.5, 46733.0], [2118.75, 1300.0]]}}}
{"jsonrpc": "2.0", "method": "subscription", "params": {"channel": "book.ETH-7MAR25.none.20.100ms", "data": {"timestamp": 1741051700508, "change_id": 60719376993, "instrument_name": "ETH-7MAR25", "bids": [[2110.5, 5500.0], [2110.25, 16834.0], [2110.0, 7965.0], [2109.75, 24133.0], [2109.5, 23135.0], [2109.25, 1700.0], [2109.0, 2058.0], [2108.75, 1700.0], [2108.5, 4724.0], [2108.25, 61423.0], [2108.0, 2206.0], [2107.75, 1700.0], [2107.5, 2061.0], [2107.25, 2216.0], [2107.0, 1700.0], [2106.75, 506.0], [2106.5, 4704.0], [2106.25, 18718.0], [2105.5, 1700.0], [2104.75, 1700.0]], "asks": [[2110.75, 1.0], [2111.25, 10000.0], [2111.5, 1000.0], [2111.75, 4627.0], [2112.0, 1700.0], [2112.5, 51171.0], [2112.75, 2206.0], [2113.0, 24727.0], [2113.25, 49780.0], [2113.75, 1700.0], [2115.25, 1700.0], [2115.5, 1700.0], [2115.75, 91710.0], [2116.0, 52092.0], [2116.75, 1700.0], [2117.0, 1700.0], [2117.25, 1700.0], [2117.5, 78827.0], [2117.75, 1700.0], [2118.0, 41700.0]]}}}
{"jsonrpc": "2.0", "method": "subscription", "params": {"channel": "book.ETH-14MAR25.none.20.100ms", "data": {"timestamp": 1741051700826, "change_id": 60719378509, "instrument_name": "ETH-14MAR25", "bids": [[2113.25, 5288.0], [2113.0, 18936.0], [2112.75, 4020.0], [2112.5, 9371.0], [2112.25, 22135.0], [2112.0, 8328.0], [2111.75, 18982.0], [2111.5, 3304.0], [2111.25, 1604.0], [2111.0, 1604.0], [2110.75, 1300.0], [2110.5, 1300.0], [2110.0, 1300.0], [2109.75, 1300.0], [2109.0, 1300.0], [2108.75, 1300.0], [2108.5, 1300.0], [2108.25, 1300.0], [2108.0, 1300.0], [2107.75, 1300.0]], "asks": [[2114.0, 3322.0], [2114.25, 6048.0], [2114.5, 1604.0], [2114.75, 1604.0], [2115.0, 1300.0], [2115.25, 1300.0], [2115.5, 1604.0], [2115.75, 1305.0], [2116.0, 1300.0], [2116.25, 1700.0], [2116.5, 1300.0], [2116.75, 24452.0], [2117.25, 1300.0], [2117.5, 16661.0], [2117.75, 91300.0], [2118.0, 44463.0], [2118.25, 1300.0], [2118.5, 46733.0], [2118.75, 1300.0], [2119.0, 1300.0]]}}}
{"jsonrpc": "2.0", "method": "subscription", "params": {"channel": "book.ETH-7MAR25.none.20.100ms", "data": {"timestamp": 1741051700817, "change_id": 60719378446, "instrument_name": "ETH-7MAR25", "bids": [[2110.5, 30484.0], [2110.25, 8933.0], [2110.0, 10150.0], [2109.75, 16006.0], [2109.5, 8483.0], [2109.25, 9944.0], [2109.0, 2206.0], [2108.75, 1700.0], [2108.5, 1700.0], [2108.25, 1700.0], [2108.0, 1700.0], [2107.75, 1700.0], [2107.5, 1700.0], [2107.25, 1710.0], [2107.0, 1700.0], [2106.5, 1700.0], [2106.25, 18718.0], [2105.5, 1700.0], [2104.75, 1700.0], [2104.5, 1700.0]], "asks": [[2110.75, 1.0], [2111.5, 1000.0], [2112.5, 2206.0], [2112.75, 4627.0], [2113.0, 1700.0], [2113.25, 1700.0], [2113.75, 1700.0], [2114.5, 49780.0], [2115.25, 1700.0], [2115.5, 1700.0], [2115.75, 177955.0], [2116.0, 52092.0], [2116.75, 1700.0], [2117.0, 1700.0], [2117.25, 1700.0], [2117.5, 78827.0], [2117.75, 1700.0], [2118.0, 41700.0], [2118.25, 1700.0], [2119.25, 1700.0]]}}}
{"jsonrpc": "2.0", "method": "subscription", "params": {"channel": "book.ETH-14MAR25.none.20.100ms", "data": {"timestamp": 1741051701128, "change_id": 60719379970, "instrument_name": "ETH-14MAR25", "bids": [[2113.75, 304.0], [2113.5, 14772.0], [2113.25, 1300.0], [2113.0, 3304.0], [2112.75, 13359.0], [2112.5, 3000.0], [2112.25, 26355.0], [2112.0, 3000.0], [2111.75, 3000.0], [2111.5, 3000.0], [2111.25, 1300.0], [2111.0, 1300.0], [2110.5, 1300.0], [2110.0, 1300.0], [2109.75, 1300.0], [2109.0, 1300.0], [2108.75, 1300.0], [2108.5, 1300.0], [2108.25, 1300.0], [2108.0, 1300.0]], "asks": [[2114.25, 2700.0], [2114.75, 12924.0], [2115.0, 120.0], [2115.25, 1300.0], [2115.5, 1300.0], [2115.75, 1305.0], [2116.0, 1300.0], [2116.25, 1700.0], [2116.5, 1300.0], [2116.75, 24452.0], [2117.25, 1300.0], [2117.5, 1300.0], [2117.75, 106661.0], [2118.0, 44463.0], [2118.25, 1300.0], [2118.5, 46733.0], [2118.75, 1300.0], [2119.0, 1300.0], [2119.25, 1300.0], [2120.0, 5.0]]}}}
{"jsonrpc": "2.0", "method": "subscription", "params": {"channel": "book.ETH-7MAR25.none.20.100ms", "data": {"timestamp": 1741051701165, "change_id": 60719379962, "instrument_name": "ETH-7MAR25", "bids": [[2111.75, 10493.0], [2111.5, 3350.0], [2111.25, 10720.0], [2111.0, 36129.0], [2110.75, 50200.0], [2110.5, 5822.0], [2110.25, 15602.0], [2110.0, 6006.0], [2109.75, 5500.0], [2109.5, 17103.0], [2109.25, 51342.0], [2109.0, 1700.0], [2108.75, 1700.0], [2108.5, 1700.0], [2108.25, 1700.0], [2108.0, 1700.0], [2107.75, 2206.0], [2107.5, 2206.0], [2107.25, 2216.0], [2107.0, 1700.0]], "asks": [[2112.25, 3800.0], [2112.75, 10506.0], [2113.0, 2206.0], [2113.25, 1700.0], [2113.5, 506.0], [2113.75, 1700.0], [2114.0, 506.0], [2114.25, 16634.0], [2114.5, 49780.0], [2115.0, 506.0], [2115.25, 2206.0], [2115.5, 86539.0], [2115.75, 144618.0], [2116.0, 52092.0], [2117.0, 1700.0], [2117.25, 1700.0], [2117.5, 78827.0], [2117.75, 1700.0], [2118.0, 1700.0], [2118.25, 1700.0]]}}}
{"jsonrpc": "2.0", "method": "subscription", "params": {"channel": "book.ETH-14MAR25.none.20.100ms", "data": {"timestamp": 1741051701496, "change_id": 60719381459, "instrument_name": "ETH-14MAR25", "bids": [[2114.0, 7430.0], [2113.75, 10304.0], [2113.5, 4151.0], [2113.25, 9503.0], [2113.0, 6093.0], [2112.75, 10435.0], [2112.5, 8398.0], [2112.25, 18120.0], [2112.0, 3000.0], [2111.75, 3000.0], [2111.5, 1300.0], [2111.25, 1300.0], [2111.0, 1300.0], [2110.5, 1300.0], [2110.0, 1300.0], [2109.75, 1300.0], [2109.5, 500.0], [2109.0, 1300.0], [2108.75, 1300.0], [2108.5, 1300.0]], "asks": [[2114.75, 1267.0], [2115.0, 8086.0], [2115.25, 13000.0], [2115.5, 1420.0], [2115.75, 1305.0], [2116.0, 1300.0], [2116.25, 3000.0], [2116.5, 1300.0], [2116.75, 9735.0], [2117.25, 1300.0], [2117.5, 1300.0], [2117.75, 129813.0], [2118.25, 1300.0], [2118.5, 1300.0], [2118.75, 1300.0], [2119.0, 1300.0], [2119.25, 45763.0], [2120.0, 5.0], [2120.25, 45933.0], [2120.5, 1300.0]]}}}
{"jsonrpc": "2.0", "method": "subscription", "params": {"channel": "book.ETH-7MAR25.none.20.100ms", "data": {"timestamp": 1741051701475, "change_id": 60719381403, "instrument_name": "ETH-7MAR25", "bids": [[2112.25, 1077.0], [2112.0, 4306.0], [2111.75, 6088.0], [2111.5, 16277.0], [2111.25, 7087.0], [2111.0, 20408.0], [2110.75, 49694.0], [2110.5, 1700.0], [2110.25, 10152.0], [2110.0, 1700.0], [2109.75, 1700.0], [2109.5, 1700.0], [2109.25, 51342.0], [2109.0, 1700.0], [2108.75, 1700.0], [2108.5, 1700.0], [2108.25, 1700.0], [2108.0, 1700.0], [2107.75, 1700.0], [2107.5, 1700.0]], "asks": [[2113.25, 13800.0], [2113.5, 4306.0], [2113.75, 506.0], [2114.0, 1700.0], [2114.25, 4198.0], [2114.5, 8327.0], [2115.25, 1700.0], [2115.5, 50665.0], [2115.75, 178770.0], [2116.0, 1700.0], [2117.0, 1700.0], [2117.25, 1700.0], [2117.5, 52092.0], [2117.75, 1700.0], [2118.0, 1700.0], [2118.25, 1700.0], [2119.0, 40000.0], [2119.25, 1700.0], [2119.75, 17251.0], [2120.0, 78837.0]]}}}
{"jsonrpc": "2.0", "method": "subscription", "params": {"channel": "book.ETH-14MAR25.none.20.100ms", "data": {"timestamp": 1741051701791, "change_id": 60719382588, "instrument_name": "ETH-14MAR25", "bids": [[2114.0, 3082.0], [2113.75, 10304.0], [2113.5, 5028.0], [2113.25, 15445.0], [2113.0, 10739.0], [2112.75, 3304.0], [2112.5, 8094.0], [2112.25, 18120.0], [2112.0, 1300.0], [2111.75, 1300.0], [2111.5, 1300.0], [2111.25, 1300.0], [2111.0, 1300.0], [2110.5, 1300.0], [2110.0, 1300.0], [2109.75, 1300.0], [2109.5, 500.0], [2109.0, 1300.0], [2108.75, 1300.0], [2108.5, 1300.0]], "asks": [[2114.5, 1700.0], [2114.75, 2967.0], [2115.0, 7782.0], [2115.25, 13120.0], [2115.5, 1300.0], [2115.75, 1305.0], [2116.0, 1300.0], [2116.25, 4000.0], [2116.5, 1300.0], [2116.75, 9735.0], [2117.25, 1300.0], [2117.5, 16661.0], [2117.75, 114452.0], [2118.25, 1300.0], [2118.5, 1300.0], [2118.75, 1300.0], [2119.0, 1300.0], [2119.25, 45763.0], [2120.0, 5.0], [2120.25, 45933.0]]}}}
{"jsonrpc": "2.0", "method": "subscription", "params": {"channel": "book.ETH-7MAR25.none.20.100ms", "data": {"timestamp": 1741051701810, "change_id": 60719382616, "instrument_name": "ETH-7MAR25", "bids": [[2112.75, 1.0], [2112.0, 3800.0], [2111.75, 2206.0], [2111.5, 28996.0], [2111.25, 49694.0], [2111.0, 1700.0], [2110.75, 1700.0], [2110.5, 1700.0], [2110.25, 10152.0], [2110.0, 53042.0], [2109.75, 1700.0], [2109.5, 1700.0], [2109.0, 1700.0], [2108.75, 1700.0], [2108.5, 2206.0], [2108.25, 1700.0], [2108.0, 1700.0], [2107.75, 1700.0], [2107.5, 1700.0], [2107.25, 1710.0]], "asks": [[2113.0, 13800.0], [2113.25, 9508.0], [2113.5, 5500.0], [2114.0, 1700.0], [2114.25, 1700.0], [2114.5, 8327.0], [2115.25, 1700.0], [2115.5, 1700.0], [2115.75, 141490.0], [2116.0, 1700.0], [2117.0, 87945.0], [2117.25, 1700.0], [2117.5, 52092.0], [2117.75, 1700.0], [2118.0, 1700.0], [2118.25, 1700.0], [2119.0, 40000.0], [2119.25, 1700.0], [2119.75, 17251.0], [2120.0, 78837.0]]}}}
